<?xml version="1.0" encoding="UTF-8"?>
<!DOCTYPE html PUBLIC "-//W3C//DTD XHTML 1.0 Transitional//EN"
    "http://www.w3.org/TR/xhtml1/DTD/xhtml1-transitional.dtd">
<html xmlns="http://www.w3.org/1999/xhtml" xml:lang="en" lang="en">
 <head>
  <title>
</title>
<meta http-equiv="Content-Type" content="text/html;charset=utf-8" />
  <meta name='ocr-system' content='tesseract 3.04.00' />
  <meta name='ocr-capabilities' content='ocr_page ocr_carea ocr_par ocr_line ocrx_word'/>
</head>
<body>
  <div class='ocr_page' id='page_1' title='image "./bullariumordinis04cath_0162.png"; bbox 0 0 2658 4256; ppageno 0'>
   <div class='ocr_carea' id='block_1_1' title="bbox 386 266 565 355">
    <p class='ocr_par' dir='ltr' id='par_1_1' title="bbox 386 266 565 355">
     <span class='ocr_line' id='line_1_1' title="bbox 386 266 565 355; baseline -0.006 0"><span class='ocrx_word' id='word_1_1' title='bbox 386 266 565 355; x_wconf 76' lang='lat'>³134</span> 
     </span>
    </p>
   </div>
   <div class='ocr_carea' id='block_1_2' title="bbox 329 370 1325 599">
    <p class='ocr_par' dir='ltr' id='par_1_2' title="bbox 329 370 1325 551">
     <span class='ocr_line' id='line_1_2' title="bbox 330 370 1324 432; baseline -0.007 -9"><span class='ocrx_word' id='word_1_2' title='bbox 330 379 496 423; x_wconf 87' lang='lat' dir='ltr'>Ordinis</span> <span class='ocrx_word' id='word_1_3' title='bbox 522 371 693 432; x_wconf 68' lang='lat' dir='ltr'>praedicti</span> <span class='ocrx_word' id='word_1_4' title='bbox 718 371 824 414; x_wconf 84' lang='lat' dir='ltr'>circa</span> <span class='ocrx_word' id='word_1_5' title='bbox 845 370 1068 430; x_wconf 86' lang='lat' dir='ltr'>hujusmodi</span> <span class='ocrx_word' id='word_1_6' title='bbox 1094 385 1324 416; x_wconf 84' lang='lat' dir='ltr'>novorum..</span> 
     </span>
     <span class='ocr_line' id='line_1_3' title="bbox 329 429 1325 486; baseline -0.009 -4"><span class='ocrx_word' id='word_1_7' title='bbox 329 443 613 482; x_wconf 83' lang='lat' dir='ltr'>Conventuurn</span> <span class='ocrx_word' id='word_1_8' title='bbox 654 429 943 486; x_wconf 78' lang='lat' dir='ltr'>Religiosorum</span> <span class='ocrx_word' id='word_1_9' title='bbox 974 431 1194 473; x_wconf 64' lang='lat' dir='ltr'>erectiones</span> <span class='ocrx_word' id='word_1_10' title='bbox 1226 444 1325 486; x_wconf 85' lang='lat' dir='ltr'>prae-</span> 
     </span>
     <span class='ocr_line' id='line_1_4' title="bbox 330 489 1076 551; baseline -0.012 -11"><span class='ocrx_word' id='word_1_11' title='bbox 330 497 475 551; x_wconf 79' lang='lat' dir='ltr'>stripta</span> <span class='ocrx_word' id='word_1_12' title='bbox 494 494 580 537; x_wconf 90' lang='lat' dir='ltr'>sunt</span> <span class='ocrx_word' id='word_1_13' title='bbox 598 518 612 541; x_wconf 80' lang='lat'><strong>,</strong></span> <span class='ocrx_word' id='word_1_14' title='bbox 643 489 829 545; x_wconf 70' lang='lat' dir='ltr'>religiose</span> <span class='ocrx_word' id='word_1_15' title='bbox 847 491 1049 533; x_wconf 83' lang='lat' dir='ltr'>serventur</span> <span class='ocrx_word' id='word_1_16' title='bbox 1064 517 1076 531; x_wconf 88' lang='grc'><strong><em>.</em></strong></span> 
     </span>
    </p>

    <p class='ocr_par' dir='ltr' id='par_1_3' title="bbox 388 548 875 599">
     <span class='ocr_line' id='line_1_5' title="bbox 388 548 875 599; baseline -0.014 -1"><span class='ocrx_word' id='word_1_17' title='bbox 388 558 528 599; x_wconf 79' lang='lat' dir='ltr'>Romae</span> <span class='ocrx_word' id='word_1_18' title='bbox 561 562 624 592; x_wconf 87' lang='lat'>10.</span> <span class='ocrx_word' id='word_1_19' title='bbox 640 548 737 591; x_wconf 89' lang='lat' dir='ltr'>Maii</span> <span class='ocrx_word' id='word_1_20' title='bbox 758 550 875 599; x_wconf 84' lang='lat'>1675.</span> 
     </span>
    </p>
   </div>
   <div class='ocr_carea' id='block_1_3' title="bbox 669 712 1212 758">
    <p class='ocr_par' dir='ltr' id='par_1_4' title="bbox 669 712 1212 758">
     <span class='ocr_line' id='line_1_6' title="bbox 669 712 1212 758; baseline -0.009 0"><span class='ocrx_word' id='word_1_21' title='bbox 669 715 728 758; x_wconf 85' lang='lat' dir='ltr'>M.</span> <span class='ocrx_word' id='word_1_22' title='bbox 739 712 966 756; x_wconf 82' lang='lat' dir='ltr'>Cardinalis</span> <span class='ocrx_word' id='word_1_23' title='bbox 980 713 1212 757; x_wconf 89' lang='lat' dir='ltr'>Ginnettus.</span> 
     </span>
    </p>
   </div>
   <div class='ocr_carea' id='block_1_4' title="bbox 383 884 1329 1008">
    <p class='ocr_par' dir='ltr' id='par_1_5' title="bbox 383 884 1329 1008">
     <span class='ocr_line' id='line_1_7' title="bbox 383 884 1329 1008; baseline -0.01 -73"><span class='ocrx_word' id='word_1_24' title='bbox 383 895 552 1008; x_wconf 36' lang='lat' dir='ltr'>Aust-of.</span> <span class='ocrx_word' id='word_1_25' title='bbox 579 887 622 931; x_wconf 83' lang='lat' dir='ltr'>in</span> <span class='ocrx_word' id='word_1_26' title='bbox 646 888 814 933; x_wconf 73' lang='lat' dir='ltr'>Archivo</span> <span class='ocrx_word' id='word_1_27' title='bbox 844 891 986 932; x_wconf 81' lang='lat' dir='ltr'>secret.</span> <span class='ocrx_word' id='word_1_28' title='bbox 1002 892 1186 944; x_wconf 74' lang='lat' dir='ltr'>congreg.</span> <span class='ocrx_word' id='word_1_29' title='bbox 1202 884 1329 943; x_wconf 61' lang='lat' dir='ltr'>ssraed.</span> 
     </span>
     <span class='ocr_line' id='line_1_8' title="bbox 463 961 596 1003; baseline -0.015 -13"><span class='ocrx_word' id='word_1_30' title='bbox 463 964 482 990; x_wconf 84' lang='lat' dir='ltr'>o</span> <span class='ocrx_word' id='word_1_31' title='bbox 500 977 511 989; x_wconf 85' lang='lat'><strong>.</strong></span> <span class='ocrx_word' id='word_1_32' title='bbox 527 961 549 999; x_wconf 93' lang='lat'><em>7</em></span> <span class='ocrx_word' id='word_1_33' title='bbox 555 962 596 1003; x_wconf 85' lang='lat'>3.</span> 
     </span>
    </p>
   </div>
   <div class='ocr_carea' id='block_1_5' title="bbox 789 1084 1135 1099">
    <p class='ocr_par' dir='ltr' id='par_1_6' title="bbox 789 1084 1135 1099">
     <span class='ocr_line' id='line_1_9' title="bbox 789 1084 1135 1099; baseline 0 3157"><span class='ocrx_word' id='word_1_34' title='bbox 789 1084 1135 1099; x_wconf 95' lang='lat' dir='ltr'> </span> 
     </span>
    </p>
   </div>
   <div class='ocr_carea' id='block_1_6' title="bbox 448 1085 788 1103">
    <p class='ocr_par' dir='ltr' id='par_1_7' title="bbox 448 1085 788 1103">
     <span class='ocr_line' id='line_1_10' title="bbox 448 1085 788 1103; baseline 0 3153"><span class='ocrx_word' id='word_1_35' title='bbox 448 1085 788 1103; x_wconf 95' lang='lat' dir='ltr'> </span> 
     </span>
    </p>
   </div>
   <div class='ocr_carea' id='block_1_7' title="bbox 329 1226 1328 1511">
    <p class='ocr_par' dir='ltr' id='par_1_8' title="bbox 329 1226 1328 1511">
     <span class='ocr_line' id='line_1_11' title="bbox 329 1226 1326 1286; baseline -0.007 -3"><span class='ocrx_word' id='word_1_36' title='bbox 329 1232 614 1283; x_wconf 77' lang='lat' dir='ltr'>Fr.Gabrieli</span> <span class='ocrx_word' id='word_1_37' title='bbox 632 1226 1167 1286; x_wconf 85' lang='lat' dir='ltr'>Clusinenfi,Elisabethae</span> <span class='ocrx_word' id='word_1_38' title='bbox 1189 1231 1326 1277; x_wconf 85' lang='lat' dir='ltr'>Ama-</span> 
     </span>
     <span class='ocr_line' id='line_1_12' title="bbox 394 1295 1328 1369; baseline -0.006 -17"><span class='ocrx_word' id='word_1_39' title='bbox 394 1305 463 1352; x_wconf 82' lang='lat' dir='ltr'>liae</span> <span class='ocrx_word' id='word_1_40' title='bbox 494 1301 804 1369; x_wconf 81' lang='lat' dir='ltr'>Magdalenae,</span> <span class='ocrx_word' id='word_1_41' title='bbox 840 1295 1105 1366; x_wconf 77' lang='lat' dir='ltr'>Principiffae</span> <span class='ocrx_word' id='word_1_42' title='bbox 1142 1299 1328 1347; x_wconf 63' lang='lat' dir='ltr'>Eleati-</span> 
     </span>
     <span class='ocr_line' id='line_1_13' title="bbox 395 1365 1326 1427; baseline -0.006 -5"><span class='ocrx_word' id='word_1_43' title='bbox 395 1370 720 1424; x_wconf 78' lang='lat' dir='ltr'>cis&amp;c.viduae</span> <span class='ocrx_word' id='word_1_44' title='bbox 738 1373 764 1419; x_wconf 73' lang='grc' dir='ltr'>ὲ</span> <span class='ocrx_word' id='word_1_45' title='bbox 784 1371 927 1420; x_wconf 84' lang='lat' dir='ltr'>Sacris</span> <span class='ocrx_word' id='word_1_46' title='bbox 944 1365 1326 1427; x_wconf 81' lang='lat' dir='ltr'>Confeffionibus,</span> 
     </span>
     <span class='ocr_line' id='line_1_14' title="bbox 391 1440 1098 1511; baseline -0.006 -19"><span class='ocrx_word' id='word_1_47' title='bbox 391 1445 517 1493; x_wconf 83' lang='lat' dir='ltr'>varia</span> <span class='ocrx_word' id='word_1_48' title='bbox 544 1442 783 1511; x_wconf 80' lang='lat' dir='ltr'>privilegia</span> <span class='ocrx_word' id='word_1_49' title='bbox 813 1440 1098 1508; x_wconf 85' lang='lat' dir='ltr'>impertitur.</span> 
     </span>
    </p>
   </div>
   <div class='ocr_carea' id='block_1_8' title="bbox 322 1611 1326 1789">
    <p class='ocr_par' dir='ltr' id='par_1_9' title="bbox 322 1611 1326 1789">
     <span class='ocr_line' id='line_1_15' title="bbox 322 1611 1326 1672; baseline -0.005 -11"><span class='ocrx_word' id='word_1_50' title='bbox 322 1617 365 1661; x_wconf 71' lang='lat' dir='ltr'>‘A</span> <span class='ocrx_word' id='word_1_51' title='bbox 381 1623 522 1672; x_wconf 81' lang='lat' dir='ltr'>tergo:</span> <span class='ocrx_word' id='word_1_52' title='bbox 546 1615 697 1658; x_wconf 63' lang='lat' dir='ltr'>Dilebto</span> <span class='ocrx_word' id='word_1_53' title='bbox 715 1614 1013 1665; x_wconf 73' lang='lat' dir='ltr'>Filio‚Gabr1·eli</span> <span class='ocrx_word' id='word_1_54' title='bbox 1028 1611 1237 1671; x_wconf 76' lang='lat' dir='ltr'>clusinensi</span> <span class='ocrx_word' id='word_1_55' title='bbox 1248 1616 1326 1656; x_wconf 84' lang='lat' dir='ltr'>Or-</span> 
     </span>
     <span class='ocr_line' id='line_1_16' title="bbox 435 1672 1211 1729; baseline -0.005 -11"><span class='ocrx_word' id='word_1_56' title='bbox 435 1676 536 1719; x_wconf 70' lang='lat' dir='ltr'>dmi:</span> <span class='ocrx_word' id='word_1_57' title='bbox 559 1678 643 1719; x_wconf 82' lang='lat' dir='ltr'>FF.</span> <span class='ocrx_word' id='word_1_58' title='bbox 657 1677 859 1718; x_wconf 81' lang='lat' dir='ltr'>Minorum</span> <span class='ocrx_word' id='word_1_59' title='bbox 881 1672 1128 1729; x_wconf 55' lang='lat' dir='ltr'>&amp;Fe-ancisa</span> <span class='ocrx_word' id='word_1_60' title='bbox 1137 1675 1211 1716; x_wconf 90' lang='lat' dir='ltr'>Ca-</span> 
     </span>
     <span class='ocr_line' id='line_1_17' title="bbox 549 1739 1103 1789; baseline -0.007 -13"><span class='ocrx_word' id='word_1_61' title='bbox 549 1739 778 1789; x_wconf 76' lang='lat' dir='ltr'>pucinorum</span> <span class='ocrx_word' id='word_1_62' title='bbox 795 1742 1103 1788; x_wconf 83' lang='lat' dir='ltr'><em>nuncupatorum</em></span> 
     </span>
    </p>
   </div>
   <div class='ocr_carea' id='block_1_9' title="bbox 325 1792 1323 2015">
    <p class='ocr_par' dir='ltr' id='par_1_10' title="bbox 325 1792 1323 2015">
     <span class='ocr_line' id='line_1_18' title="bbox 715 1792 946 1852; baseline 0 -19"><span class='ocrx_word' id='word_1_63' title='bbox 715 1792 946 1852; x_wconf 75' lang='lat' dir='ltr'>Profifflri.</span> 
     </span>
     <span class='ocr_line' id='line_1_19' title="bbox 325 1956 1323 2015; baseline 0 -9"><span class='ocrx_word' id='word_1_64' title='bbox 325 1959 951 2015; x_wconf 81' lang='lat' dir='ltr'>ALEXANDER</span> <span class='ocrx_word' id='word_1_65' title='bbox 1024 1957 1129 2006; x_wconf 84' lang='lat' dir='ltr'>PP·</span> <span class='ocrx_word' id='word_1_66' title='bbox 1173 1956 1323 2006; x_wconf 82' lang='lat' dir='ltr'>VIII.</span> 
     </span>
    </p>
   </div>
   <div class='ocr_carea' id='block_1_10' title="bbox 336 2109 1241 2236">
    <p class='ocr_par' dir='ltr' id='par_1_11' title="bbox 336 2109 1241 2236">
     <span class='ocr_line' id='line_1_20' title="bbox 336 2109 1241 2190; baseline -0.003 -13"><span class='ocrx_word' id='word_1_67' title='bbox 336 2109 344 2117; x_wconf 73' lang='grc'>’</span> <span class='ocrx_word' id='word_1_68' title='bbox 410 2131 565 2177; x_wconf 65' lang='lat' dir='ltr'>Ditem</span> <span class='ocrx_word' id='word_1_69' title='bbox 590 2134 673 2178; x_wconf 70' lang='lat' dir='ltr'>m·</span> <span class='ocrx_word' id='word_1_70' title='bbox 684 2134 889 2190; x_wconf 64' lang='lat' dir='ltr'>firmem,</span> <span class='ocrx_word' id='word_1_71' title='bbox 922 2135 970 2183; x_wconf 73' lang='lat' dir='ltr'>o·</span> <span class='ocrx_word' id='word_1_72' title='bbox 987 2131 1241 2189; x_wconf 74' lang='lat' dir='ltr'>apostolicam</span> 
     </span>
     <span class='ocr_line' id='line_1_21' title="bbox 669 2194 989 2236; baseline -0.003 -2"><span class='ocrx_word' id='word_1_73' title='bbox 669 2194 989 2236; x_wconf 68' lang='lat' dir='ltr'>Beneaibtionem.</span> 
     </span>
    </p>
   </div>
   <div class='ocr_carea' id='block_1_11' title="bbox 288 2350 1325 2935">
    <p class='ocr_par' dir='ltr' id='par_1_12' title="bbox 445 2350 1325 2472">
     <span class='ocr_line' id='line_1_22' title="bbox 445 2350 1325 2410; baseline 0 -15"><span class='ocrx_word' id='word_1_74' title='bbox 445 2350 639 2410; x_wconf 79' lang='lat' dir='ltr'>Eligionis</span> <span class='ocrx_word' id='word_1_75' title='bbox 655 2357 785 2410; x_wconf 83' lang='lat' dir='ltr'>zelus,</span> <span class='ocrx_word' id='word_1_76' title='bbox 800 2357 891 2400; x_wconf 85' lang='lat' dir='ltr'>vitae</span> <span class='ocrx_word' id='word_1_77' title='bbox 907 2359 943 2398; x_wconf 88' lang='lat'>&amp;</span> <span class='ocrx_word' id='word_1_78' title='bbox 962 2370 1115 2400; x_wconf 87' lang='lat' dir='ltr'>morum</span> <span class='ocrx_word' id='word_1_79' title='bbox 1129 2353 1325 2405; x_wconf 80' lang='lat' dir='ltr'>honestas,</span> 
     </span>
     <span class='ocr_line' id='line_1_23' title="bbox 473 2413 1324 2472; baseline 0 -18"><span class='ocrx_word' id='word_1_80' title='bbox 473 2413 595 2467; x_wconf 77' lang='lat' dir='ltr'>aliaq3</span> <span class='ocrx_word' id='word_1_81' title='bbox 615 2414 776 2469; x_wconf 16' lang='lat' dir='ltr'>infignpia</span> <span class='ocrx_word' id='word_1_82' title='bbox 806 2416 1005 2458; x_wconf 77' lang='lat' dir='ltr'>virtutum</span> <span class='ocrx_word' id='word_1_83' title='bbox 1024 2417 1155 2470; x_wconf 81' lang='lat' dir='ltr'>dona,</span> <span class='ocrx_word' id='word_1_84' title='bbox 1179 2415 1324 2472; x_wconf 88' lang='lat' dir='ltr'>quibus</span> 
     </span>
    </p>

    <p class='ocr_par' dir='ltr' id='par_1_13' title="bbox 288 2470 1325 2935">
     <span class='ocr_line' id='line_1_24' title="bbox 317 2470 1325 2524; baseline -0.001 -12"><span class='ocrx_word' id='word_1_85' title='bbox 317 2477 426 2522; x_wconf 69' lang='lat' dir='ltr'>apud</span> <span class='ocrx_word' id='word_1_86' title='bbox 445 2471 529 2512; x_wconf 83' lang='lat' dir='ltr'>Nos</span> <span class='ocrx_word' id='word_1_87' title='bbox 545 2470 667 2524; x_wconf 75' lang='lat' dir='ltr'>digno</span> <span class='ocrx_word' id='word_1_88' title='bbox 682 2471 939 2515; x_wconf 77' lang='lat' dir='ltr'>coffieudaris</span> <span class='ocrx_word' id='word_1_89' title='bbox 954 2474 1180 2516; x_wconf 82' lang='lat' dir='ltr'>testimonio</span> <span class='ocrx_word' id='word_1_90' title='bbox 1193 2503 1207 2523; x_wconf 85' lang='lat'>‚</span> <span class='ocrx_word' id='word_1_91' title='bbox 1242 2475 1325 2513; x_wconf 89' lang='lat' dir='ltr'>Nos</span> 
     </span>
     <span class='ocr_line' id='line_1_25' title="bbox 321 2527 1323 2586; baseline 0 -17"><span class='ocrx_word' id='word_1_92' title='bbox 321 2529 650 2577; x_wconf 67' lang='lat' dir='ltr'>inducunt2utTe</span> <span class='ocrx_word' id='word_1_93' title='bbox 666 2527 849 2584; x_wconf 82' lang='lat' dir='ltr'>fingulari</span> <span class='ocrx_word' id='word_1_94' title='bbox 864 2542 1036 2586; x_wconf 72' lang='lat' dir='ltr'>paternae</span> <span class='ocrx_word' id='word_1_95' title='bbox 1050 2532 1253 2573; x_wconf 89' lang='lat' dir='ltr'>charitatis</span> <span class='ocrx_word' id='word_1_96' title='bbox 1269 2528 1323 2569; x_wconf 83' lang='lat' dir='ltr'>af-</span> 
     </span>
     <span class='ocr_line' id='line_1_26' title="bbox 319 2584 1325 2644; baseline 0.003 -18"><span class='ocrx_word' id='word_1_97' title='bbox 319 2584 425 2627; x_wconf 63' lang='lat' dir='ltr'>feetu</span> <span class='ocrx_word' id='word_1_98' title='bbox 445 2585 749 2640; x_wconf 83' lang='lat' dir='ltr'>prosequamur.</span> <span class='ocrx_word' id='word_1_99' title='bbox 779 2592 920 2642; x_wconf 81' lang='lat' dir='ltr'>Nuper</span> <span class='ocrx_word' id='word_1_100' title='bbox 938 2588 1129 2644; x_wconf 77' lang='lat' dir='ltr'>siquidem</span> <span class='ocrx_word' id='word_1_101' title='bbox 1146 2602 1218 2640; x_wconf 90' lang='lat' dir='ltr'>pro</span> <span class='ocrx_word' id='word_1_102' title='bbox 1235 2602 1325 2642; x_wconf 84' lang='lat' dir='ltr'>par-</span> 
     </span>
     <span class='ocr_line' id='line_1_27' title="bbox 319 2643 1324 2695; baseline 0 -9"><span class='ocrx_word' id='word_1_103' title='bbox 319 2652 363 2686; x_wconf 79' lang='lat' dir='ltr'>te</span> <span class='ocrx_word' id='word_1_104' title='bbox 377 2643 525 2686; x_wconf 67' lang='lat' dir='ltr'>dileetae</span> <span class='ocrx_word' id='word_1_105' title='bbox 550 2644 587 2684; x_wconf 85' lang='lat' dir='ltr'>in</span> <span class='ocrx_word' id='word_1_106' title='bbox 599 2645 762 2688; x_wconf 87' lang='lat' dir='ltr'>Christo</span> <span class='ocrx_word' id='word_1_107' title='bbox 780 2646 884 2689; x_wconf 79' lang='lat' dir='ltr'>Filiae</span> <span class='ocrx_word' id='word_1_108' title='bbox 898 2673 911 2695; x_wconf 85' lang='lat'>,</span> <span class='ocrx_word' id='word_1_109' title='bbox 941 2647 1102 2689; x_wconf 85' lang='lat' dir='ltr'>Nobilis</span> <span class='ocrx_word' id='word_1_110' title='bbox 1117 2647 1296 2690; x_wconf 87' lang='lat' dir='ltr'>mulieris</span> <span class='ocrx_word' id='word_1_111' title='bbox 1308 2672 1324 2693; x_wconf 65' lang='lat'>2</span> 
     </span>
     <span class='ocr_line' id='line_1_28' title="bbox 317 2701 1319 2760; baseline 0.001 -15"><span class='ocrx_word' id='word_1_112' title='bbox 317 2701 558 2745; x_wconf 83' lang='lat' dir='ltr'>Elisabethae</span> <span class='ocrx_word' id='word_1_113' title='bbox 574 2702 734 2744; x_wconf 83' lang='lat' dir='ltr'>Amaliae</span> <span class='ocrx_word' id='word_1_114' title='bbox 751 2704 993 2760; x_wconf 76' lang='lat' dir='ltr'>Magdalenae</span> <span class='ocrx_word' id='word_1_115' title='bbox 1014 2707 1081 2748; x_wconf 85' lang='lat' dir='ltr'>bo:</span> <span class='ocrx_word' id='word_1_116' title='bbox 1098 2720 1210 2748; x_wconf 89' lang='lat' dir='ltr'>mem·</span> <span class='ocrx_word' id='word_1_117' title='bbox 1231 2705 1319 2747; x_wconf 83' lang='lat' dir='ltr'>Phi-</span> 
     </span>
     <span class='ocr_line' id='line_1_29' title="bbox 316 2759 1321 2814; baseline 0.004 -14"><span class='ocrx_word' id='word_1_118' title='bbox 316 2759 416 2814; x_wconf 76' lang='lat' dir='ltr'>lippi</span> <span class='ocrx_word' id='word_1_119' title='bbox 435 2759 642 2802; x_wconf 81' lang='lat' dir='ltr'>Wilhelmi</span> <span class='ocrx_word' id='word_1_120' title='bbox 659 2787 673 2809; x_wconf 80' lang='lat'>‚</span> <span class='ocrx_word' id='word_1_121' title='bbox 700 2760 796 2803; x_wconf 89' lang='lat' dir='ltr'>dum</span> <span class='ocrx_word' id='word_1_122' title='bbox 815 2764 914 2805; x_wconf 86' lang='lat' dir='ltr'>vixit</span> <span class='ocrx_word' id='word_1_123' title='bbox 928 2791 942 2812; x_wconf 65' lang='lat' dir='ltr'>a</span> <span class='ocrx_word' id='word_1_124' title='bbox 957 2766 1134 2806; x_wconf 88' lang='lat' dir='ltr'>Comitis</span> <span class='ocrx_word' id='word_1_125' title='bbox 1155 2762 1321 2806; x_wconf 77' lang='lat' dir='ltr'>Palatini</span> 
     </span>
     <span class='ocr_line' id='line_1_30' title="bbox 320 2816 1322 2878; baseline 0.002 -18"><span class='ocrx_word' id='word_1_126' title='bbox 320 2819 490 2867; x_wconf 83' lang='lat' dir='ltr'>Rheni,</span> <span class='ocrx_word' id='word_1_127' title='bbox 514 2830 558 2858; x_wconf 89' lang='lat' dir='ltr'>ac</span> <span class='ocrx_word' id='word_1_128' title='bbox 576 2816 701 2860; x_wconf 82' lang='lat' dir='ltr'>s.R.1.</span> <span class='ocrx_word' id='word_1_129' title='bbox 721 2821 915 2875; x_wconf 83' lang='lat' dir='ltr'>Principis</span> <span class='ocrx_word' id='word_1_130' title='bbox 933 2821 1125 2864; x_wconf 65' lang='lat' dir='ltr'>Eleetoris</span> <span class='ocrx_word' id='word_1_131' title='bbox 1143 2820 1322 2878; x_wconf 89' lang='lat' dir='ltr'>Heydel-</span> 
     </span>
     <span class='ocr_line' id='line_1_31' title="bbox 288 2874 1321 2935; baseline 0 -16"><span class='ocrx_word' id='word_1_132' title='bbox 288 2895 293 2902; x_wconf 88' lang='lat'>·</span> <span class='ocrx_word' id='word_1_133' title='bbox 320 2875 549 2929; x_wconf 73' lang='lat' dir='ltr'>bergensis,</span> <span class='ocrx_word' id='word_1_134' title='bbox 573 2874 717 2917; x_wconf 64' lang='lat' dir='ltr'>reluftae</span> <span class='ocrx_word' id='word_1_135' title='bbox 747 2878 914 2928; x_wconf 84' lang='lat' dir='ltr'>Viduae,</span> <span class='ocrx_word' id='word_1_136' title='bbox 949 2881 1077 2921; x_wconf 83' lang='lat' dir='ltr'>Nobis</span> <span class='ocrx_word' id='word_1_137' title='bbox 1103 2882 1321 2935; x_wconf 84' lang='lat' dir='ltr'>expositum</span> 
     </span>
    </p>
   </div>
   <div class='ocr_carea' id='block_1_12' title="bbox 252 2932 1324 2992">
    <p class='ocr_par' dir='ltr' id='par_1_14' title="bbox 252 2932 1324 2992">
     <span class='ocr_line' id='line_1_32' title="bbox 252 2932 1324 2992; baseline 0.005 -20"><span class='ocrx_word' id='word_1_138' title='bbox 252 2943 255 2950; x_wconf 74' lang='lat'><em>&#39;</em></span> <span class='ocrx_word' id='word_1_139' title='bbox 322 2932 401 2976; x_wconf 84' lang='lat' dir='ltr'>fuit</span> <span class='ocrx_word' id='word_1_140' title='bbox 417 2933 655 2988; x_wconf 62' lang='lat' dir='ltr'>,quod2cum</span> <span class='ocrx_word' id='word_1_141' title='bbox 681 2937 734 2975; x_wconf 73' lang='lat' dir='ltr'>su</span> <span class='ocrx_word' id='word_1_142' title='bbox 749 2964 762 2986; x_wconf 83' lang='lat'>,</span> <span class='ocrx_word' id='word_1_143' title='bbox 778 2936 844 2992; x_wconf 88' lang='lat' dir='ltr'>qui</span> <span class='ocrx_word' id='word_1_144' title='bbox 863 2939 1006 2978; x_wconf 82' lang='lat' dir='ltr'>Frater</span> <span class='ocrx_word' id='word_1_145' title='bbox 1019 2937 1205 2992; x_wconf 72' lang='lat' dir='ltr'>expresse</span> <span class='ocrx_word' id='word_1_146' title='bbox 1222 2942 1324 2980; x_wconf 82' lang='lat' dir='ltr'>Pro-</span> 
     </span>
    </p>
   </div>
   <div class='ocr_carea' id='block_1_13' title="bbox 315 2989 1330 3874">
    <p class='ocr_par' dir='ltr' id='par_1_15' title="bbox 315 2989 1330 3874">
     <span class='ocr_line' id='line_1_33' title="bbox 318 2989 1323 3048; baseline 0.001 -14"><span class='ocrx_word' id='word_1_147' title='bbox 318 2989 435 3035; x_wconf 79' lang='lat' dir='ltr'>feffus</span> <span class='ocrx_word' id='word_1_148' title='bbox 464 2991 684 3033; x_wconf 86' lang='lat' dir='ltr'>Provinciae</span> <span class='ocrx_word' id='word_1_149' title='bbox 701 2995 929 3048; x_wconf 82' lang='lat' dir='ltr'>Tyrolensis</span> <span class='ocrx_word' id='word_1_150' title='bbox 953 2997 1120 3037; x_wconf 82' lang='lat' dir='ltr'>Ordinis</span> <span class='ocrx_word' id='word_1_151' title='bbox 1142 2998 1323 3038; x_wconf 81' lang='lat' dir='ltr'>Fratrum</span> 
     </span>
     <span class='ocr_line' id='line_1_34' title="bbox 319 3050 1326 3108; baseline 0.005 -17"><span class='ocrx_word' id='word_1_152' title='bbox 319 3050 527 3094; x_wconf 86' lang='lat' dir='ltr'>Minorum</span> <span class='ocrx_word' id='word_1_153' title='bbox 557 3054 597 3092; x_wconf 86' lang='lat' dir='ltr'>S·</span> <span class='ocrx_word' id='word_1_154' title='bbox 618 3051 815 3093; x_wconf 73' lang='lat' dir='ltr'>francisci</span> <span class='ocrx_word' id='word_1_155' title='bbox 842 3054 1141 3108; x_wconf 80' lang='lat' dir='ltr'>Capucinorurn</span> <span class='ocrx_word' id='word_1_156' title='bbox 1171 3068 1326 3096; x_wconf 87' lang='lat' dir='ltr'>nuncu-</span> 
     </span>
     <span class='ocr_line' id='line_1_35' title="bbox 317 3107 1327 3167; baseline 0.004 -17"><span class='ocrx_word' id='word_1_157' title='bbox 317 3119 535 3166; x_wconf 77' lang='lat' dir='ltr'>patorum,</span> <span class='ocrx_word' id='word_1_158' title='bbox 560 3120 606 3148; x_wconf 81' lang='lat' dir='ltr'>ac</span> <span class='ocrx_word' id='word_1_159' title='bbox 632 3107 671 3149; x_wconf 91' lang='lat' dir='ltr'>in</span> <span class='ocrx_word' id='word_1_160' title='bbox 699 3114 822 3152; x_wconf 85' lang='lat' dir='ltr'>Sacro</span> <span class='ocrx_word' id='word_1_161' title='bbox 850 3110 1156 3167; x_wconf 69' lang='lat' dir='ltr'>presbyteratus</span> <span class='ocrx_word' id='word_1_162' title='bbox 1170 3113 1327 3154; x_wconf 82' lang='lat' dir='ltr'>Ordine</span> 
     </span>
     <span class='ocr_line' id='line_1_36' title="bbox 319 3166 1327 3216; baseline 0.002 -7"><span class='ocrx_word' id='word_1_163' title='bbox 319 3166 556 3209; x_wconf 76' lang='lat' dir='ltr'>constitutus</span> <span class='ocrx_word' id='word_1_164' title='bbox 579 3194 594 3216; x_wconf 85' lang='lat'>,</span> <span class='ocrx_word' id='word_1_165' title='bbox 626 3180 697 3209; x_wconf 92' lang='lat' dir='ltr'>nec</span> <span class='ocrx_word' id='word_1_166' title='bbox 729 3182 807 3210; x_wconf 92' lang='lat' dir='ltr'>non</span> <span class='ocrx_word' id='word_1_167' title='bbox 837 3171 946 3212; x_wconf 90' lang='lat' dir='ltr'>verbi</span> <span class='ocrx_word' id='word_1_168' title='bbox 978 3172 1050 3213; x_wconf 88' lang='lat' dir='ltr'>Dei</span> <span class='ocrx_word' id='word_1_169' title='bbox 1084 3173 1327 3213; x_wconf 68' lang='lat' dir='ltr'>Praedicator</span> 
     </span>
     <span class='ocr_line' id='line_1_37' title="bbox 320 3224 1330 3285; baseline 0.001 -18"><span class='ocrx_word' id='word_1_170' title='bbox 320 3224 449 3267; x_wconf 79' lang='lat' dir='ltr'>existis</span> <span class='ocrx_word' id='word_1_171' title='bbox 467 3253 480 3273; x_wconf 85' lang='lat'>,</span> <span class='ocrx_word' id='word_1_172' title='bbox 507 3226 670 3266; x_wconf 86' lang='lat' dir='ltr'>verbum</span> <span class='ocrx_word' id='word_1_173' title='bbox 698 3228 772 3268; x_wconf 90' lang='lat' dir='ltr'>Dei</span> <span class='ocrx_word' id='word_1_174' title='bbox 791 3228 1014 3281; x_wconf 82' lang='lat' dir='ltr'>hujusmodi</span> <span class='ocrx_word' id='word_1_175' title='bbox 1038 3231 1079 3271; x_wconf 92' lang='lat' dir='ltr'>in</span> <span class='ocrx_word' id='word_1_176' title='bbox 1097 3230 1330 3285; x_wconf 74' lang='lat' dir='ltr'>Augustanae</span> 
     </span>
     <span class='ocr_line' id='line_1_38' title="bbox 322 3281 1327 3339; baseline 0.005 -14"><span class='ocrx_word' id='word_1_177' title='bbox 322 3285 363 3325; x_wconf 84' lang='lat'>&amp;</span> <span class='ocrx_word' id='word_1_178' title='bbox 390 3281 735 3339; x_wconf 84' lang='lat' dir='ltr'>Heydelbergensi</span> <span class='ocrx_word' id='word_1_179' title='bbox 760 3286 1006 3328; x_wconf 87' lang='lat' dir='ltr'>Civitatibus</span> <span class='ocrx_word' id='word_1_180' title='bbox 1028 3289 1133 3331; x_wconf 89' lang='lat' dir='ltr'>inter</span> <span class='ocrx_word' id='word_1_181' title='bbox 1158 3298 1219 3329; x_wconf 87' lang='lat' dir='ltr'>tot</span> <span class='ocrx_word' id='word_1_182' title='bbox 1249 3288 1327 3330; x_wconf 86' lang='lat' dir='ltr'>hae-</span> 
     </span>
     <span class='ocr_line' id='line_1_39' title="bbox 319 3344 1326 3400; baseline 0.003 -16"><span class='ocrx_word' id='word_1_183' title='bbox 319 3344 470 3384; x_wconf 73' lang='lat' dir='ltr'>reticos</span> <span class='ocrx_word' id='word_1_184' title='bbox 491 3354 579 3381; x_wconf 86' lang='lat' dir='ltr'>cum</span> <span class='ocrx_word' id='word_1_185' title='bbox 605 3345 779 3386; x_wconf 79' lang='lat' dir='ltr'>maximo</span> <span class='ocrx_word' id='word_1_186' title='bbox 803 3344 1024 3387; x_wconf 86' lang='lat' dir='ltr'>animarum</span> <span class='ocrx_word' id='word_1_187' title='bbox 1038 3346 1166 3389; x_wconf 60' lang='lat' dir='ltr'>fructu</span> <span class='ocrx_word' id='word_1_188' title='bbox 1183 3345 1326 3400; x_wconf 85' lang='lat' dir='ltr'>praedi-</span> 
     </span>
     <span class='ocr_line' id='line_1_40' title="bbox 322 3403 1322 3460; baseline 0.003 -17"><span class='ocrx_word' id='word_1_189' title='bbox 322 3403 504 3449; x_wconf 80' lang='lat' dir='ltr'>caveris,</span> <span class='ocrx_word' id='word_1_190' title='bbox 536 3413 688 3443; x_wconf 87' lang='lat' dir='ltr'>necnon</span> <span class='ocrx_word' id='word_1_191' title='bbox 721 3404 894 3459; x_wconf 87' lang='lat' dir='ltr'>quinque</span> <span class='ocrx_word' id='word_1_192' title='bbox 922 3418 1113 3447; x_wconf 88' lang='lat' dir='ltr'>annorum</span> <span class='ocrx_word' id='word_1_193' title='bbox 1140 3405 1322 3460; x_wconf 86' lang='lat' dir='ltr'>spatioin</span> 
     </span>
     <span class='ocr_line' id='line_1_41' title="bbox 320 3459 1323 3518; baseline 0.004 -17"><span class='ocrx_word' id='word_1_194' title='bbox 320 3461 429 3502; x_wconf 82' lang='lat' dir='ltr'>Aula</span> <span class='ocrx_word' id='word_1_195' title='bbox 455 3460 660 3501; x_wconf 85' lang='lat' dir='ltr'>memorati</span> <span class='ocrx_word' id='word_1_196' title='bbox 690 3461 864 3518; x_wconf 77' lang='lat' dir='ltr'>Philippi</span> <span class='ocrx_word' id='word_1_197' title='bbox 891 3463 1098 3506; x_wconf 81' lang='lat' dir='ltr'>Wilhelmi</span> <span class='ocrx_word' id='word_1_198' title='bbox 1126 3459 1323 3517; x_wconf 82' lang='lat' dir='ltr'>Principis</span> 
     </span>
     <span class='ocr_line' id='line_1_42' title="bbox 321 3517 1324 3574; baseline 0.002 -14"><span class='ocrx_word' id='word_1_199' title='bbox 321 3517 525 3560; x_wconf 65' lang='lat' dir='ltr'>Bienoris</span> <span class='ocrx_word' id='word_1_200' title='bbox 552 3527 741 3574; x_wconf 81' lang='lat' dir='ltr'>tanquam</span> <span class='ocrx_word' id='word_1_201' title='bbox 769 3519 922 3573; x_wconf 88' lang='lat' dir='ltr'>socius,</span> <span class='ocrx_word' id='word_1_202' title='bbox 954 3533 1047 3564; x_wconf 89' lang='lat' dir='ltr'>tunc</span> <span class='ocrx_word' id='word_1_203' title='bbox 1076 3523 1119 3563; x_wconf 50' lang='lat' dir='ltr'>in-</span> <span class='ocrx_word' id='word_1_204' title='bbox 1143 3523 1324 3565; x_wconf 89' lang='lat' dir='ltr'>humanis</span> 
     </span>
     <span class='ocr_line' id='line_1_43' title="bbox 315 3576 1326 3632; baseline 0.003 -12"><span class='ocrx_word' id='word_1_205' title='bbox 315 3576 472 3632; x_wconf 84' lang='lat' dir='ltr'>agentis</span> <span class='ocrx_word' id='word_1_206' title='bbox 493 3577 662 3619; x_wconf 88' lang='lat' dir='ltr'>Emerici</span> <span class='ocrx_word' id='word_1_207' title='bbox 677 3578 930 3632; x_wconf 61' lang='lat' dir='ltr'>vessanensis,</span> <span class='ocrx_word' id='word_1_208' title='bbox 942 3581 1035 3623; x_wconf 70' lang='lat' dir='ltr'>dieti</span> <span class='ocrx_word' id='word_1_209' title='bbox 1048 3581 1213 3623; x_wconf 84' lang='lat' dir='ltr'>Ordinis</span> <span class='ocrx_word' id='word_1_210' title='bbox 1229 3582 1326 3623; x_wconf 87' lang='lat' dir='ltr'>Pro·</span> 
     </span>
     <span class='ocr_line' id='line_1_44' title="bbox 320 3635 1327 3695; baseline 0.003 -18"><span class='ocrx_word' id='word_1_211' title='bbox 320 3635 474 3677; x_wconf 71' lang='lat' dir='ltr'>fenoris</span> <span class='ocrx_word' id='word_1_212' title='bbox 499 3662 514 3683; x_wconf 92' lang='lat'>,</span> <span class='ocrx_word' id='word_1_213' title='bbox 545 3637 805 3689; x_wconf 85' lang='lat' dir='ltr'>permanseris</span> <span class='ocrx_word' id='word_1_214' title='bbox 829 3667 842 3690; x_wconf 84' lang='lat'><strong>,</strong></span> <span class='ocrx_word' id='word_1_215' title='bbox 873 3654 920 3682; x_wconf 82' lang='lat' dir='ltr'>ac</span> <span class='ocrx_word' id='word_1_216' title='bbox 951 3641 1109 3682; x_wconf 82' lang='lat' dir='ltr'>interea</span> <span class='ocrx_word' id='word_1_217' title='bbox 1132 3640 1327 3695; x_wconf 87' lang='lat' dir='ltr'>optimum</span> 
     </span>
     <span class='ocr_line' id='line_1_45' title="bbox 319 3694 1330 3755; baseline 0.004 -19"><span class='ocrx_word' id='word_1_218' title='bbox 319 3694 530 3751; x_wconf 75' lang='lat' dir='ltr'>probitatis</span> <span class='ocrx_word' id='word_1_219' title='bbox 556 3722 571 3744; x_wconf 84' lang='lat'>,</span> <span class='ocrx_word' id='word_1_220' title='bbox 610 3697 964 3755; x_wconf 86' lang='lat' dir='ltr'>religiosorumque</span> <span class='ocrx_word' id='word_1_221' title='bbox 1002 3710 1161 3739; x_wconf 88' lang='lat' dir='ltr'>morum</span> <span class='ocrx_word' id='word_1_222' title='bbox 1194 3712 1330 3740; x_wconf 89' lang='lat' dir='ltr'>exem-</span> 
     </span>
     <span class='ocr_line' id='line_1_46' title="bbox 320 3751 1329 3812; baseline 0.004 -19"><span class='ocrx_word' id='word_1_223' title='bbox 320 3751 434 3808; x_wconf 88' lang='lat' dir='ltr'>plum</span> <span class='ocrx_word' id='word_1_224' title='bbox 451 3752 684 3807; x_wconf 70' lang='lat' dir='ltr'>praebueris,</span> <span class='ocrx_word' id='word_1_225' title='bbox 701 3754 778 3810; x_wconf 79' lang='lat' dir='ltr'>ipsa</span> <span class='ocrx_word' id='word_1_226' title='bbox 797 3755 1024 3801; x_wconf 85' lang='lat' dir='ltr'>Elisabetha</span> <span class='ocrx_word' id='word_1_227' title='bbox 1041 3758 1198 3800; x_wconf 81' lang='lat' dir='ltr'>Amalia</span> <span class='ocrx_word' id='word_1_228' title='bbox 1214 3762 1329 3812; x_wconf 81' lang='lat' dir='ltr'>Mag-</span> 
     </span>
     <span class='ocr_line' id='line_1_47' title="bbox 318 3810 1324 3874; baseline 0.008 -23"><span class='ocrx_word' id='word_1_229' title='bbox 318 3810 463 3855; x_wconf 82' lang='lat' dir='ltr'>dalena</span> <span class='ocrx_word' id='word_1_230' title='bbox 487 3810 538 3852; x_wconf 85' lang='lat' dir='ltr'>de</span> <span class='ocrx_word' id='word_1_231' title='bbox 553 3820 622 3855; x_wconf 80' lang='lat' dir='ltr'>tua</span> <span class='ocrx_word' id='word_1_232' title='bbox 635 3814 847 3870; x_wconf 85' lang='lat' dir='ltr'>prudentia</span> <span class='ocrx_word' id='word_1_233' title='bbox 860 3844 874 3867; x_wconf 85' lang='lat'>‚</span> <span class='ocrx_word' id='word_1_234' title='bbox 899 3819 1058 3874; x_wconf 82' lang='lat' dir='ltr'>pietate</span> <span class='ocrx_word' id='word_1_235' title='bbox 1071 3846 1087 3868; x_wconf 86' lang='lat'><em>,</em></span> <span class='ocrx_word' id='word_1_236' title='bbox 1114 3815 1295 3859; x_wconf 63' lang='lat' dir='ltr'>doctrina</span> <span class='ocrx_word' id='word_1_237' title='bbox 1308 3844 1324 3868; x_wconf 83' lang='lat'><strong>,</strong></span> 
     </span>
    </p>
   </div>
   <div class='ocr_carea' id='block_1_14' title="bbox 1039 236 1661 344">
    <p class='ocr_par' dir='ltr' id='par_1_16' title="bbox 1039 236 1661 344">
     <span class='ocr_line' id='line_1_48' title="bbox 1039 236 1661 344; baseline -0.003 -21"><span class='ocrx_word' id='word_1_238' title='bbox 1039 236 1661 344; x_wconf 69' lang='lat' dir='ltr'>.Provincia</span> 
     </span>
    </p>
   </div>
   <div class='ocr_carea' id='block_1_15' title="bbox 1382 365 2396 2863">
    <p class='ocr_par' dir='ltr' id='par_1_17' title="bbox 1384 365 2390 890">
     <span class='ocr_line' id='line_1_49' title="bbox 1385 365 2384 423; baseline 0.005 -12"><span class='ocrx_word' id='word_1_239' title='bbox 1385 384 1428 411; x_wconf 85' lang='lat' dir='ltr'>ac</span> <span class='ocrx_word' id='word_1_240' title='bbox 1447 368 1671 423; x_wconf 77' lang='lat' dir='ltr'>Religionis</span> <span class='ocrx_word' id='word_1_241' title='bbox 1694 365 1784 409; x_wconf 86' lang='lat' dir='ltr'>zelo</span> <span class='ocrx_word' id='word_1_242' title='bbox 1802 365 2015 423; x_wconf 74' lang='lat' dir='ltr'>plurimum</span> <span class='ocrx_word' id='word_1_243' title='bbox 2038 366 2075 410; x_wconf 84' lang='lat' dir='ltr'>in</span> <span class='ocrx_word' id='word_1_244' title='bbox 2090 368 2262 415; x_wconf 87' lang='lat' dir='ltr'>Domino</span> <span class='ocrx_word' id='word_1_245' title='bbox 2286 387 2384 415; x_wconf 89' lang='lat' dir='ltr'>con-</span> 
     </span>
     <span class='ocr_line' id='line_1_50' title="bbox 1384 423 2386 488; baseline 0.003 -20"><span class='ocrx_word' id='word_1_246' title='bbox 1384 426 1449 468; x_wconf 75' lang='lat' dir='ltr'>fiia</span> <span class='ocrx_word' id='word_1_247' title='bbox 1463 455 1477 477; x_wconf 80' lang='lat'>,</span> <span class='ocrx_word' id='word_1_248' title='bbox 1497 428 1581 474; x_wconf 77' lang='lat' dir='ltr'>Te,</span> <span class='ocrx_word' id='word_1_249' title='bbox 1607 440 1726 480; x_wconf 86' lang='lat' dir='ltr'>quem</span> <span class='ocrx_word' id='word_1_250' title='bbox 1743 426 1778 466; x_wconf 87' lang='lat' dir='ltr'>in</span> <span class='ocrx_word' id='word_1_251' title='bbox 1798 423 2087 468; x_wconf 75' lang='lat' dir='ltr'>Confess&#39;arium</span> <span class='ocrx_word' id='word_1_252' title='bbox 2104 430 2210 471; x_wconf 90' lang='lat' dir='ltr'>suum</span> <span class='ocrx_word' id='word_1_253' title='bbox 2231 433 2357 488; x_wconf 89' lang='lat' dir='ltr'>elegit</span> <span class='ocrx_word' id='word_1_254' title='bbox 2371 456 2386 478; x_wconf 81' lang='lat'>‚</span> 
     </span>
     <span class='ocr_line' id='line_1_51' title="bbox 1394 483 2388 541; baseline 0.004 -15"><span class='ocrx_word' id='word_1_255' title='bbox 1394 499 1467 541; x_wconf 90' lang='lat' dir='ltr'>pro</span> <span class='ocrx_word' id='word_1_256' title='bbox 1482 484 1675 538; x_wconf 87' lang='lat' dir='ltr'>spirituali</span> <span class='ocrx_word' id='word_1_257' title='bbox 1694 484 1754 526; x_wconf 89' lang='lat' dir='ltr'>sua</span> <span class='ocrx_word' id='word_1_258' title='bbox 1769 483 2039 526; x_wconf 75' lang='lat' dir='ltr'>consolatione</span> <span class='ocrx_word' id='word_1_259' title='bbox 2054 485 2117 525; x_wconf 81' lang='lat' dir='ltr'>fibi</span> <span class='ocrx_word' id='word_1_260' title='bbox 2131 488 2248 529; x_wconf 80' lang='lat' dir='ltr'>etiam</span> <span class='ocrx_word' id='word_1_261' title='bbox 2261 518 2275 540; x_wconf 82' lang='lat'><strong>‚</strong></span> <span class='ocrx_word' id='word_1_262' title='bbox 2291 492 2388 534; x_wconf 91' lang='lat' dir='ltr'>dum</span> 
     </span>
     <span class='ocr_line' id='line_1_52' title="bbox 1393 542 2390 598; baseline 0.007 -13"><span class='ocrx_word' id='word_1_263' title='bbox 1393 547 1472 585; x_wconf 86' lang='lat' dir='ltr'>iter</span> <span class='ocrx_word' id='word_1_264' title='bbox 1487 555 1572 597; x_wconf 84' lang='lat' dir='ltr'>aget</span> <span class='ocrx_word' id='word_1_265' title='bbox 1589 572 1605 594; x_wconf 91' lang='lat'>,</span> <span class='ocrx_word' id='word_1_266' title='bbox 1640 545 1790 596; x_wconf 89' lang='lat' dir='ltr'>semper</span> <span class='ocrx_word' id='word_1_267' title='bbox 1820 542 1980 593; x_wconf 75' lang='lat' dir='ltr'>adeli&#39;e,</span> <span class='ocrx_word' id='word_1_268' title='bbox 2005 542 2205 598; x_wconf 64' lang='lat' dir='ltr'>operique</span> <span class='ocrx_word' id='word_1_269' title='bbox 2225 547 2292 590; x_wconf 69' lang='lat' dir='ltr'>tna</span> <span class='ocrx_word' id='word_1_270' title='bbox 2319 549 2390 592; x_wconf 71' lang='lat' dir='ltr'>iti-2</span> 
     </span>
     <span class='ocr_line' id='line_1_53' title="bbox 1392 600 2390 658; baseline 0.002 -15"><span class='ocrx_word' id='word_1_271' title='bbox 1392 603 1440 644; x_wconf 89' lang='lat' dir='ltr'>iis</span> <span class='ocrx_word' id='word_1_272' title='bbox 1457 630 1470 652; x_wconf 89' lang='lat'>‚</span> <span class='ocrx_word' id='word_1_273' title='bbox 1495 615 1580 658; x_wconf 86' lang='lat' dir='ltr'>quae</span> <span class='ocrx_word' id='word_1_274' title='bbox 1605 602 1653 645; x_wconf 86' lang='lat' dir='ltr'>ad</span> <span class='ocrx_word' id='word_1_275' title='bbox 1681 602 1818 642; x_wconf 89' lang='lat' dir='ltr'>animae</span> <span class='ocrx_word' id='word_1_276' title='bbox 1855 600 2022 648; x_wconf 85' lang='lat' dir='ltr'>salutern</span> <span class='ocrx_word' id='word_1_277' title='bbox 2051 606 2251 654; x_wconf 81' lang='lat' dir='ltr'>pertinent</span> <span class='ocrx_word' id='word_1_278' title='bbox 2276 635 2291 656; x_wconf 90' lang='lat'>,</span> <span class='ocrx_word' id='word_1_279' title='bbox 2329 606 2390 648; x_wconf 84' lang='lat' dir='ltr'>uti</span> 
     </span>
     <span class='ocr_line' id='line_1_54' title="bbox 1390 658 2389 716; baseline 0.005 -16"><span class='ocrx_word' id='word_1_280' title='bbox 1390 658 1498 716; x_wconf 75' lang='lat' dir='ltr'>posse</span> <span class='ocrx_word' id='word_1_281' title='bbox 1526 659 1742 714; x_wconf 77' lang='lat' dir='ltr'>plurimum</span> <span class='ocrx_word' id='word_1_282' title='bbox 1769 659 1991 710; x_wconf 55' lang='lat' dir='ltr'>defidant,</span> <span class='ocrx_word' id='word_1_283' title='bbox 2021 659 2147 702; x_wconf 87' lang='lat' dir='ltr'>Nobis</span> <span class='ocrx_word' id='word_1_284' title='bbox 2175 672 2389 716; x_wconf 80' lang='lat' dir='ltr'>propterea</span> 
     </span>
     <span class='ocr_line' id='line_1_55' title="bbox 1386 714 2386 773; baseline 0.002 -12"><span class='ocrx_word' id='word_1_285' title='bbox 1386 718 1593 761; x_wconf 87' lang='lat' dir='ltr'>humiliter</span> <span class='ocrx_word' id='word_1_286' title='bbox 1611 717 1819 773; x_wconf 80' lang='lat' dir='ltr'>supplicari</span> <span class='ocrx_word' id='word_1_287' title='bbox 1836 714 1930 761; x_wconf 86' lang='lat' dir='ltr'>fecit</span> <span class='ocrx_word' id='word_1_288' title='bbox 1947 727 2013 767; x_wconf 85' lang='lat' dir='ltr'>,ut</span> <span class='ocrx_word' id='word_1_289' title='bbox 2035 718 2123 759; x_wconf 88' lang='lat' dir='ltr'>Tibi</span> <span class='ocrx_word' id='word_1_290' title='bbox 2142 718 2179 759; x_wconf 88' lang='lat' dir='ltr'>in</span> <span class='ocrx_word' id='word_1_291' title='bbox 2199 721 2386 773; x_wconf 79' lang='lat' dir='ltr'>praemiffis</span> 
     </span>
     <span class='ocr_line' id='line_1_56' title="bbox 1386 774 2390 833; baseline 0.002 -14"><span class='ocrx_word' id='word_1_292' title='bbox 1386 777 1614 831; x_wconf 72' lang='lat' dir='ltr'>opportune</span> <span class='ocrx_word' id='word_1_293' title='bbox 1631 776 1843 830; x_wconf 85' lang='lat' dir='ltr'>providere</span> <span class='ocrx_word' id='word_1_294' title='bbox 1855 803 1869 826; x_wconf 63' lang='lat'><em>2</em></span> <span class='ocrx_word' id='word_1_295' title='bbox 1884 779 1939 826; x_wconf 87' lang='lat'>&amp;‚</span> <span class='ocrx_word' id='word_1_296' title='bbox 1950 787 1992 819; x_wconf 92' lang='lat' dir='ltr'>ut</span> <span class='ocrx_word' id='word_1_297' title='bbox 2013 774 2111 818; x_wconf 77' lang='lat' dir='ltr'>infra</span> <span class='ocrx_word' id='word_1_298' title='bbox 2125 805 2140 827; x_wconf 82' lang='lat'>,</span> <span class='ocrx_word' id='word_1_299' title='bbox 2155 776 2363 833; x_wconf 88' lang='lat' dir='ltr'>indulgere</span> <span class='ocrx_word' id='word_1_300' title='bbox 2377 809 2390 820; x_wconf 94' lang='lat'><strong>.</strong></span> 
     </span>
     <span class='ocr_line' id='line_1_57' title="bbox 1388 835 2369 890; baseline 0 -13"><span class='ocrx_word' id='word_1_301' title='bbox 1388 837 1439 878; x_wconf 90' lang='lat' dir='ltr'>de</span> <span class='ocrx_word' id='word_1_302' title='bbox 1454 836 1701 890; x_wconf 84' lang='lat' dir='ltr'>benignitate</span> <span class='ocrx_word' id='word_1_303' title='bbox 1717 835 1927 888; x_wconf 85' lang='lat' dir='ltr'>apostolica</span> <span class='ocrx_word' id='word_1_304' title='bbox 1944 835 2218 889; x_wconf 84' lang='lat' dir='ltr'>dignaremur.</span> <span class='ocrx_word' id='word_1_305' title='bbox 2367 841 2369 843; x_wconf 77' lang='grc'>’</span> 
     </span>
    </p>

    <p class='ocr_par' dir='ltr' id='par_1_18' title="bbox 1383 892 2396 2702">
     <span class='ocr_line' id='line_1_58' title="bbox 1450 892 2389 949; baseline 0 -12"><span class='ocrx_word' id='word_1_306' title='bbox 1450 898 1534 937; x_wconf 88' lang='lat' dir='ltr'>Nos</span> <span class='ocrx_word' id='word_1_307' title='bbox 1565 893 1684 948; x_wconf 86' lang='lat' dir='ltr'>igitur</span> <span class='ocrx_word' id='word_1_308' title='bbox 1700 894 1787 944; x_wconf 79' lang='lat' dir='ltr'>Te,</span> <span class='ocrx_word' id='word_1_309' title='bbox 1812 909 1854 936; x_wconf 87' lang='lat' dir='ltr'>ac</span> <span class='ocrx_word' id='word_1_310' title='bbox 1887 892 2158 949; x_wconf 77' lang='lat' dir='ltr'>Elisabetbam</span> <span class='ocrx_word' id='word_1_311' title='bbox 2190 893 2389 949; x_wconf 68' lang='lat' dir='ltr'>Amalian‘t</span> 
     </span>
     <span class='ocr_line' id='line_1_59' title="bbox 1385 951 2392 1008; baseline -0.002 -12"><span class='ocrx_word' id='word_1_312' title='bbox 1385 951 1672 1008; x_wconf 82' lang='lat' dir='ltr'>Magdaienam</span> <span class='ocrx_word' id='word_1_313' title='bbox 1688 953 1910 1007; x_wconf 62' lang='lat' dir='ltr'>praedifilam</span> <span class='ocrx_word' id='word_1_314' title='bbox 1932 951 2168 1005; x_wconf 74' lang='lat' dir='ltr'>specialibus</span> <span class='ocrx_word' id='word_1_315' title='bbox 2188 953 2392 996; x_wconf 81' lang='lat' dir='ltr'>favoribus</span> 
     </span>
     <span class='ocr_line' id='line_1_60' title="bbox 1385 1009 2393 1067; baseline 0 -14"><span class='ocrx_word' id='word_1_316' title='bbox 1385 1010 1566 1067; x_wconf 88' lang='lat' dir='ltr'>prosequi</span> <span class='ocrx_word' id='word_1_317' title='bbox 1586 1011 1794 1061; x_wconf 85' lang='lat' dir='ltr'>volentes,</span> <span class='ocrx_word' id='word_1_318' title='bbox 1823 1009 2051 1053; x_wconf 70' lang='lat' dir='ltr'>&amp;Vestrum</span> <span class='ocrx_word' id='word_1_319' title='bbox 2069 1012 2281 1066; x_wconf 77' lang='lat' dir='ltr'>singulares</span> <span class='ocrx_word' id='word_1_320' title='bbox 2301 1026 2393 1067; x_wconf 80' lang='lat' dir='ltr'>per-</span> 
     </span>
     <span class='ocr_line' id='line_1_61' title="bbox 1385 1067 2393 1125; baseline 0.002 -14"><span class='ocrx_word' id='word_1_321' title='bbox 1385 1069 1496 1113; x_wconf 88' lang='lat' dir='ltr'>sonas</span> <span class='ocrx_word' id='word_1_322' title='bbox 1526 1067 1757 1123; x_wconf 71' lang='lat' dir='ltr'>aquibusvis</span> <span class='ocrx_word' id='word_1_323' title='bbox 1787 1071 1863 1110; x_wconf 79' lang='lat' dir='ltr'>&amp;c-</span> <span class='ocrx_word' id='word_1_324' title='bbox 1896 1070 2131 1121; x_wconf 81' lang='lat' dir='ltr'>censentes,</span> <span class='ocrx_word' id='word_1_325' title='bbox 2166 1068 2393 1125; x_wconf 83' lang='lat' dir='ltr'>hujusmodi</span> 
     </span>
     <span class='ocr_line' id='line_1_62' title="bbox 1385 1126 2394 1184; baseline 0.001 -15"><span class='ocrx_word' id='word_1_326' title='bbox 1385 1127 1737 1184; x_wconf 83' lang='lat' dir='ltr'>supplicationibus</span> <span class='ocrx_word' id='word_1_327' title='bbox 1758 1126 1967 1178; x_wconf 81' lang='lat' dir='ltr'>inclinati,</span> <span class='ocrx_word' id='word_1_328' title='bbox 2000 1128 2122 1178; x_wconf 79' lang='lat' dir='ltr'>Tibi,</span> <span class='ocrx_word' id='word_1_329' title='bbox 2142 1142 2186 1170; x_wconf 89' lang='lat' dir='ltr'>ac</span> <span class='ocrx_word' id='word_1_330' title='bbox 2205 1141 2279 1182; x_wconf 89' lang='lat' dir='ltr'>pro</span> <span class='ocrx_word' id='word_1_331' title='bbox 2292 1139 2394 1170; x_wconf 87' lang='lat' dir='ltr'>tem-</span> 
     </span>
     <span class='ocr_line' id='line_1_63' title="bbox 1383 1185 2395 1244; baseline 0.001 -17"><span class='ocrx_word' id='word_1_332' title='bbox 1383 1202 1481 1244; x_wconf 87' lang='lat' dir='ltr'>pore</span> <span class='ocrx_word' id='word_1_333' title='bbox 1505 1186 1683 1228; x_wconf 84' lang='lat' dir='ltr'>existenti</span> <span class='ocrx_word' id='word_1_334' title='bbox 1711 1185 1817 1227; x_wconf 86' lang='lat' dir='ltr'>socio</span> <span class='ocrx_word' id='word_1_335' title='bbox 1831 1185 2083 1233; x_wconf 80' lang='lat' dir='ltr'>tuo,Ordinis</span> <span class='ocrx_word' id='word_1_336' title='bbox 2104 1185 2276 1240; x_wconf 67' lang='lat' dir='ltr'>praedieti</span> <span class='ocrx_word' id='word_1_337' title='bbox 2295 1189 2395 1229; x_wconf 86' lang='lat' dir='ltr'>Pro-</span> 
     </span>
     <span class='ocr_line' id='line_1_64' title="bbox 1386 1241 2395 1298; baseline -0.002 -11"><span class='ocrx_word' id='word_1_338' title='bbox 1386 1244 1538 1294; x_wconf 82' lang='lat' dir='ltr'>seffori,</span> <span class='ocrx_word' id='word_1_339' title='bbox 1573 1253 1616 1286; x_wconf 91' lang='lat' dir='ltr'>ut</span> <span class='ocrx_word' id='word_1_340' title='bbox 1639 1243 1689 1286; x_wconf 86' lang='lat' dir='ltr'>ad</span> <span class='ocrx_word' id='word_1_341' title='bbox 1717 1241 1920 1285; x_wconf 81' lang='lat' dir='ltr'>biennium</span> <span class='ocrx_word' id='word_1_342' title='bbox 1948 1248 2106 1285; x_wconf 80' lang='lat' dir='ltr'>tantum</span> <span class='ocrx_word' id='word_1_343' title='bbox 2129 1244 2180 1286; x_wconf 89' lang='lat' dir='ltr'>de</span> <span class='ocrx_word' id='word_1_344' title='bbox 2206 1246 2395 1298; x_wconf 84' lang='lat' dir='ltr'>Superio-</span> 
     </span>
     <span class='ocr_line' id='line_1_65' title="bbox 1387 1301 2394 1356; baseline -0.004 -8"><span class='ocrx_word' id='word_1_345' title='bbox 1387 1318 1476 1348; x_wconf 88' lang='lat' dir='ltr'>rum</span> <span class='ocrx_word' id='word_1_346' title='bbox 1502 1302 1719 1344; x_wconf 84' lang='lat' dir='ltr'>vestrorum</span> <span class='ocrx_word' id='word_1_347' title='bbox 1750 1301 1909 1342; x_wconf 86' lang='lat' dir='ltr'>licentia</span> <span class='ocrx_word' id='word_1_348' title='bbox 1928 1328 1942 1351; x_wconf 83' lang='lat'><strong>‚</strong></span> <span class='ocrx_word' id='word_1_349' title='bbox 1965 1315 2086 1356; x_wconf 89' lang='lat' dir='ltr'>penes</span> <span class='ocrx_word' id='word_1_350' title='bbox 2100 1301 2243 1343; x_wconf 59' lang='lat' dir='ltr'>difflam</span> <span class='ocrx_word' id='word_1_351' title='bbox 2260 1302 2394 1344; x_wconf 82' lang='lat' dir='ltr'>Elisa-</span> 
     </span>
     <span class='ocr_line' id='line_1_66' title="bbox 1389 1358 2388 1413; baseline -0.003 -8"><span class='ocrx_word' id='word_1_352' title='bbox 1389 1363 1551 1405; x_wconf 89' lang='lat' dir='ltr'>betham</span> <span class='ocrx_word' id='word_1_353' title='bbox 1566 1359 1761 1402; x_wconf 85' lang='lat' dir='ltr'>Amaliam</span> <span class='ocrx_word' id='word_1_354' title='bbox 1779 1358 2062 1413; x_wconf 71' lang='lat' dir='ltr'>Magdalenam</span> <span class='ocrx_word' id='word_1_355' title='bbox 2079 1374 2331 1413; x_wconf 83' lang='lat' dir='ltr'>permanere,</span> <span class='ocrx_word' id='word_1_356' title='bbox 2343 1373 2388 1403; x_wconf 81' lang='lat' dir='ltr'>ae</span> 
     </span>
     <span class='ocr_line' id='line_1_67' title="bbox 1386 1418 2393 1475; baseline -0.006 -10"><span class='ocrx_word' id='word_1_357' title='bbox 1386 1423 1425 1465; x_wconf 90' lang='lat' dir='ltr'>in</span> <span class='ocrx_word' id='word_1_358' title='bbox 1450 1418 1765 1475; x_wconf 87' lang='lat' dir='ltr'>quibuscumque</span> <span class='ocrx_word' id='word_1_359' title='bbox 1780 1418 1878 1459; x_wconf 89' lang='lat' dir='ltr'>locis</span> <span class='ocrx_word' id='word_1_360' title='bbox 1892 1431 1923 1469; x_wconf 88' lang='lat'>‚·</span> <span class='ocrx_word' id='word_1_361' title='bbox 1940 1420 1979 1460; x_wconf 82' lang='lat' dir='ltr'>in</span> <span class='ocrx_word' id='word_1_362' title='bbox 1995 1419 2138 1472; x_wconf 91' lang='lat' dir='ltr'>quibus</span> <span class='ocrx_word' id='word_1_363' title='bbox 2154 1421 2393 1462; x_wconf 82' lang='lat' dir='ltr'>Conventus</span> 
     </span>
     <span class='ocr_line' id='line_1_68' title="bbox 1385 1476 2393 1533; baseline -0.003 -11"><span class='ocrx_word' id='word_1_364' title='bbox 1385 1481 1481 1522; x_wconf 64' lang='lat' dir='ltr'>dieti</span> <span class='ocrx_word' id='word_1_365' title='bbox 1495 1477 1660 1521; x_wconf 85' lang='lat' dir='ltr'>Ordinis</span> <span class='ocrx_word' id='word_1_366' title='bbox 1678 1491 1756 1519; x_wconf 90' lang='lat' dir='ltr'>non</span> <span class='ocrx_word' id='word_1_367' title='bbox 1773 1478 2025 1529; x_wconf 86' lang='lat' dir='ltr'>reperientur</span> <span class='ocrx_word' id='word_1_368' title='bbox 2039 1506 2052 1528; x_wconf 95' lang='lat'>,</span> <span class='ocrx_word' id='word_1_369' title='bbox 2079 1479 2116 1519; x_wconf 91' lang='lat' dir='ltr'>in</span> <span class='ocrx_word' id='word_1_370' title='bbox 2134 1477 2248 1533; x_wconf 86' lang='lat' dir='ltr'>ipfius</span> <span class='ocrx_word' id='word_1_371' title='bbox 2266 1476 2393 1519; x_wconf 68' lang='lat' dir='ltr'>1511·st-</span> 
     </span>
     <span class='ocr_line' id='line_1_69' title="bbox 1384 1534 2393 1591; baseline -0.003 -10"><span class='ocrx_word' id='word_1_372' title='bbox 1384 1539 1518 1581; x_wconf 84' lang='lat' dir='ltr'>bethae</span> <span class='ocrx_word' id='word_1_373' title='bbox 1531 1536 1695 1578; x_wconf 79' lang='lat' dir='ltr'>Amaliae</span> <span class='ocrx_word' id='word_1_374' title='bbox 1718 1534 1966 1591; x_wconf 83' lang='lat' dir='ltr'>Magdalenae</span> <span class='ocrx_word' id='word_1_375' title='bbox 1993 1535 2110 1587; x_wconf 85' lang='lat' dir='ltr'>aula,</span> <span class='ocrx_word' id='word_1_376' title='bbox 2137 1536 2200 1578; x_wconf 87' lang='lat' dir='ltr'>scu</span> <span class='ocrx_word' id='word_1_377' title='bbox 2229 1536 2393 1579; x_wconf 88' lang='lat' dir='ltr'>decenti</span> 
     </span>
     <span class='ocr_line' id='line_1_70' title="bbox 1385 1593 2396 1651; baseline -0.003 -12"><span class='ocrx_word' id='word_1_378' title='bbox 1385 1600 1423 1640; x_wconf 91' lang='lat' dir='ltr'>ei</span> <span class='ocrx_word' id='word_1_379' title='bbox 1450 1595 1631 1651; x_wconf 87' lang='lat' dir='ltr'>proxima</span> <span class='ocrx_word' id='word_1_380' title='bbox 1658 1594 1781 1635; x_wconf 87' lang='lat' dir='ltr'>domo</span> <span class='ocrx_word' id='word_1_381' title='bbox 1793 1593 1972 1650; x_wconf 70' lang='lat' dir='ltr'>degere,</span> <span class='ocrx_word' id='word_1_382' title='bbox 2002 1595 2396 1645; x_wconf 81' lang='lat' dir='ltr'>&amp;commemorari‚</span> 
     </span>
     <span class='ocr_line' id='line_1_71' title="bbox 1386 1653 2392 1707; baseline -0.004 -9"><span class='ocrx_word' id='word_1_383' title='bbox 1386 1657 1441 1698; x_wconf 82' lang='lat' dir='ltr'>ita</span> <span class='ocrx_word' id='word_1_384' title='bbox 1458 1666 1591 1695; x_wconf 85' lang='lat' dir='ltr'>tamen</span> <span class='ocrx_word' id='word_1_385' title='bbox 1608 1682 1624 1703; x_wconf 91' lang='lat'>‚</span> <span class='ocrx_word' id='word_1_386' title='bbox 1648 1665 1692 1695; x_wconf 88' lang='lat' dir='ltr'>ut</span> <span class='ocrx_word' id='word_1_387' title='bbox 1715 1653 2050 1707; x_wconf 82' lang='lat' dir='ltr'>quandocumque</span> <span class='ocrx_word' id='word_1_388' title='bbox 2064 1681 2078 1703; x_wconf 83' lang='lat'>,</span> <span class='ocrx_word' id='word_1_389' title='bbox 2103 1653 2225 1694; x_wconf 80' lang='lat' dir='ltr'>etiam</span> <span class='ocrx_word' id='word_1_390' title='bbox 2241 1653 2392 1694; x_wconf 86' lang='lat' dir='ltr'>duran-</span> 
     </span>
     <span class='ocr_line' id='line_1_72' title="bbox 1386 1709 2392 1766; baseline -0.004 -10"><span class='ocrx_word' id='word_1_391' title='bbox 1386 1725 1428 1756; x_wconf 91' lang='lat' dir='ltr'>te</span> <span class='ocrx_word' id='word_1_392' title='bbox 1452 1711 1611 1755; x_wconf 89' lang='lat' dir='ltr'>biennio</span> <span class='ocrx_word' id='word_1_393' title='bbox 1639 1709 1887 1762; x_wconf 85' lang='lat' dir='ltr'>hujusmodi,</span> <span class='ocrx_word' id='word_1_394' title='bbox 1910 1714 1933 1754; x_wconf 71' lang='lat' dir='ltr'>a</span> <span class='ocrx_word' id='word_1_395' title='bbox 1963 1711 2239 1766; x_wconf 68' lang='lat' dir='ltr'>superioribus</span> <span class='ocrx_word' id='word_1_396' title='bbox 2254 1710 2392 1753; x_wconf 80' lang='lat' dir='ltr'>vestris</span> 
     </span>
     <span class='ocr_line' id='line_1_73' title="bbox 1383 1767 2392 1828; baseline -0.002 -14"><span class='ocrx_word' id='word_1_397' title='bbox 1383 1771 1577 1828; x_wconf 64' lang='lat' dir='ltr'>praedietis</span> <span class='ocrx_word' id='word_1_398' title='bbox 1602 1767 1651 1810; x_wconf 85' lang='lat' dir='ltr'>ad</span> <span class='ocrx_word' id='word_1_399' title='bbox 1680 1768 1847 1810; x_wconf 89' lang='lat' dir='ltr'>claustra</span> <span class='ocrx_word' id='word_1_400' title='bbox 1867 1771 2053 1811; x_wconf 85' lang='lat' dir='ltr'>revocari</span> <span class='ocrx_word' id='word_1_401' title='bbox 2076 1769 2222 1825; x_wconf 83' lang='lat' dir='ltr'>poffitis</span> <span class='ocrx_word' id='word_1_402' title='bbox 2238 1797 2252 1820; x_wconf 87' lang='lat'>‚</span> <span class='ocrx_word' id='word_1_403' title='bbox 2278 1770 2392 1812; x_wconf 84' lang='lat' dir='ltr'>&amp;in-</span> 
     </span>
     <span class='ocr_line' id='line_1_74' title="bbox 1383 1826 2394 1872; baseline -0.002 0"><span class='ocrx_word' id='word_1_404' title='bbox 1383 1842 1494 1872; x_wconf 86' lang='lat' dir='ltr'>terea</span> <span class='ocrx_word' id='word_1_405' title='bbox 1535 1837 1798 1870; x_wconf 82' lang='lat' dir='ltr'>memoratam</span> <span class='ocrx_word' id='word_1_406' title='bbox 1841 1826 2113 1869; x_wconf 77' lang='lat' dir='ltr'>Elisabetham</span> <span class='ocrx_word' id='word_1_407' title='bbox 2155 1829 2394 1871; x_wconf 62' lang='lat' dir='ltr'>Amanum..</span> 
     </span>
     <span class='ocr_line' id='line_1_75' title="bbox 1384 1879 2393 1943; baseline -0.004 -14"><span class='ocrx_word' id='word_1_408' title='bbox 1384 1886 1666 1943; x_wconf 86' lang='lat' dir='ltr'>Magdalenam</span> <span class='ocrx_word' id='word_1_409' title='bbox 1687 1885 1909 1927; x_wconf 81' lang='lat' dir='ltr'>comitandi</span> <span class='ocrx_word' id='word_1_410' title='bbox 1933 1887 2092 1940; x_wconf 77' lang='lat' dir='ltr'>gratia,</span> <span class='ocrx_word' id='word_1_411' title='bbox 2118 1885 2214 1927; x_wconf 90' lang='lat' dir='ltr'>dum</span> <span class='ocrx_word' id='word_1_412' title='bbox 2231 1886 2306 1928; x_wconf 87' lang='lat' dir='ltr'>iter</span> <span class='ocrx_word' id='word_1_413' title='bbox 2330 1879 2393 1928; x_wconf 78' lang='lat' dir='ltr'>fe-</span> 
     </span>
     <span class='ocr_line' id='line_1_76' title="bbox 1383 1941 2392 1999; baseline -0.005 -8"><span class='ocrx_word' id='word_1_414' title='bbox 1383 1949 1508 1995; x_wconf 81' lang='lat' dir='ltr'>cerit,</span> <span class='ocrx_word' id='word_1_415' title='bbox 1535 1945 1692 1999; x_wconf 89' lang='lat' dir='ltr'>quoties</span> <span class='ocrx_word' id='word_1_416' title='bbox 1719 1957 1819 1997; x_wconf 87' lang='lat' dir='ltr'>opus</span> <span class='ocrx_word' id='word_1_417' title='bbox 1846 1941 1992 1995; x_wconf 81' lang='lat' dir='ltr'>fuerit,</span> <span class='ocrx_word' id='word_1_418' title='bbox 2022 1942 2145 1986; x_wconf 77' lang='lat' dir='ltr'>rheda</span> <span class='ocrx_word' id='word_1_419' title='bbox 2168 1971 2182 1994; x_wconf 83' lang='lat'>,</span> <span class='ocrx_word' id='word_1_420' title='bbox 2212 1943 2279 1987; x_wconf 91' lang='lat' dir='ltr'>seu</span> <span class='ocrx_word' id='word_1_421' title='bbox 2310 1945 2392 1986; x_wconf 85' lang='lat' dir='ltr'>alio</span> 
     </span>
     <span class='ocr_line' id='line_1_77' title="bbox 1385 2001 2393 2059; baseline -0.004 -10"><span class='ocrx_word' id='word_1_422' title='bbox 1385 2003 1576 2049; x_wconf 85' lang='lat' dir='ltr'>vehiculo</span> <span class='ocrx_word' id='word_1_423' title='bbox 1602 2004 1698 2045; x_wconf 87' lang='lat' dir='ltr'>vehi</span> <span class='ocrx_word' id='word_1_424' title='bbox 1722 2001 1847 2043; x_wconf 69' lang='lat' dir='ltr'>libere</span> <span class='ocrx_word' id='word_1_425' title='bbox 1875 2002 1914 2042; x_wconf 88' lang='lat'>&amp;</span> <span class='ocrx_word' id='word_1_426' title='bbox 1938 2002 2074 2052; x_wconf 75' lang='lat' dir='ltr'>licite,</span> <span class='ocrx_word' id='word_1_427' title='bbox 2104 2017 2148 2043; x_wconf 87' lang='lat' dir='ltr'>ac</span> <span class='ocrx_word' id='word_1_428' title='bbox 2166 2003 2311 2059; x_wconf 86' lang='lat' dir='ltr'>absque</span> <span class='ocrx_word' id='word_1_429' title='bbox 2329 2003 2393 2045; x_wconf 88' lang='lat' dir='ltr'>ul·</span> 
     </span>
     <span class='ocr_line' id='line_1_78' title="bbox 1385 2060 2390 2117; baseline -0.003 -12"><span class='ocrx_word' id='word_1_430' title='bbox 1385 2064 1461 2106; x_wconf 88' lang='lat' dir='ltr'>lius</span> <span class='ocrx_word' id='word_1_431' title='bbox 1487 2075 1599 2117; x_wconf 79' lang='lat' dir='ltr'>paenae</span> <span class='ocrx_word' id='word_1_432' title='bbox 1613 2090 1627 2112; x_wconf 88' lang='lat'><strong>,</strong></span> <span class='ocrx_word' id='word_1_433' title='bbox 1651 2075 1720 2114; x_wconf 90' lang='lat' dir='ltr'>per</span> <span class='ocrx_word' id='word_1_434' title='bbox 1736 2060 2054 2102; x_wconf 82' lang='lat' dir='ltr'>Constitutiones</span> <span class='ocrx_word' id='word_1_435' title='bbox 2066 2060 2229 2103; x_wconf 86' lang='lat' dir='ltr'>Ordinis</span> <span class='ocrx_word' id='word_1_436' title='bbox 2249 2061 2390 2116; x_wconf 61' lang='lat' dir='ltr'>praedi÷</span> 
     </span>
     <span class='ocr_line' id='line_1_79' title="bbox 1384 2116 2391 2175; baseline 0.001 -15"><span class='ocrx_word' id='word_1_437' title='bbox 1384 2121 1437 2164; x_wconf 69' lang='lat' dir='ltr'>eti</span> <span class='ocrx_word' id='word_1_438' title='bbox 1452 2120 1757 2175; x_wconf 87' lang='lat' dir='ltr'>quomodolibet</span> <span class='ocrx_word' id='word_1_439' title='bbox 1781 2116 1992 2174; x_wconf 78' lang='lat' dir='ltr'>impofitae,</span> <span class='ocrx_word' id='word_1_440' title='bbox 2023 2117 2178 2160; x_wconf 88' lang='lat' dir='ltr'>incursu</span> <span class='ocrx_word' id='word_1_441' title='bbox 2197 2119 2391 2170; x_wconf 78' lang='lat' dir='ltr'>valeatis,</span> 
     </span>
     <span class='ocr_line' id='line_1_80' title="bbox 1384 2176 2396 2232; baseline -0.003 -9"><span class='ocrx_word' id='word_1_442' title='bbox 1384 2184 1421 2223; x_wconf 72' lang='grc'>8(</span> <span class='ocrx_word' id='word_1_443' title='bbox 1445 2179 1613 2222; x_wconf 72' lang='lat' dir='ltr'>vestrum</span> <span class='ocrx_word' id='word_1_444' title='bbox 1631 2176 1800 2232; x_wconf 86' lang='lat' dir='ltr'>quilibet</span> <span class='ocrx_word' id='word_1_445' title='bbox 1825 2177 1983 2227; x_wconf 86' lang='lat' dir='ltr'>valeat,</span> <span class='ocrx_word' id='word_1_446' title='bbox 2014 2178 2267 2220; x_wconf 66' lang='lat' dir='ltr'>Austoritate</span> <span class='ocrx_word' id='word_1_447' title='bbox 2283 2183 2396 2232; x_wconf 75' lang='lat' dir='ltr'>Apo·-</span> 
     </span>
     <span class='ocr_line' id='line_1_81' title="bbox 1386 2233 2387 2289; baseline -0.005 -8"><span class='ocrx_word' id='word_1_448' title='bbox 1386 2239 1525 2281; x_wconf 85' lang='lat' dir='ltr'>stolica</span> <span class='ocrx_word' id='word_1_449' title='bbox 1541 2266 1556 2287; x_wconf 92' lang='lat'><strong>,</strong></span> <span class='ocrx_word' id='word_1_450' title='bbox 1582 2248 1723 2278; x_wconf 87' lang='lat' dir='ltr'>tenore</span> <span class='ocrx_word' id='word_1_451' title='bbox 1738 2233 1987 2289; x_wconf 75' lang='lat' dir='ltr'>praesentium</span> <span class='ocrx_word' id='word_1_452' title='bbox 2003 2235 2260 2278; x_wconf 84' lang='lat' dir='ltr'>concedimus</span> <span class='ocrx_word' id='word_1_453' title='bbox 2275 2237 2387 2278; x_wconf 85' lang='lat' dir='ltr'>&amp;in-</span> 
     </span>
     <span class='ocr_line' id='line_1_82' title="bbox 1385 2293 2392 2351; baseline -0.002 -13"><span class='ocrx_word' id='word_1_454' title='bbox 1385 2297 1596 2351; x_wconf 85' lang='lat' dir='ltr'>dulgemus</span> <span class='ocrx_word' id='word_1_455' title='bbox 1620 2322 1630 2333; x_wconf 92' lang='lat'>.</span> <span class='ocrx_word' id='word_1_456' title='bbox 1674 2297 1767 2335; x_wconf 88' lang='lat' dir='ltr'>Non</span> <span class='ocrx_word' id='word_1_457' title='bbox 1797 2293 2044 2335; x_wconf 86' lang='lat' dir='ltr'>obstantibus</span> <span class='ocrx_word' id='word_1_458' title='bbox 2071 2293 2264 2346; x_wconf 77' lang='lat' dir='ltr'>praemiflis</span> <span class='ocrx_word' id='word_1_459' title='bbox 2293 2323 2308 2345; x_wconf 86' lang='lat'>,</span> <span class='ocrx_word' id='word_1_460' title='bbox 2347 2308 2392 2336; x_wconf 77' lang='lat' dir='ltr'>ac</span> 
     </span>
     <span class='ocr_line' id='line_1_83' title="bbox 1387 2350 2391 2406; baseline -0.006 -8"><span class='ocrx_word' id='word_1_461' title='bbox 1387 2352 1750 2398; x_wconf 85' lang='lat' dir='ltr'>Constitutionibus</span> <span class='ocrx_word' id='word_1_462' title='bbox 1781 2351 1820 2391; x_wconf 77' lang='grc' dir='ltr'>δι</span> <span class='ocrx_word' id='word_1_463' title='bbox 1834 2350 2170 2393; x_wconf 87' lang='lat' dir='ltr'>Ordinationibus</span> <span class='ocrx_word' id='word_1_464' title='bbox 2184 2350 2391 2406; x_wconf 85' lang='lat' dir='ltr'>Apostoli-</span> 
     </span>
     <span class='ocr_line' id='line_1_84' title="bbox 1386 2408 2391 2463; baseline -0.006 -8"><span class='ocrx_word' id='word_1_465' title='bbox 1386 2415 1443 2456; x_wconf 89' lang='lat' dir='ltr'>cis</span> <span class='ocrx_word' id='word_1_466' title='bbox 1459 2441 1473 2463; x_wconf 84' lang='lat'>.,</span> <span class='ocrx_word' id='word_1_467' title='bbox 1498 2424 1648 2453; x_wconf 87' lang='lat' dir='ltr'>necnon</span> <span class='ocrx_word' id='word_1_468' title='bbox 1681 2409 1775 2450; x_wconf 70' lang='lat' dir='ltr'>dieti</span> <span class='ocrx_word' id='word_1_469' title='bbox 1790 2408 1957 2450; x_wconf 87' lang='lat' dir='ltr'>Ordinis</span> <span class='ocrx_word' id='word_1_470' title='bbox 1972 2409 2092 2450; x_wconf 87' lang='lat' dir='ltr'>etiam</span> <span class='ocrx_word' id='word_1_471' title='bbox 2109 2410 2185 2450; x_wconf 88' lang='lat' dir='ltr'>&amp;c.</span> <span class='ocrx_word' id='word_1_472' title='bbox 2205 2409 2359 2452; x_wconf 83' lang='lat' dir='ltr'>statutis</span> <span class='ocrx_word' id='word_1_473' title='bbox 2375 2438 2391 2462; x_wconf 87' lang='lat'><strong>,</strong></span> 
     </span>
     <span class='ocr_line' id='line_1_85' title="bbox 1383 2466 2390 2523; baseline -0.004 -10"><span class='ocrx_word' id='word_1_474' title='bbox 1383 2474 1424 2513; x_wconf 89' lang='lat'>&amp;</span> <span class='ocrx_word' id='word_1_475' title='bbox 1437 2466 1820 2518; x_wconf 71' lang='lat' dir='ltr'>consuetudinibus3</span> <span class='ocrx_word' id='word_1_476' title='bbox 1842 2467 2060 2523; x_wconf 78' lang='lat' dir='ltr'>privilegiis</span> <span class='ocrx_word' id='word_1_477' title='bbox 2075 2469 2149 2508; x_wconf 82' lang='lat' dir='ltr'>&amp;c-</span> <span class='ocrx_word' id='word_1_478' title='bbox 2170 2467 2390 2510; x_wconf 88' lang='lat' dir='ltr'>innovatis.</span> 
     </span>
     <span class='ocr_line' id='line_1_86' title="bbox 1385 2525 2387 2583; baseline -0.002 -13"><span class='ocrx_word' id='word_1_479' title='bbox 1385 2531 1544 2583; x_wconf 73' lang='lat' dir='ltr'>Qiibus</span> <span class='ocrx_word' id='word_1_480' title='bbox 1583 2526 1767 2568; x_wconf 88' lang='lat' dir='ltr'>omnibus</span> <span class='ocrx_word' id='word_1_481' title='bbox 1798 2527 1836 2565; x_wconf 72' lang='grc'>8(</span> <span class='ocrx_word' id='word_1_482' title='bbox 1863 2526 2053 2580; x_wconf 73' lang='lat' dir='ltr'>lingulis,</span> <span class='ocrx_word' id='word_1_483' title='bbox 2082 2525 2243 2569; x_wconf 82' lang='lat' dir='ltr'>illorum</span> <span class='ocrx_word' id='word_1_484' title='bbox 2272 2539 2387 2568; x_wconf 84' lang='lat' dir='ltr'>teno-</span> 
     </span>
     <span class='ocr_line' id='line_1_87' title="bbox 1385 2584 2389 2639; baseline -0.005 -9"><span class='ocrx_word' id='word_1_485' title='bbox 1385 2602 1447 2631; x_wconf 91' lang='lat' dir='ltr'>res</span> <span class='ocrx_word' id='word_1_486' title='bbox 1472 2588 1551 2628; x_wconf 78' lang='lat' dir='ltr'>&amp;c-</span> <span class='ocrx_word' id='word_1_487' title='bbox 1582 2584 1819 2638; x_wconf 86' lang='lat' dir='ltr'>derogamus</span> <span class='ocrx_word' id='word_1_488' title='bbox 1841 2610 1856 2631; x_wconf 69' lang='lat' dir='ltr'>a</span> <span class='ocrx_word' id='word_1_489' title='bbox 1897 2584 2127 2639; x_wconf 84' lang='lat' dir='ltr'>caeterisque</span> <span class='ocrx_word' id='word_1_490' title='bbox 2171 2584 2389 2627; x_wconf 84' lang='lat' dir='ltr'>contrariis</span> 
     </span>
     <span class='ocr_line' id='line_1_88' title="bbox 1385 2645 1722 2702; baseline -0.018 -14"><span class='ocrx_word' id='word_1_491' title='bbox 1385 2645 1698 2702; x_wconf 85' lang='lat' dir='ltr'>quibuscumque</span> <span class='ocrx_word' id='word_1_492' title='bbox 1712 2673 1722 2682; x_wconf 93' lang='lat'>.</span> 
     </span>
    </p>

    <p class='ocr_par' dir='ltr' id='par_1_19' title="bbox 1382 2699 2391 2863">
     <span class='ocr_line' id='line_1_89' title="bbox 1445 2699 2386 2754; baseline -0.005 -8"><span class='ocrx_word' id='word_1_493' title='bbox 1445 2707 1594 2746; x_wconf 78' lang='lat' dir='ltr'>Datum</span> <span class='ocrx_word' id='word_1_494' title='bbox 1625 2703 1762 2743; x_wconf 68' lang='lat' dir='ltr'>Romae</span> <span class='ocrx_word' id='word_1_495' title='bbox 1789 2699 1891 2754; x_wconf 86' lang='lat' dir='ltr'>apud</span> <span class='ocrx_word' id='word_1_496' title='bbox 1917 2702 1955 2742; x_wconf 91' lang='lat' dir='ltr'>S.</span> <span class='ocrx_word' id='word_1_497' title='bbox 1984 2700 2151 2742; x_wconf 82' lang='lat' dir='ltr'>Mariam</span> <span class='ocrx_word' id='word_1_498' title='bbox 2185 2700 2386 2754; x_wconf 79' lang='lat' dir='ltr'>Maiorem</span> 
     </span>
     <span class='ocr_line' id='line_1_90' title="bbox 1382 2757 2387 2816; baseline -0.007 -11"><span class='ocrx_word' id='word_1_499' title='bbox 1382 2761 1450 2805; x_wconf 90' lang='lat' dir='ltr'>sub</span> <span class='ocrx_word' id='word_1_500' title='bbox 1490 2759 1650 2804; x_wconf 80' lang='lat' dir='ltr'>Annulo</span> <span class='ocrx_word' id='word_1_501' title='bbox 1694 2757 1908 2802; x_wconf 83' lang='lat' dir='ltr'>Piscatoris</span> <span class='ocrx_word' id='word_1_502' title='bbox 1935 2787 1947 2807; x_wconf 81' lang='lat'><strong>‚</strong></span> <span class='ocrx_word' id='word_1_503' title='bbox 1987 2758 2054 2799; x_wconf 91' lang='lat' dir='ltr'>die</span> <span class='ocrx_word' id='word_1_504' title='bbox 2087 2772 2207 2799; x_wconf 87' lang='lat' dir='ltr'><strong>xxv.</strong></span> <span class='ocrx_word' id='word_1_505' title='bbox 2237 2761 2387 2816; x_wconf 82' lang='lat' dir='ltr'>Janua·</span> 
     </span>
     <span class='ocr_line' id='line_1_91' title="bbox 1384 2813 2391 2863; baseline -0.003 0"><span class='ocrx_word' id='word_1_506' title='bbox 1384 2823 1431 2863; x_wconf 89' lang='lat' dir='ltr'>rii</span> <span class='ocrx_word' id='word_1_507' title='bbox 1466 2832 1647 2863; x_wconf 82' lang='lat' dir='ltr'>Mncxc</span> <span class='ocrx_word' id='word_1_508' title='bbox 1666 2830 1699 2858; x_wconf 88' lang='lat'>1.</span> <span class='ocrx_word' id='word_1_509' title='bbox 1733 2813 1994 2859; x_wconf 70' lang='lat' dir='ltr'>Pontificattn</span> <span class='ocrx_word' id='word_1_510' title='bbox 2025 2817 2146 2859; x_wconf 87' lang='lat' dir='ltr'>nostri</span> <span class='ocrx_word' id='word_1_511' title='bbox 2172 2819 2294 2858; x_wconf 92' lang='lat' dir='ltr'>Anno</span> <span class='ocrx_word' id='word_1_512' title='bbox 2329 2817 2391 2860; x_wconf 86' lang='lat' dir='ltr'>se-</span> 
     </span>
    </p>
   </div>
   <div class='ocr_carea' id='block_1_16' title="bbox 1385 2877 1552 2922">
    <p class='ocr_par' dir='ltr' id='par_1_20' title="bbox 1385 2877 1552 2922">
     <span class='ocr_line' id='line_1_92' title="bbox 1385 2877 1552 2922; baseline -0.03 0"><span class='ocrx_word' id='word_1_513' title='bbox 1385 2877 1521 2922; x_wconf 90' lang='lat' dir='ltr'>cundo</span> <span class='ocrx_word' id='word_1_514' title='bbox 1539 2905 1552 2917; x_wconf 94' lang='lat'><strong>.</strong></span> 
     </span>
    </p>
   </div>
   <div class='ocr_carea' id='block_1_17' title="bbox 1827 2988 2271 3034">
    <p class='ocr_par' dir='ltr' id='par_1_21' title="bbox 1827 2988 2271 3034">
     <span class='ocr_line' id='line_1_93' title="bbox 1827 2988 2271 3034; baseline 0.009 -4"><span class='ocrx_word' id='word_1_515' title='bbox 1827 2990 1862 3031; x_wconf 87' lang='lat'>1.</span> <span class='ocrx_word' id='word_1_516' title='bbox 1880 2989 1922 3031; x_wconf 81' lang='lat' dir='ltr'>F.</span> <span class='ocrx_word' id='word_1_517' title='bbox 1937 2988 2064 3032; x_wconf 88' lang='lat' dir='ltr'>Card.</span> <span class='ocrx_word' id='word_1_518' title='bbox 2079 2990 2271 3034; x_wconf 83' lang='lat' dir='ltr'>Albanus.</span> 
     </span>
    </p>
   </div>
   <div class='ocr_carea' id='block_1_18' title="bbox 1446 3164 2386 3282">
    <p class='ocr_par' dir='ltr' id='par_1_22' title="bbox 1446 3164 2386 3282">
     <span class='ocr_line' id='line_1_94' title="bbox 1446 3164 2386 3223; baseline -0.004 -12"><span class='ocrx_word' id='word_1_519' title='bbox 1446 3170 1589 3221; x_wconf 81' lang='lat' dir='ltr'>Autog.</span> <span class='ocrx_word' id='word_1_520' title='bbox 1602 3166 1645 3207; x_wconf 82' lang='lat' dir='ltr'>in</span> <span class='ocrx_word' id='word_1_521' title='bbox 1660 3167 1801 3206; x_wconf 75' lang='lat' dir='ltr'>Secret.</span> <span class='ocrx_word' id='word_1_522' title='bbox 1816 3168 1934 3206; x_wconf 83' lang='lat' dir='ltr'>Brev.</span> <span class='ocrx_word' id='word_1_523' title='bbox 1957 3164 2203 3218; x_wconf 77' lang='lat' dir='ltr'>Apostolicor.</span> <span class='ocrx_word' id='word_1_524' title='bbox 2232 3164 2386 3223; x_wconf 76' lang='lat' dir='ltr'>Regesto</span> 
     </span>
     <span class='ocr_line' id='line_1_95' title="bbox 1499 3221 2100 3282; baseline -0.002 -14"><span class='ocrx_word' id='word_1_525' title='bbox 1499 3223 1617 3282; x_wconf 64' lang='lat' dir='ltr'>mens:</span> <span class='ocrx_word' id='word_1_526' title='bbox 1631 3224 1684 3275; x_wconf 75' lang='lat'><em>&amp;</em></span> <span class='ocrx_word' id='word_1_527' title='bbox 1704 3221 1932 3282; x_wconf 83' lang='lat' dir='ltr'>annipraed.</span> <span class='ocrx_word' id='word_1_528' title='bbox 1945 3221 1991 3281; x_wconf 86' lang='lat' dir='ltr'>f.</span> <span class='ocrx_word' id='word_1_529' title='bbox 2004 3236 2024 3264; x_wconf 91' lang='lat'>2</span> <span class='ocrx_word' id='word_1_530' title='bbox 2036 3239 2100 3280; x_wconf 84' lang='lat'>¹4·</span> 
     </span>
    </p>
   </div>
   <div class='ocr_carea' id='block_1_19' title="bbox 2183 3871 2325 3917">
    <p class='ocr_par' dir='ltr' id='par_1_23' title="bbox 2183 3871 2325 3917">
     <span class='ocr_line' id='line_1_96' title="bbox 2183 3871 2325 3917; baseline -0.007 -2"><span class='ocrx_word' id='word_1_531' title='bbox 2183 3871 2325 3917; x_wconf 84' lang='lat' dir='ltr'>Eidem</span> 
     </span>
    </p>
   </div>
  </div>
 </body>
</html>
