2658 4256
978 233 1580 350 Tyrolenst-s..
2052 262 2220 348 149

212 373 336 417 nostra
362 369 511 412 liaerefis
549 370 658 414 luem
688 368 966 425 principaliter
991 366 1203 412 fundatum

213 428 286 474 effe
311 428 597 482 dignoscatur,
623 432 809 472 &Patres
839 426 950 482 hujus
978 427 1014 467 in
1040 429 1209 481 partici-

207 490 313 544 pium
331 498 412 528 tam
438 488 597 544 gloriosi
623 489 758 544 operis
782 497 952 538 vocare,
977 483 1210 540 eisdemque

205 557 448 602 perpetuum
477 547 714 601 Apostolicae
743 541 934 588 Minionis
969 553 1109 582 munus
1138 546 1208 585 iii-2

203 600 442 648 Praefeaura
467 605 601 647 nostra
628 603 849 657 Lungaviae
866 631 883 652 ,
921 601 996 655 qua
1023 599 1104 641 haec
1127 598 1212 640 late

205 665 336 719 quoad
352 663 613 718 temporalem
630 659 945 718 jurisdiffionem
968 666 1079 714 patet
1094 685 1108 708 ,
1123 656 1211 721 ele-

206 721 441 764 mentiffime
467 721 722 763 committere
747 745 762 768 ‚
791 728 935 762 tenore
963 715 1209 772 praesentium

204 780 462 822 decrevimus
477 808 488 819 .
522 778 717 820 Volumus
733 787 952 831 eapropter
966 802 980 825 ,
1010 776 1052 819 δι,
1066 777 1207 818 Pater-

204 838 324 880 nitati
344 840 436 880 Tua:
450 835 554 879 serio.
571 835 802 877 mandamus
821 863 834 885 ,
850 841 1061 889 quatenus.

259 896 297 945 ᾧ.
309 909 370 939 ιο.
405 895 554 938 Primo..
571 897 663 935 Duo
678 892 803 935 Nobis
822 889 1112 944 praesententur
1128 892 1204 932 Pa-

201 963 284 998 tres
312 954 363 996 de
386 951 548 996 Familia
564 950 792 992 Monasterii
819 950 857 990 in
877 945 1209 1004 Dambswegstd

200 1009 406 1070 praefatum
423 1008 656 1064 Apostolicae,
672 1006 862 1051 Miffionis.
877 1008 1136 1049 Ministerium
1153 1005 1204 1046 ri.

200 1071 242 1113 ῐὲ
257 1069 487 1112 obeundum
501 1066 650 1114 idonei,
663 1067 703 1107 &
721 1066 938 1122 Apostolici
952 1093 966 1116 ,
982 1065 1044 1106 vel
1061 1066 1080 1106 εἰ
1097 1066 1200 1105 sum-

195 1142 261 1172 mo
280 1124 476 1168 pontifice
494 1153 508 1174 ,
540 1125 603 1167 vel
618 1126 637 1164 a
656 1128 775 1167 Sacra
789 1123 1119 1179 congregatione
1146 1122 1197 1163 de

197 1185 463 1239 Propaganda
481 1182 583 1234 fide,
615 1187 677 1224 s'eu
695 1184 745 1225 ab
759 1197 808 1225 eo
823 1211 837 1233 ,
863 1183 927 1224 cui
954 1183 1004 1224 ab
1020 1183 1093 1223 hac
1109 1180 1204 1222 talisv

199 1241 452 1299 delegabitur
467 1239 635 1284 facultas
653 1269 665 1292 ,
693 1241 934 1296 approbati,
959 1237 1201 1283 necessariis-

198 1316 275 1358 que
293 1301 340 1344 ad
356 1302 551 1344 Misliones
566 1304 598 1342 A
605 1298 813 1355 postolicas
831 1301 1050 1356 privilegiis
1066 1300 1103 1341 in
1111 1298 1204 1340 stru-

198 1362 251 1402 eti
266 1389 280 1412 ,
293 1360 473 1407 necTibi
488 1385 502 1407 a
524 1357 896 1414 Succefforibusque
909 1359 985 1400 tuis
999 1357 1203 1412 ‘integrum

200 1421 277 1468 fit,
305 1418 508 1473 postquam
535 1418 593 1460 illi
618 1416 731 1459 semel
758 1415 907 1459 fuerint
934 1418 982 1458 ad
1000 1416 1201 1471 Missiones

199 1475 355 1519 nostras
369 1475 514 1519 delesti
535 1489 628 1526 ‚eos
644 1489 832 1518 amovere
850 1502 865 1524 a
888 1474 957 1517 nifi
972 1502 986 1524 ,
999 1477 1066 1518 ubi
1085 1475 1207 1529 primi

196 1536 396 1589 integrum
419 1533 663 1578 absolverint
686 1548 834 1577 annum
851 1562 864 1585 ,
889 1533 1202 1590 subrogatione,

196 1593 365 1636 subinde
384 1622 398 1644 ,
421 1604 541 1647 atque
558 1592 770 1635 successivis
800 1595 1000 1649 perpetuis
1015 1594 1204 1647 tempori.

193 1652 269 1694 bus
292 1650 337 1693 ea
364 1654 520 1696 ratione
541 1651 752 1703 facienda,
784 1662 826 1692 ut
848 1667 977 1703 unus,
1006 1652 1069 1693 vel
1096 1651 1202 1692 alter

194 1709 334 1753 saltem
358 1712 482 1761 adsit,
508 1712 574 1764 qui
598 1709 675 1764 jam
697 1723 768 1762 per
783 1723 928 1761 annum
954 1712 994 1751 in
1009 1707 1207 1764 praemiffo.

194 1769 338 1810 Ordini
362 1779 434 1810 tuo
447 1768 636 1823 affignato
651 1768 825 1808 districtu
842 1766 1072 1809 Missionarii
1088 1781 1200 1809 exer.

198 1826 328 1869 cuerit
345 1840 513 1876 munus,
541 1836 661 1867 notos
685 1825 828 1868 habeat
855 1825 1098 1869 subditorum
1115 1854 1128 1876 ,
1158 1827 1202 1872 &N

193 1885 421 1927 Incolarum
440 1898 598 1932 mores,
627 1884 671 1925 sit
696 1884 734 1925 in
756 1898 798 1926 re
830 1883 1051 1930 Miffionum
1078 1885 1199 1939 prac‘ti

195 1957 292 1992 cus,
319 1942 536 2000 potensque
567 1943 763 1988 instruere
792 1944 955 1984 noviter
981 1943 1198 1985 advenien-

197 2011 282 2043 tes:
303 2003 341 2043 &
363 2016 461 2057 quos
491 2015 564 2056 pro
582 2012 764 2056 tempore
781 2000 1042 2047 Miffionarios
1067 2001 1198 2056 quoad

197 2075 244 2102 ea
258 2089 271 2110 ,
303 2072 387 2114 quae
406 2060 592 2102 Miffionis
611 2074 749 2105 munus,
761 2071 1012 2102 concernunt
1028 2089 1041 2111 ,
1058 2061 1198 2102 imme-

201 2117 315 2160 diate
342 2118 382 2157 &
408 2118 526 2160 unice
556 2117 692 2160 nostris
722 2147 736 2169 ,
773 2119 1075 2174 nostrorumque
1100 2124 1199 2161 Suc-

134 2216 143 2229 ,
199 2174 391 2219 celsorum
411 2176 601 2220 mandatis
617 2202 631 2226 ,
655 2177 788 2232 quoad
803 2177 1048 2233 disciplinam
1064 2192 1198 2219 mona-

200 2236 334 2276 sticam
354 2235 448 2275 vert>
466 2235 555 2277 Tibi
579 2261 593 2285 2
604 2236 658 2277 .&
677 2236 909 2279 Guardiano
923 2250 1064 2278 eorum
1081 2237 1196 2280 volit-

195 2305 281 2336 mus
296 2319 311 2343 ,
337 2293 376 2332 ἃ.
393 2291 549 2334 finimus
567 2290 640 2334 effe
656 2293 851 2346 subjectos
865 2322 878 2337 ·.

251 2350 451 2394 Secundo.
465 2352 620 2395 Horum
635 2351 967 2403 Missionariorum
982 2368 1102 2407 porro
1115 2353 1198 2395 uni·

198 2424 245 2454 ca
257 2423 350 2450 cura
365 2410 439 2450 erit
453 2437 467 2459 ,
483 2406 716 2456 incessanter
731 2413 835 2452 intra
853 2411 1075 2465 praedictum
1093 2415 1200 2455 Lun-

199 2467 389 2524 gaviensis
407 2462 645 2510 Praefectura:
658 2469 879 2513 districtum
896 2469 1056 2516 deloco
1071 2474 1119 2512 ad
1135 2471 1197 2512 lo-

195 2541 286 2569 cuni
300 2554 314 2576 ,
346 2529 382 2568 &
398 2555 411 2577 ,
424 2525 446 2567 fi
467 2526 617 2569 necesse
631 2526 748 2570 fueri't
763 2557 778 2579 ,
802 2529 921 2571 etiam
947 2529 1133 2572 dedomo
1147 2529 1201 2574 ad⁴

191 2586 357 2626 domuin
373 2599 421 2626 ex
436 2586 638 2633 uri-endo,
654 2587 842 2630 Miffionis
858 2589 1094 2644 Apostolicae
1112 2605 1196 2631 niu-

196 2657 267 2685 nus
282 2643 469 2685 alacriter
481 2644 644 2698 explere
660 2673 674 2695 ,
687 2647 1012 2688 cathechizando
1029 2676 1042 2697 ,
1072 2648 1196 2691 rudes

195 2701 235 2741 in
257 2702 440 2742 Doctrina
453 2701 676 2747 Christiana
704 2705 938 2747 instruendo
959 2736 975 2757 ‚
1001 2707 1196 2751 reducen->

194 2758 249 2799 do
270 2759 499 2799 dubitantes
524 2761 574 2800 ad
599 2761 702 2802 viam
737 2766 914 2805 veritatis
930 2793 944 2814 ,
972 2765 1119 2821 hosque
1149 2766 1187 2807 in

196 2818 269 2857 hac
284 2815 582 2867 confirmando,
606 2819 646 2859 in
663 2819 869 2863 haereticos
884 2850 897 2872 ,
910 2822 976 2869 seu
991 2823 1041 2866 de
1059 2823 1190 2869 baerefi,

195 2874 387 2928 suspeistos
400 2901 414 2922 -,
439 2875 660 2930 horumque
676 2878 953 2929 consultores,
980 2880 1158 2923 fautores
1171 2906 1193 2929 ,¹

195 2943 480 2988 receptatores,
496 2933 688 2975 librorum
704 2936 1028 2983 Acatholicorum
1044 2936 1194 2982 decen-l

195 3002 300 3033 tores
317 3020 330 3040 ,
347 2991 409 3032 vel
427 2991 687 3036 detentorum
702 2994 879 3035 conscios
894 3023 908 3045 ‚
929 2997 967 3036 &
982 3009 1058 3035 non
1074 3009 1188 3037 reve-

194 3050 326 3093 lantes
341 3079 354 3098 ,
378 3064 444 3092 eus
468 3051 505 3092 in
523 3052 776 3095 Provinciam
794 3052 963 3094 nosti-am
982 3052 1163 3095 ferentes
1178 3081 1199 3104 ,A

195 3108 260 3150 seu
278 3109 526 3151 intrudentes
540 3138 553 3158 ‚
570 3111 794 3166 horumque
810 3113 1078 3162 auxiliatores,
1091 3126 1191 3153 con-

195 3165 312 3215 scios,
338 3164 403 3208 seu
422 3167 639 3225 participes
662 3170 931 3226 inquirendo,
956 3172 1102 3225 hosque
1119 3196 1131 3219 ,
1154 3172 1192 3212 Sc

196 3224 291 3271 alios
320 3223 539 3278 hujusmodi
563 3224 695 3268 firinae
719 3229 895 3271 homines
911 3257 923 3278 ,
947 3231 1102 3279 Nobis,
1125 3229 1195 3274 velt

196 3285 259 3325 cui
291 3297 360 3335 per
379 3287 461 3324 Nos
478 3311 491 3332 ,
520 3285 554 3325 δε
581 3285 834 3329 Succeffores
857 3288 1006 3330 nostros
1026 3288 1192 3341 deman-

196 3341 358 3383 dabitur
374 3369 386 3390 ‚
414 3340 488 3383 fine
512 3341 641 3397 aliqua
661 3341 922 3388 Pei-sonarum
945 3347 1194 3401 acceptatio·

196 3413 247 3441 ne
263 3428 276 3450 ‚
300 3399 486 3457 omnique
515 3401 682 3455 seposito
707 3405 878 3446 humano
906 3404 1041 3446 affestu
1069 3433 1083 3454 ,
1108 3401 1190 3447 'de-

198 3459 431 3499 nunciando
447 3488 457 3508 ,
474 3462 652 3504 Verbum
670 3464 855 3504 Divinum
870 3492 885 3513 ,
900 3465 939 3504 δι
956 3462 1064 3506 Fidei
1083 3465 1190 3517 Dog-

196 3523 298 3557 mata
314 3517 457 3568 ubivis,
472 3519 508 3560 &
525 3520 644 3562 etiam
661 3535 707 3562 ex
722 3521 928 3564 Cathedra
943 3521 1014 3577 (fic
1032 3532 1162 3563 tamen
1174 3547 1188 3568 ‚

200 3584 243 3614 ut
257 3572 560 3618 Ordinariorum
575 3593 650 3621 nnn
667 3579 939 3621 disturbentur
954 3578 1188 3623 Ecclesiasti-

197 3644 251 3671 cae
266 3629 517 3696 funftiones)
541 3637 641 3679 intra
656 3637 743 3692 ipsis
760 3638 1003 3693 designatum
1021 3636 1184 3693 praemis-

195 3691 277 3731 ium
303 3688 517 3735 dirmetum
541 3696 766 3745 tradendo,
794 3697 843 3739 fic
869 3699 909 3738 &
933 3697 1184 3740 Poenitentiae

193 3750 594 3805 Sacramentumffola
608 3754 1187 3811 demptattonfeffionePascha.

193 3808 238 3860 li,
255 3808 280 3851 fi
297 3810 480 3853 locorum
491 3813 689 3858 Curiones
707 3813 817 3858 ultro
829 3829 908 3864 non
926 3816 1185 3875 annuerent)

1270 367 1566 412 §amount-iam
1584 361 1683 407 verb
1701 362 1986 406 Eucharistiam
2002 392 2015 414 ,
2038 369 2190 410 nonnisi
2206 397 2218 418 ,
2231 373 2272 415 in

1269 426 1431 481 propria
1448 435 1586 467 eorum
1605 421 1834 465 Monasterii
1852 422 2022 464 Ecclesia
2037 452 2050 472 ,
2070 424 2134 466 vel
2152 427 2273 479 alibi,

1272 486 1412 528 habito
1439 485 1477 523 in
1502 482 1543 526 id
1559 477 1834 535 praediftorum
1852 482 2077 523 Curionum
2091 481 2240 526 assensu
2257 514 2271 537 ‚

1273 542 1587 586 administrando
1601 567 1616 588 ‚
1639 537 1749 589 aegris
1766 537 1805 580 8(
1818 539 2067 581 moribundis
2086 541 2274 585 solatium

1275 614 1366 644 cum
1382 599 1534 643 auxilio
1548 593 1819 651 impendendo
1833 622 1847 645 ⁵
1860 605 1978 651 atque
1993 613 2038 641 ea
2052 600 2186 642 omnia
2201 599 2275 641 de·
2297 645 2299 647 ,

1273 671 1380 700 mum
1396 655 1628 710 peragendo
1641 682 1655 704 ‚
1671 665 1753 708 quae
1770 651 2019 698 individuum
2039 657 2272 701 Miffionarii

1270 714 1487 769 Apostolici
1505 713 1631 768 exigit
1646 723 1799 759 munuS,
1815 708 1899 763 jure
1914 712 2121 767 sepulturae
2136 717 2273 765 ,alio-

1266 786 1345 826 que
1358 785 1612 827 quocumque
1626 766 1854 816 Parochiali'
1872 796 1884 818 ‚
1903 770 2051 826 semper
2063 776 2100 815 &
2118 776 2269 832 ubique

1265 829 1490 873 ordinariis
1507 830 1690 872 locorum
1704 820 1925 871 reservam.
2112 866 2115 869 ,

1324 888 1486 930 Tertio.
1522 887 1721 930 Volumus
1734 882 1905 940 insuper,
1917 886 2022 941 quod
2042 888 2107 941 ipsi
2123 891 2270 932 Mimo.

1265 946 1363 992 narii
1393 945 1595 991 invitam,
1623 946 1805 984 &mores
1834 956 1911 984 non
1938 944 2058 986 modo
2090 949 2269 990 subdito.

1264 1004 1459 1058 rum„ipiis
1474 1004 1582 1048 intra
1594 1000 1783 1055 praedietae
1802 1002 2010 1054 Lungaviae
2025 1001 2118 1046 fines
2136 1007 2268 1059 quoad

1263 1062 1451 1106 Miffionis
1478 1061 1738 1105 Ministerium
1776 1057 2069 1110 commissorum
2095 1090 2109 1112 ,
2144 1064 2206 1104 sed
2230 1067 2270 1107 ὃς

1262 1135 1400 1163 eorum
1416 1150 1430 1171 ,
1453 1121 1595 1174 quibus
1621 1119 1687 1171 ipfi
1705 1117 1851 1165 subditi
1867 1132 1915 1161 ex
1937 1118 2121 1173 delegata
2139 1121 2269 1164 nostra

1262 1180 1535 1237 jurisdictione
1552 1177 1743 1228 subsunt,
1771 1175 1909 1220 sedulo
1925 1177 2133 1231 invigilare
2152 1190 2268 1222 tene-

1264 1235 1405 1284 antur,
1433 1240 1613 1292 datoque
1632 1236 1791 1282 defet‘tu
1806 1262 1820 1284 ‚
1850 1236 2059 1292 Religioni
2087 1239 2238 1279 directe
2253 1266 2267 1287 ,

1267 1298 1331 1338 vel
1354 1297 1551 1338 indirefte
1567 1297 1834 1351 perniciososti
1851 1294 2029 1343 fraterna
2044 1295 2268 1339 admonitio

1263 1370 1356 1399 eum
1370 1369 1451 1397 non
1467 1355 1602 1406 tollat,
1615 1355 1804 1405 Nobis2&
1820 1353 2114 1398 successoribus
2131 1356 2269 1397 nostris

1263 1417 1311 1458 ad
1341 1415 1524 1470 proprias
1548 1428 1662 1458 aures
1689 1411 1873 1471 deferre3
1907 1411 1952 1455 ea
1970 1412 2058 1467 ipsa
2079 1416 2265 1466 ratione,

1264 1489 1339 1531 qua
1362 1485 1531 1516 econtra
1562 1473 1701 1515 nostris
1734 1471 2058 1516 demandabimus
2093 1470 2266 1519 Decanis

1264 1534 1459 1576 ruralibus
1478 1531 1722 1587 perspectum
1741 1530 1940 1576 habendi,
1966 1543 2013 1570 an
2033 1529 2268 1575 Miffionarii

1265 1591 1330 1645 ipsi
1350 1591 1537 1633 Miffionis
1550 1602 1691 1630 munus
1705 1588 1843 1632 debite
1858 1587 2101 1642 adimpleant
2116 1618 2129 1639 ,
2154 1591 2194 1631 δι
2209 1589 2268 1634 as-

1262 1651 1475 1704 sequantur
1502 1645 1670 1696 extaffe,
1698 1647 1848 1701 quidve
1873 1647 2096 1695 operentur
2120 1648 2268 1691 adver-

1262 1710 1324 1751 sus
1341 1710 1420 1749 haec
1438 1707 1567 1748 nostra
1582 1705 1793 1756 mandata,
1808 1706 1952 1749 Nobis
1968 1703 2147 1747 defectus
2165 1736 2177 1757 ,
2198 1710 2267 1752 ubi

1259 1769 1332 1808 hos
1353 1795 1366 1817 ,
1395 1765 1418 1806 fi
1447 1766 1571 1821 aliqui
1599 1776 1744 1817 praeter
1767 1765 1875 1818 spem
1903 1765 2074 1807 nostram
2104 1779 2265 1808 omnem

1261 1823 1536 1880 contigerint,
1559 1822 1737 1870 fraterna⁴
1750 1823 1973 1872 admonitio
1988 1837 2069 1866 non
2085 1824 2259 1881 dissipet,

1260 1885 1398 1930 debite
1415 1883 1623 1927 relaturis..

1316 1942 1480 2002 Qartb
1506 1971 1517 1982 .
1558 1944 1702 2001 Qare
1729 1941 2068 1996 praesentabuntur
2105 1941 2263 1998 semper

1262 2005 1351 2045 Viri
1375 2014 1465 2042 cum
1491 1998 1679 2051 scientia,
1707 2010 1791 2042 tum
1807 2002 1946 2046 &vitae
1970 2002 2262 2046 saneiimonib

1262 2061 1387 2111 clari,
1415 2059 1502 2113 justi
1519 2088 1533 2111 ,
1564 2061 1822 2115 incorrupti,
1841 2061 2013 2115 integri,
2036 2061 2171 2103 suaves
2188 2090 2201 2112 ,
2223 2064 2263 2108 ὃς

1261 2120 1415 2161 insimul
1434 2117 1559 2160 severi
1574 2145 1588 2166 a
1602 2132 1748 2174 graves
1763 2148 1777 2170 ,
1797 2119 1951 2177 sagaces
1963 2148 1976 2170 ,
1993 2130 2073 2161 tam
2087 2120 2127 2161 in
2144 2121 2264 2163 Pole-

1257 2179 1360 2225 mica
1377 2208 1390 2229 ,
1405 2180 1524 2232 quam
1543 2180 1670 2228 iniis,
1683 2192 1765 2233 quae
1781 2179 1829 2219 ad
1847 2178 2164 2232 promovendam
2182 2181 2261 2221 hae-

1255 2238 1462 2280 reticalem
1481 2237 1779 2292 inqurifitionem
1793 2237 2043 2287 conducunt,
2054 2237 2158 2281 bene
2172 2251 2265 2280 ver·

1257 2298 1325 2339 sati
1344 2310 1358 2350 3
1375 2311 1448 2339 nec
1464 2298 1663 2351 accipient
1681 2294 1738 2337 illi
1754 2298 1774 2337 a
1791 2295 1974 2346 subditis,
1989 2296 2118 2351 quoad
2139 2296 2262 2340 Miss'-

1257 2359 1343 2399 onis
1361 2369 1501 2397 munus
1515 2355 1569 2396 eis
1586 2353 2061 2409 subjet‘tisssleemosynas
2078 2369 2150 2410 pro
2166 2354 2262 2397 Mis-

1258 2414 1334 2466 sis,
1360 2415 1488 2456 aliave
1514 2428 1681 2456 munera
1698 2441 1712 2463 ,
1741 2411 1874 2457 forent
1908 2412 2003 2453 licet
2029 2411 2229 2455 esculenta
2248 2442 2260 2464 ,

1252 2476 1297 2518 ἃ
1317 2473 1551 2528 poculenta,
1568 2472 1698 2516 multo
1714 2473 1840 2514 minus
1855 2469 1987 2513 a‘dhuc
2001 2471 2261 2522 coniecturas,

1258 2532 1323 2574 seu
1343 2533 1533 2586 quaestuas
1560 2532 1764 2575 instituent
1790 2560 1804 2581 ,
1843 2530 1900 2573 his
1931 2532 1970 2571 δι
1999 2530 2078 2572 illis
2105 2533 2260 2579 caeteris

1254 2592 1308 2635 de
1336 2591 1576 2634 monasterio
1593 2590 1802 2640 Patribus,
1828 2600 1871 2633 ut
1902 2590 2087 2632 haetenus
2111 2592 2259 2633 habue-

1254 2662 1371 2701 runt,
1397 2649 1521 2691 iliaefis
1541 2650 1732 2700 retentis;
1757 2649 1823 2704 qui
1840 2648 2067 2690 Miffionarii
2093 2646 2253 2708 insuper

1249 2710 1492 2765 perdurante
1511 2708 1721 2750 Ministerii
1733 2721 1872 2747 eorum
1887 2706 2142 2761 praedefinito
2155 2721 2259 2752 tem-

1248 2782 1344 2826 pore
1371 2764 1687 2822 Lungaviensem
1707 2763 1983 2807 PraefeRuram
2008 2765 2146 2817 egredi
2178 2780 2271 2809 non.

1247 2835 1442 2882 poterunt
1458 2855 1470 2874 ‚
1495 2826 1515 2865 a
1533 2817 1691 2878 Nobis,
1708 2823 1772 2862 vel
1791 2820 2081 2865 Successoribus
2107 2823 2250 2867 nostris

1247 2882 1326 2927 non
1351 2881 1568 2937 praehabita
1594 2878 1754 2923 iicentia
1770 2908 1783 2929 ,
1811 2880 1865 2921 eis
1882 2892 2151 2924 veruntamen
2175 2897 2255 2927 non

1249 2940 1316 2986 nisi
1332 2940 1508 2994 gravide
1534 2936 1914 2993 causadenegandti,
1956 2936 1959 2940 ’
2200 2948 2202 2950 ·

1310 2999 1483 3055 Quinto.
1503 2996 1632 3040 'Licet
1654 3008 1789 3043 autem
1804 2997 1948 3040 Ordini
1964 3007 2035 3040 tuo
2048 2999 2253 3054 Apostoli·

1252 3069 1304 3100 cae
1333 3054 1524 3099 Miffionis
1548 3069 1690 3099 munus
1715 3057 1750 3097 in
1776 3055 1958 3109 praedista
1985 3058 2249 3113 Lungavienfi

1251 3112 1488 3161 Praefectui-:t
1508 3114 1704 3168 privative
1725 3114 2027 3157 committamus
2043 3145 2053 3163 ‚
2079 3117 2252 3159 liberum

1251 3183 1388 3217 tamen
1400 3172 1605 3223 Niobis„&-
1618 3173 1915 3216 Successoribus
1932 3173 2074 3214 nostris
2090 3175 2166 3217 esl'e
2182 3190 2253 3217 vo-

1252 3231 1382 3276 lumus
1395 3257 1409 3279 ,
1425 3231 1522 3275 alios
1537 3245 1695 3287 quoque
1709 3231 1871 3278 alterius
1890 3232 2111 3287 Religionis
2126 3234 2248 3276 Viros

1253 3292 1291 3331 in
1311 3288 1616 3344 Lungaviensem
1634 3290 1848 3334 distrietum
1874 3289 1928 3334 ad
1942 3300 2096 3344 tempus
2110 3293 2250 3337 mitte-

1252 3362 1296 3391 re
1315 3376 1328 3398 ,
1355 3347 1611 3391 Mislionarios
1626 3351 1677 3392 de
1690 3347 1865 3391 districtu
1882 3351 1983 3405 vero
1995 3350 2088 3392 alibi
2104 3351 2223 3391 etiam
2236 3377 2249 3399 ,

1250 3408 1290 3448 &
1309 3415 1422 3448 extra
1438 3405 1557 3458 illum·
1569 3408 1618 3451 ad
1637 3408 1834 3451 Mifliones
1849 3435 1861 3457 ,
1879 3407 2029 3460 pariter
2043 3419 2176 3452 tamen
2193 3409 2245 3449 ad

1250 3475 1406 3517 tempus
1423 3493 1436 3516 ,
1450 3464 1639 3520 ablegare
1655 3495 1669 3518 ,
1690 3465 1872 3512 Miffione
1891 3478 1964 3519 pro
1986 3466 2170 3512 Patribus
2187 3467 2246 3508 tui

1249 3523 1413 3565 Ordinis
1439 3537 1697 3567 veruntamen
1725 3524 1761 3564 in
1798 3524 2002 3577 Lungavia
2032 3525 2213 3580 praedidta
2228 3553 2242 3575 ,

1249 3583 1389 3627 harum
1414 3592 1556 3625 tenore
1570 3584 1726 3639 semper
1740 3579 1844 3638 fixa,
1867 3582 1957 3636 &in
1971 3582 2041 3625 suo
2055 3586 2241 3631 robore,

1245 3639 1359 3684 firma
1378 3652 1576 3684 manente.

1260 3735 1262 3738 ,
1303 3701 1475 3741 Cui-abit
1491 3697 1660 3754 proinde
1672 3699 1896 3741 Paternitas
1911 3700 2135 3756 tua,tuique
2147 3703 2242 3742 Suc-

1248 3756 1417 3800 cessores
1431 3771 1587 3807 omnes,
1601 3760 1806 3811 perpetuis
1821 3759 1961 3799 futuris
1976 3759 2240 3814 temporibus,

1246 3828 1289 3859 ut
1312 3827 1394 3872 tam
1415 3814 1588 3859 stilutare
1602 3817 1775 3859 nostrum
1792 3816 2040 3873 propositum
2055 3817 2240 3859 alacriter

2096 3889 2190 3916 exe-

2625 265 2653 300 *k
