<?xml version="1.0" encoding="UTF-8"?>
<!DOCTYPE html PUBLIC "-//W3C//DTD XHTML 1.0 Transitional//EN"
    "http://www.w3.org/TR/xhtml1/DTD/xhtml1-transitional.dtd">
<html xmlns="http://www.w3.org/1999/xhtml" xml:lang="en" lang="en">
 <head>
  <title>
</title>
<meta http-equiv="Content-Type" content="text/html;charset=utf-8" />
  <meta name='ocr-system' content='tesseract 3.04.00' />
  <meta name='ocr-capabilities' content='ocr_page ocr_carea ocr_par ocr_line ocrx_word'/>
</head>
<body>
  <div class='ocr_page' id='page_1' title='image "./bullariumordinis04cath_0345.png"; bbox 0 0 2638 4204; ppageno 0'>
   <div class='ocr_carea' id='block_1_1' title="bbox 959 241 2267 360">
    <p class='ocr_par' dir='ltr' id='par_1_1' title="bbox 959 241 2267 360">
     <span class='ocr_line' id='line_1_1' title="bbox 959 241 2267 360; baseline 0.002 -28"><span class='ocrx_word' id='word_1_1' title='bbox 959 241 1691 354; x_wconf 78' lang='lat' dir='ltr'>Coloniensts.</span> <span class='ocrx_word' id='word_1_2' title='bbox 2107 273 2267 360; x_wconf 87' lang='lat'>317</span> 
     </span>
    </p>
   </div>
   <div class='ocr_carea' id='block_1_2' title="bbox 265 369 2326 609">
    <p class='ocr_par' dir='ltr' id='par_1_2' title="bbox 265 369 2326 609">
     <span class='ocr_line' id='line_1_2' title="bbox 268 369 2325 433; baseline -0.001 -15"><span class='ocrx_word' id='word_1_3' title='bbox 268 376 513 433; x_wconf 85' lang='lat' dir='ltr'>responsuri.</span> <span class='ocrx_word' id='word_1_4' title='bbox 564 378 816 422; x_wconf 85' lang='lat' dir='ltr'>Remoratur</span> <span class='ocrx_word' id='word_1_5' title='bbox 826 384 958 420; x_wconf 82' lang='lat' dir='ltr'>tamen</span> <span class='ocrx_word' id='word_1_6' title='bbox 985 378 1022 419; x_wconf 88' lang='lat' dir='ltr'>in</span> <span class='ocrx_word' id='word_1_7' title='bbox 1043 376 1277 432; x_wconf 54' lang='lat' dir='ltr'>praesentia„</span> <span class='ocrx_word' id='word_1_8' title='bbox 1337 377 1390 417; x_wconf 88' lang='lat' dir='ltr'>nii</span> <span class='ocrx_word' id='word_1_9' title='bbox 1412 375 1530 417; x_wconf 76' lang='lat'>1608.</span> <span class='ocrx_word' id='word_1_10' title='bbox 1545 370 1743 426; x_wconf 84' lang='lat' dir='ltr'>expeditis</span> <span class='ocrx_word' id='word_1_11' title='bbox 1764 369 1925 416; x_wconf 75' lang='lat' dir='ltr'>uberius</span> <span class='ocrx_word' id='word_1_12' title='bbox 1941 374 2186 416; x_wconf 75' lang='lat' dir='ltr'>continetur.</span> <span class='ocrx_word' id='word_1_13' title='bbox 2207 386 2325 423; x_wconf 52' lang='lat' dir='ltr'>num.</span> 
     </span>
     <span class='ocr_line' id='line_1_3' title="bbox 267 429 2326 495; baseline -0.001 -17"><span class='ocrx_word' id='word_1_14' title='bbox 267 435 570 494; x_wconf 71' lang='lat' dir='ltr'>propensionem</span> <span class='ocrx_word' id='word_1_15' title='bbox 594 440 694 478; x_wconf 81' lang='lat' dir='ltr'>hanc</span> <span class='ocrx_word' id='word_1_16' title='bbox 714 438 909 482; x_wconf 71' lang='lat' dir='ltr'>nostram,</span> <span class='ocrx_word' id='word_1_17' title='bbox 929 435 1023 489; x_wconf 90' lang='lat' dir='ltr'>quin</span> <span class='ocrx_word' id='word_1_18' title='bbox 1057 438 1272 486; x_wconf 72' lang='lat' dir='ltr'>expolitam</span> <span class='ocrx_word' id='word_1_19' title='bbox 1333 449 1412 490; x_wconf 89' lang='lat' dir='ltr'>quc</span> <span class='ocrx_word' id='word_1_20' title='bbox 1440 431 1645 487; x_wconf 80' lang='lat' dir='ltr'>quoddam</span> <span class='ocrx_word' id='word_1_21' title='bbox 1663 429 1805 495; x_wconf 45' lang='lat' dir='ltr'>Alta-re</span> <span class='ocrx_word' id='word_1_22' title='bbox 1823 431 2005 475; x_wconf 83' lang='lat' dir='ltr'>Ecclefiae</span> <span class='ocrx_word' id='word_1_23' title='bbox 2022 433 2174 476; x_wconf 71' lang='lat' dir='ltr'>Domus</span> <span class='ocrx_word' id='word_1_24' title='bbox 2194 439 2326 492; x_wconf 79' lang='lat' dir='ltr'>Regu.</span> 
     </span>
     <span class='ocr_line' id='line_1_4' title="bbox 265 489 2326 553; baseline -0.002 -18"><span class='ocrx_word' id='word_1_25' title='bbox 265 493 433 535; x_wconf 55' lang='lat' dir='ltr'>§divisis</span> <span class='ocrx_word' id='word_1_26' title='bbox 451 509 578 549; x_wconf 86' lang='lat' dir='ltr'>nuper</span> <span class='ocrx_word' id='word_1_27' title='bbox 596 497 818 537; x_wconf 77' lang='lat' dir='ltr'>Provinciis</span> <span class='ocrx_word' id='word_1_28' title='bbox 833 493 1101 548; x_wconf 87' lang='lat' dir='ltr'>suffragiorum</span> <span class='ocrx_word' id='word_1_29' title='bbox 1123 496 1261 546; x_wconf 75' lang='lat' dir='ltr'>pai-ita</span> <span class='ocrx_word' id='word_1_30' title='bbox 1330 493 1425 535; x_wconf 85' lang='lat' dir='ltr'>laris</span> <span class='ocrx_word' id='word_1_31' title='bbox 1452 494 1637 534; x_wconf 87' lang='lat' dir='ltr'>Fratrum</span> <span class='ocrx_word' id='word_1_32' title='bbox 1663 489 1757 530; x_wconf 66' lang='lat' dir='ltr'>dien</span> <span class='ocrx_word' id='word_1_33' title='bbox 1783 490 1950 553; x_wconf 60' lang='lat' dir='ltr'>Ordenis</span> <span class='ocrx_word' id='word_1_34' title='bbox 1976 521 1988 542; x_wconf 88' lang='lat'>,</span> <span class='ocrx_word' id='word_1_35' title='bbox 2013 493 2163 547; x_wconf 85' lang='lat' dir='ltr'>Oppidi</span> <span class='ocrx_word' id='word_1_36' title='bbox 2193 498 2326 550; x_wconf 69' lang='lat' dir='ltr'>Aquis:</span> 
     </span>
     <span class='ocr_line' id='line_1_5' title="bbox 265 546 2326 609; baseline 0.001 -16"><span class='ocrx_word' id='word_1_37' title='bbox 265 562 349 593; x_wconf 90' lang='lat' dir='ltr'>tem</span> <span class='ocrx_word' id='word_1_38' title='bbox 366 552 577 594; x_wconf 87' lang='lat' dir='ltr'>statuamus</span> <span class='ocrx_word' id='word_1_39' title='bbox 591 583 606 603; x_wconf 91' lang='lat'>,</span> <span class='ocrx_word' id='word_1_40' title='bbox 631 564 814 595; x_wconf 83' lang='lat' dir='ltr'>accurata</span> <span class='ocrx_word' id='word_1_41' title='bbox 845 552 1017 594; x_wconf 79' lang='lat' dir='ltr'>emanati</span> <span class='ocrx_word' id='word_1_42' title='bbox 1046 554 1069 594; x_wconf 69' lang='lat' dir='ltr'>a</span> <span class='ocrx_word' id='word_1_43' title='bbox 1097 551 1164 592; x_wconf 86' lang='lat' dir='ltr'>fel.</span> <span class='ocrx_word' id='word_1_44' title='bbox 1181 565 1264 593; x_wconf 89' lang='lat' dir='ltr'>rec.</span> <span class='ocrx_word' id='word_1_45' title='bbox 1328 551 1438 603; x_wconf 85' lang='lat' dir='ltr'>grani</span> <span class='ocrx_word' id='word_1_46' title='bbox 1456 579 1471 600; x_wconf 83' lang='lat'>‚</span> <span class='ocrx_word' id='word_1_47' title='bbox 1486 546 1654 604; x_wconf 85' lang='lat' dir='ltr'>praesatae</span> <span class='ocrx_word' id='word_1_48' title='bbox 1671 551 1891 589; x_wconf 73' lang='lat' dir='ltr'>Provmciae</span> <span class='ocrx_word' id='word_1_49' title='bbox 1906 551 2157 594; x_wconf 86' lang='lat' dir='ltr'>Colonienfis</span> <span class='ocrx_word' id='word_1_50' title='bbox 2172 579 2186 601; x_wconf 85' lang='lat'>‚</span> <span class='ocrx_word' id='word_1_51' title='bbox 2216 555 2326 609; x_wconf 86' lang='lat' dir='ltr'>quod</span> 
     </span>
    </p>
   </div>
   <div class='ocr_carea' id='block_1_3' title="bbox 255 609 1265 1367">
    <p class='ocr_par' dir='ltr' id='par_1_3' title="bbox 255 609 1265 1367">
     <span class='ocr_line' id='line_1_6' title="bbox 266 609 1265 654; baseline -0.004 -1"><span class='ocrx_word' id='word_1_52' title='bbox 266 609 484 654; x_wconf 81' lang='lat' dir='ltr'>Decessore</span> <span class='ocrx_word' id='word_1_53' title='bbox 510 612 643 653; x_wconf 87' lang='lat' dir='ltr'>nostro</span> <span class='ocrx_word' id='word_1_54' title='bbox 669 613 708 652; x_wconf 85' lang='lat' dir='ltr'>in</span> <span class='ocrx_word' id='word_1_55' title='bbox 737 611 980 652; x_wconf 82' lang='lat' dir='ltr'>contrarium</span> <span class='ocrx_word' id='word_1_56' title='bbox 1000 609 1164 651; x_wconf 86' lang='lat' dir='ltr'>Decreti</span> <span class='ocrx_word' id='word_1_57' title='bbox 1196 611 1265 649; x_wconf 79' lang='lat' dir='ltr'>ha-</span> 
     </span>
     <span class='ocr_line' id='line_1_7' title="bbox 263 665 1260 715; baseline -0.006 -4"><span class='ocrx_word' id='word_1_58' title='bbox 263 669 396 711; x_wconf 87' lang='lat' dir='ltr'>benda</span> <span class='ocrx_word' id='word_1_59' title='bbox 419 672 442 712; x_wconf 69' lang='lat' dir='ltr'>a</span> <span class='ocrx_word' id='word_1_60' title='bbox 460 669 573 710; x_wconf 86' lang='lat' dir='ltr'>nobis</span> <span class='ocrx_word' id='word_1_61' title='bbox 600 671 766 711; x_wconf 83' lang='lat' dir='ltr'>omnino</span> <span class='ocrx_word' id='word_1_62' title='bbox 781 670 884 711; x_wconf 87' lang='lat' dir='ltr'>ratio</span> <span class='ocrx_word' id='word_1_63' title='bbox 899 694 913 715; x_wconf 82' lang='lat'>‚</span> <span class='ocrx_word' id='word_1_64' title='bbox 945 681 1029 710; x_wconf 85' lang='lat' dir='ltr'>rem</span> <span class='ocrx_word' id='word_1_65' title='bbox 1056 665 1260 708; x_wconf 89' lang='lat' dir='ltr'>nihilomi-</span> 
     </span>
     <span class='ocr_line' id='line_1_8' title="bbox 262 723 1258 780; baseline -0.005 -10"><span class='ocrx_word' id='word_1_66' title='bbox 262 741 332 770; x_wconf 89' lang='lat' dir='ltr'>nus</span> <span class='ocrx_word' id='word_1_67' title='bbox 357 727 430 768; x_wconf 85' lang='lat' dir='ltr'>suis</span> <span class='ocrx_word' id='word_1_68' title='bbox 446 731 659 770; x_wconf 86' lang='lat' dir='ltr'>momentis</span> <span class='ocrx_word' id='word_1_69' title='bbox 691 725 965 780; x_wconf 75' lang='lat' dir='ltr'>pensabimus,</span> <span class='ocrx_word' id='word_1_70' title='bbox 990 723 1258 778; x_wconf 81' lang='lat' dir='ltr'>suffragationi</span> 
     </span>
     <span class='ocr_line' id='line_1_9' title="bbox 264 783 1256 841; baseline -0.004 -13"><span class='ocrx_word' id='word_1_71' title='bbox 264 798 339 828; x_wconf 83' lang='lat' dir='ltr'>tuae</span> <span class='ocrx_word' id='word_1_72' title='bbox 354 800 431 827; x_wconf 90' lang='lat' dir='ltr'>non</span> <span class='ocrx_word' id='word_1_73' title='bbox 458 799 595 841; x_wconf 88' lang='lat' dir='ltr'>parum</span> <span class='ocrx_word' id='word_1_74' title='bbox 625 784 819 826; x_wconf 81' lang='lat' dir='ltr'>tributuri</span> <span class='ocrx_word' id='word_1_75' title='bbox 835 812 846 823; x_wconf 85' lang='grc'><strong>.</strong></span> <span class='ocrx_word' id='word_1_76' title='bbox 881 785 937 825; x_wconf 89' lang='lat' dir='ltr'>Ut</span> <span class='ocrx_word' id='word_1_77' title='bbox 952 783 1157 837; x_wconf 65' lang='lat' dir='ltr'>praediftos</span> <span class='ocrx_word' id='word_1_78' title='bbox 1174 786 1256 824; x_wconf 86' lang='lat' dir='ltr'>Ca-</span> 
     </span>
     <span class='ocr_line' id='line_1_10' title="bbox 263 839 1258 900; baseline -0.005 -15"><span class='ocrx_word' id='word_1_79' title='bbox 263 844 431 900; x_wconf 85' lang='lat' dir='ltr'>pucinos</span> <span class='ocrx_word' id='word_1_80' title='bbox 446 871 459 894; x_wconf 86' lang='lat'>,</span> <span class='ocrx_word' id='word_1_81' title='bbox 483 842 760 896; x_wconf 81' lang='lat' dir='ltr'>ordinemque</span> <span class='ocrx_word' id='word_1_82' title='bbox 786 841 1014 883; x_wconf 88' lang='lat' dir='ltr'>universum</span> <span class='ocrx_word' id='word_1_83' title='bbox 1031 841 1154 882; x_wconf 82' lang='lat' dir='ltr'>divini</span> <span class='ocrx_word' id='word_1_84' title='bbox 1170 839 1258 881; x_wconf 85' lang='lat' dir='ltr'>cul-</span> 
     </span>
     <span class='ocr_line' id='line_1_11' title="bbox 258 898 1256 945; baseline -0.006 -1"><span class='ocrx_word' id='word_1_85' title='bbox 258 901 322 945; x_wconf 74' lang='lat' dir='ltr'>tfis</span> <span class='ocrx_word' id='word_1_86' title='bbox 340 901 392 943; x_wconf 89' lang='lat' dir='ltr'>ad</span> <span class='ocrx_word' id='word_1_87' title='bbox 409 903 700 943; x_wconf 86' lang='lat' dir='ltr'>incrementum</span> <span class='ocrx_word' id='word_1_88' title='bbox 719 899 899 941; x_wconf 82' lang='lat' dir='ltr'>Ecclessae</span> <span class='ocrx_word' id='word_1_89' title='bbox 914 900 1137 942; x_wconf 83' lang='lat' dir='ltr'>Catholicae</span> <span class='ocrx_word' id='word_1_90' title='bbox 1153 898 1256 939; x_wconf 85' lang='lat' dir='ltr'>adeo</span> 
     </span>
     <span class='ocr_line' id='line_1_12' title="bbox 261 953 1255 1010; baseline -0.007 -7"><span class='ocrx_word' id='word_1_91' title='bbox 261 959 419 1003; x_wconf 75' lang='lat' dir='ltr'>strenue</span> <span class='ocrx_word' id='word_1_92' title='bbox 434 959 672 1002; x_wconf 84' lang='lat' dir='ltr'>militantem</span> <span class='ocrx_word' id='word_1_93' title='bbox 699 956 925 998; x_wconf 88' lang='lat' dir='ltr'>continenti</span> <span class='ocrx_word' id='word_1_94' title='bbox 944 958 1166 1010; x_wconf 86' lang='lat' dir='ltr'>patrocinio</span> <span class='ocrx_word' id='word_1_95' title='bbox 1191 953 1255 997; x_wconf 82' lang='lat' dir='ltr'>fo·</span> 
     </span>
     <span class='ocr_line' id='line_1_13' title="bbox 258 1013 1255 1072; baseline -0.007 -11"><span class='ocrx_word' id='word_1_96' title='bbox 258 1020 392 1068; x_wconf 70' lang='lat' dir='ltr'>veas‚a</span> <span class='ocrx_word' id='word_1_97' title='bbox 407 1013 882 1072; x_wconf 62' lang='lat' dir='ltr'>perspectaFraternitatis</span> <span class='ocrx_word' id='word_1_98' title='bbox 899 1025 968 1069; x_wconf 67' lang='lat' dir='ltr'>tue</span> <span class='ocrx_word' id='word_1_99' title='bbox 980 1014 1130 1069; x_wconf 86' lang='lat' dir='ltr'>pietate</span> <span class='ocrx_word' id='word_1_100' title='bbox 1144 1025 1255 1067; x_wconf 84' lang='lat' dir='ltr'>pror-</span> 
     </span>
     <span class='ocr_line' id='line_1_14' title="bbox 261 1071 1251 1127; baseline -0.002 -12"><span class='ocrx_word' id='word_1_101' title='bbox 261 1078 327 1119; x_wconf 68' lang='lat' dir='ltr'>isus</span> <span class='ocrx_word' id='word_1_102' title='bbox 340 1075 535 1127; x_wconf 73' lang='lat' dir='ltr'>exigimus</span> <span class='ocrx_word' id='word_1_103' title='bbox 545 1098 559 1120; x_wconf 84' lang='lat'>‚</span> <span class='ocrx_word' id='word_1_104' title='bbox 571 1073 634 1114; x_wconf 88' lang='lat' dir='ltr'>cui</span> <span class='ocrx_word' id='word_1_105' title='bbox 645 1074 676 1113; x_wconf 90' lang='lat' dir='ltr'>A</span> <span class='ocrx_word' id='word_1_106' title='bbox 684 1071 915 1126; x_wconf 73' lang='lat' dir='ltr'>postolicam</span> <span class='ocrx_word' id='word_1_107' title='bbox 928 1071 1251 1115; x_wconf 68' lang='lat' dir='ltr'>Benedictionem</span> 
     </span>
     <span class='ocr_line' id='line_1_15' title="bbox 260 1128 1252 1187; baseline -0.006 -10"><span class='ocrx_word' id='word_1_108' title='bbox 260 1150 310 1179; x_wconf 86' lang='lat' dir='ltr'>ex</span> <span class='ocrx_word' id='word_1_109' title='bbox 331 1131 584 1176; x_wconf 86' lang='lat' dir='ltr'>omnicordis</span> <span class='ocrx_word' id='word_1_110' title='bbox 614 1130 732 1172; x_wconf 89' lang='lat' dir='ltr'>nostri</span> <span class='ocrx_word' id='word_1_111' title='bbox 750 1128 859 1174; x_wconf 84' lang='lat' dir='ltr'>senlu</span> <span class='ocrx_word' id='word_1_112' title='bbox 886 1131 1252 1187; x_wconf 84' lang='lat' dir='ltr'>interimimperti-</span> 
     </span>
     <span class='ocr_line' id='line_1_16' title="bbox 255 1188 1251 1246; baseline -0.006 -10"><span class='ocrx_word' id='word_1_113' title='bbox 255 1207 342 1237; x_wconf 82' lang='lat' dir='ltr'>mur</span> <span class='ocrx_word' id='word_1_114' title='bbox 358 1224 369 1235; x_wconf 91' lang='lat'>.</span> <span class='ocrx_word' id='word_1_115' title='bbox 407 1193 557 1233; x_wconf 87' lang='lat' dir='ltr'>Datum</span> <span class='ocrx_word' id='word_1_116' title='bbox 590 1191 728 1231; x_wconf 85' lang='lat' dir='ltr'>Romae</span> <span class='ocrx_word' id='word_1_117' title='bbox 751 1191 854 1246; x_wconf 90' lang='lat' dir='ltr'>apud</span> <span class='ocrx_word' id='word_1_118' title='bbox 878 1193 920 1233; x_wconf 83' lang='lat' dir='ltr'>S.</span> <span class='ocrx_word' id='word_1_119' title='bbox 935 1190 1106 1234; x_wconf 87' lang='lat' dir='ltr'>Mariam</span> <span class='ocrx_word' id='word_1_120' title='bbox 1123 1188 1251 1244; x_wconf 88' lang='lat' dir='ltr'>Majo-</span> 
     </span>
     <span class='ocr_line' id='line_1_17' title="bbox 255 1246 1250 1304; baseline -0.005 -10"><span class='ocrx_word' id='word_1_121' title='bbox 255 1266 342 1295; x_wconf 87' lang='lat' dir='ltr'>rem</span> <span class='ocrx_word' id='word_1_122' title='bbox 366 1250 437 1293; x_wconf 88' lang='lat' dir='ltr'>sub</span> <span class='ocrx_word' id='word_1_123' title='bbox 460 1248 631 1291; x_wconf 86' lang='lat' dir='ltr'>Annulo</span> <span class='ocrx_word' id='word_1_124' title='bbox 656 1246 897 1298; x_wconf 78' lang='lat' dir='ltr'>piscatoris,</span> <span class='ocrx_word' id='word_1_125' title='bbox 920 1249 988 1291; x_wconf 87' lang='lat' dir='ltr'>die</span> <span class='ocrx_word' id='word_1_126' title='bbox 1015 1250 1139 1304; x_wconf 89' lang='lat' dir='ltr'>prima</span> <span class='ocrx_word' id='word_1_127' title='bbox 1169 1252 1250 1291; x_wconf 80' lang='lat' dir='ltr'>Au·</span> 
     </span>
     <span class='ocr_line' id='line_1_18' title="bbox 258 1305 1244 1367; baseline -0.005 -14"><span class='ocrx_word' id='word_1_128' title='bbox 258 1311 356 1367; x_wconf 83' lang='lat' dir='ltr'>gusti</span> <span class='ocrx_word' id='word_1_129' title='bbox 371 1322 598 1352; x_wconf 69' lang='lat' dir='ltr'>Mncrxxi.</span> <span class='ocrx_word' id='word_1_130' title='bbox 619 1306 880 1352; x_wconf 86' lang='lat' dir='ltr'>Pontificatus</span> <span class='ocrx_word' id='word_1_131' title='bbox 901 1308 1022 1351; x_wconf 80' lang='lat' dir='ltr'>nostri</span> <span class='ocrx_word' id='word_1_132' title='bbox 1039 1311 1160 1350; x_wconf 83' lang='lat' dir='ltr'>Anno</span> <span class='ocrx_word' id='word_1_133' title='bbox 1187 1305 1244 1348; x_wconf 88' lang='lat' dir='ltr'>se·</span> 
     </span>
    </p>
   </div>
   <div class='ocr_carea' id='block_1_4' title="bbox 259 1369 1136 1540">
    <p class='ocr_par' dir='ltr' id='par_1_4' title="bbox 259 1369 1136 1540">
     <span class='ocr_line' id='line_1_19' title="bbox 259 1369 418 1411; baseline -0.013 -1"><span class='ocrx_word' id='word_1_134' title='bbox 259 1369 418 1411; x_wconf 88' lang='lat' dir='ltr'>cundo.</span> 
     </span>
     <span class='ocr_line' id='line_1_20' title="bbox 636 1481 1136 1540; baseline -0.006 -13"><span class='ocrx_word' id='word_1_135' title='bbox 636 1483 788 1527; x_wconf 77' lang='lat' dir='ltr'>Marius</span> <span class='ocrx_word' id='word_1_136' title='bbox 802 1481 966 1540; x_wconf 86' lang='lat' dir='ltr'>Spinula</span> <span class='ocrx_word' id='word_1_137' title='bbox 978 1487 1136 1528; x_wconf 89' lang='lat' dir='ltr'>Secret.</span> 
     </span>
    </p>
   </div>
   <div class='ocr_carea' id='block_1_5' title="bbox 315 1597 1249 1717">
    <p class='ocr_par' dir='ltr' id='par_1_5' title="bbox 315 1597 1249 1717">
     <span class='ocr_line' id='line_1_21' title="bbox 315 1597 1249 1658; baseline -0.005 -14"><span class='ocrx_word' id='word_1_138' title='bbox 315 1605 460 1656; x_wconf 81' lang='lat' dir='ltr'>Autog.</span> <span class='ocrx_word' id='word_1_139' title='bbox 485 1605 528 1644; x_wconf 72' lang='lat' dir='ltr'>in</span> <span class='ocrx_word' id='word_1_140' title='bbox 544 1605 685 1642; x_wconf 79' lang='lat' dir='ltr'>secret.</span> <span class='ocrx_word' id='word_1_141' title='bbox 701 1602 810 1644; x_wconf 81' lang='lat' dir='ltr'>Brev.</span> <span class='ocrx_word' id='word_1_142' title='bbox 827 1600 877 1641; x_wconf 87' lang='lat' dir='ltr'>ad</span> <span class='ocrx_word' id='word_1_143' title='bbox 893 1602 1097 1658; x_wconf 86' lang='lat' dir='ltr'>Principes</span> <span class='ocrx_word' id='word_1_144' title='bbox 1109 1597 1249 1656; x_wconf 79' lang='lat' dir='ltr'>regesto</span> 
     </span>
     <span class='ocr_line' id='line_1_22' title="bbox 371 1657 943 1717; baseline -0.002 -15"><span class='ocrx_word' id='word_1_145' title='bbox 371 1661 491 1717; x_wconf 80' lang='lat' dir='ltr'>mens.</span> <span class='ocrx_word' id='word_1_146' title='bbox 518 1661 565 1708; x_wconf 65' lang='grc' dir='ltr'>(ς’</span> <span class='ocrx_word' id='word_1_147' title='bbox 578 1663 795 1714; x_wconf 70' lang='lat' dir='ltr'>anniprfd.</span> <span class='ocrx_word' id='word_1_148' title='bbox 811 1657 856 1717; x_wconf 93' lang='lat' dir='ltr'><em>f</em></span> <span class='ocrx_word' id='word_1_149' title='bbox 874 1660 943 1709; x_wconf 88' lang='lat'>58.</span> 
     </span>
    </p>
   </div>
   <div class='ocr_carea' id='block_1_6' title="bbox 679 1795 1249 1813">
    <p class='ocr_par' dir='ltr' id='par_1_6' title="bbox 679 1795 1249 1813">
     <span class='ocr_line' id='line_1_23' title="bbox 679 1795 1249 1813; baseline 0 -6"><span class='ocrx_word' id='word_1_150' title='bbox 679 1796 905 1812; x_wconf 50' lang='lat' dir='ltr'>m—</span> <span class='ocrx_word' id='word_1_151' title='bbox 911 1795 1249 1813; x_wconf 71' lang='lat'><em>———-—</em></span> 
     </span>
    </p>
   </div>
   <div class='ocr_carea' id='block_1_7' title="bbox 504 1799 674 1810">
    <p class='ocr_par' dir='ltr' id='par_1_7' title="bbox 504 1799 674 1810">
     <span class='ocr_line' id='line_1_24' title="bbox 504 1799 674 1810; baseline 0 0"><span class='ocrx_word' id='word_1_152' title='bbox 504 1799 674 1810; x_wconf 95' lang='lat' dir='ltr'> </span> 
     </span>
    </p>
   </div>
   <div class='ocr_carea' id='block_1_8' title="bbox 255 1801 483 1815">
    <p class='ocr_par' dir='ltr' id='par_1_8' title="bbox 255 1801 483 1815">
     <span class='ocr_line' id='line_1_25' title="bbox 255 1801 483 1815; baseline 0 0"><span class='ocrx_word' id='word_1_153' title='bbox 255 1801 483 1815; x_wconf 95' lang='lat' dir='ltr'> </span> 
     </span>
    </p>
   </div>
   <div class='ocr_carea' id='block_1_9' title="bbox 254 1889 1250 2102">
    <p class='ocr_par' dir='ltr' id='par_1_9' title="bbox 254 1889 1250 2102">
     <span class='ocr_line' id='line_1_26' title="bbox 254 1889 1250 1961; baseline -0.003 -19"><span class='ocrx_word' id='word_1_154' title='bbox 254 1894 551 1961; x_wconf 85' lang='lat' dir='ltr'>Privilegium</span> <span class='ocrx_word' id='word_1_155' title='bbox 587 1892 642 1942; x_wconf 82' lang='lat' dir='ltr'>ab</span> <span class='ocrx_word' id='word_1_156' title='bbox 677 1894 824 1942; x_wconf 86' lang='lat' dir='ltr'>Altari</span> <span class='ocrx_word' id='word_1_157' title='bbox 857 1890 1061 1942; x_wconf 83' lang='lat' dir='ltr'>Ecclefiae</span> <span class='ocrx_word' id='word_1_158' title='bbox 1093 1889 1250 1958; x_wconf 88' lang='lat' dir='ltr'>Aquis-</span> 
     </span>
     <span class='ocr_line' id='line_1_27' title="bbox 320 1961 1246 2032; baseline -0.001 -21"><span class='ocrx_word' id='word_1_159' title='bbox 320 1965 450 2032; x_wconf 86' lang='lat' dir='ltr'>grani</span> <span class='ocrx_word' id='word_1_160' title='bbox 479 1963 536 2011; x_wconf 87' lang='lat' dir='ltr'>ad</span> <span class='ocrx_word' id='word_1_161' title='bbox 571 1965 729 2012; x_wconf 84' lang='lat' dir='ltr'>Altare</span> <span class='ocrx_word' id='word_1_162' title='bbox 758 1968 908 2025; x_wconf 85' lang='lat' dir='ltr'>Majus</span> <span class='ocrx_word' id='word_1_163' title='bbox 940 1961 1135 2028; x_wconf 87' lang='lat' dir='ltr'>ejusdem</span> <span class='ocrx_word' id='word_1_164' title='bbox 1167 1966 1246 2011; x_wconf 88' lang='lat' dir='ltr'>Ec-</span> 
     </span>
     <span class='ocr_line' id='line_1_28' title="bbox 324 2031 1026 2102; baseline 0.001 -21"><span class='ocrx_word' id='word_1_165' title='bbox 324 2031 465 2082; x_wconf 85' lang='lat' dir='ltr'>clefiae</span> <span class='ocrx_word' id='word_1_166' title='bbox 494 2031 726 2082; x_wconf 84' lang='lat' dir='ltr'>transferri</span> <span class='ocrx_word' id='word_1_167' title='bbox 752 2035 974 2102; x_wconf 77' lang='lat' dir='ltr'>indulget.</span> <span class='ocrx_word' id='word_1_168' title='bbox 1017 2063 1026 2070; x_wconf 89' lang='lat'><em>-</em></span> 
     </span>
    </p>
   </div>
   <div class='ocr_carea' id='block_1_10' title="bbox 256 2173 1251 2227">
    <p class='ocr_par' dir='ltr' id='par_1_10' title="bbox 256 2173 1251 2227">
     <span class='ocr_line' id='line_1_29' title="bbox 256 2173 1251 2227; baseline 0 -6"><span class='ocrx_word' id='word_1_169' title='bbox 256 2173 866 2227; x_wconf 88' lang='lat' dir='ltr'>INNOCENTIUS</span> <span class='ocrx_word' id='word_1_170' title='bbox 912 2175 1123 2224; x_wconf 87' lang='lat' dir='ltr'><strong>PAPA</strong></span> <span class='ocrx_word' id='word_1_171' title='bbox 1157 2175 1251 2223; x_wconf 87' lang='lat' dir='ltr'>XI.</span> 
     </span>
    </p>
   </div>
   <div class='ocr_carea' id='block_1_11' title="bbox 442 2302 1063 2357">
    <p class='ocr_par' dir='ltr' id='par_1_11' title="bbox 442 2302 1063 2357">
     <span class='ocr_line' id='line_1_30' title="bbox 442 2302 1063 2357; baseline -0.003 -13"><span class='ocrx_word' id='word_1_172' title='bbox 442 2302 740 2357; x_wconf 77' lang='lat' dir='ltr'>Adperpetuam</span> <span class='ocrx_word' id='word_1_173' title='bbox 751 2303 813 2343; x_wconf 68' lang='lat' dir='ltr'>rei</span> <span class='ocrx_word' id='word_1_174' title='bbox 824 2303 1063 2343; x_wconf 80' lang='lat' dir='ltr'>memoriam.</span> 
     </span>
    </p>
   </div>
   <div class='ocr_carea' id='block_1_12' title="bbox 253 2415 1250 2882">
    <p class='ocr_par' dir='ltr' id='par_1_12' title="bbox 373 2415 1249 2473">
     <span class='ocr_line' id='line_1_31' title="bbox 373 2415 1249 2473; baseline 0.001 -14"><span class='ocrx_word' id='word_1_175' title='bbox 373 2419 411 2459; x_wconf 92' lang='lat' dir='ltr'>U</span> <span class='ocrx_word' id='word_1_176' title='bbox 431 2420 501 2468; x_wconf 88' lang='lat' dir='ltr'>M,</span> <span class='ocrx_word' id='word_1_177' title='bbox 526 2417 622 2459; x_wconf 81' lang='lat' dir='ltr'>ficut</span> <span class='ocrx_word' id='word_1_178' title='bbox 646 2415 812 2460; x_wconf 67' lang='lat' dir='ltr'>dilectus</span> <span class='ocrx_word' id='word_1_179' title='bbox 839 2417 959 2461; x_wconf 80' lang='lat' dir='ltr'>Filius</span> <span class='ocrx_word' id='word_1_180' title='bbox 975 2420 1249 2473; x_wconf 82' lang='lat' dir='ltr'>Hieronymus</span> 
     </span>
    </p>

    <p class='ocr_par' dir='ltr' id='par_1_13' title="bbox 253 2475 1250 2882">
     <span class='ocr_line' id='line_1_32' title="bbox 388 2475 1250 2526; baseline 0.003 -10"><span class='ocrx_word' id='word_1_181' title='bbox 388 2475 600 2517; x_wconf 82' lang='lat' dir='ltr'>Rutbensis</span> <span class='ocrx_word' id='word_1_182' title='bbox 614 2503 629 2526; x_wconf 90' lang='lat'>‚</span> <span class='ocrx_word' id='word_1_183' title='bbox 640 2475 786 2517; x_wconf 88' lang='lat' dir='ltr'>Custos</span> <span class='ocrx_word' id='word_1_184' title='bbox 799 2477 1011 2520; x_wconf 86' lang='lat' dir='ltr'>Provinciae</span> <span class='ocrx_word' id='word_1_185' title='bbox 1025 2478 1250 2520; x_wconf 83' lang='lat' dir='ltr'>Colonien-</span> 
     </span>
     <span class='ocr_line' id='line_1_33' title="bbox 253 2532 1250 2579; baseline 0.005 -6"><span class='ocrx_word' id='word_1_186' title='bbox 253 2533 506 2578; x_wconf 69' lang='lat' dir='ltr'>s1s2Fratrum</span> <span class='ocrx_word' id='word_1_187' title='bbox 519 2532 682 2575; x_wconf 83' lang='lat' dir='ltr'>Ordinis</span> <span class='ocrx_word' id='word_1_188' title='bbox 698 2533 899 2576; x_wconf 87' lang='lat' dir='ltr'>Minorum</span> <span class='ocrx_word' id='word_1_189' title='bbox 912 2535 1155 2579; x_wconf 76' lang='lat' dir='ltr'>s.Franc1·sci</span> <span class='ocrx_word' id='word_1_190' title='bbox 1172 2540 1250 2579; x_wconf 87' lang='lat' dir='ltr'>Ca-</span> 
     </span>
     <span class='ocr_line' id='line_1_34' title="bbox 253 2590 1250 2650; baseline 0.006 -19"><span class='ocrx_word' id='word_1_191' title='bbox 253 2590 491 2646; x_wconf 88' lang='lat' dir='ltr'>pucinorum</span> <span class='ocrx_word' id='word_1_192' title='bbox 518 2600 838 2647; x_wconf 83' lang='lat' dir='ltr'>nuncupatorum</span> <span class='ocrx_word' id='word_1_193' title='bbox 853 2621 870 2643; x_wconf 86' lang='lat'>,</span> <span class='ocrx_word' id='word_1_194' title='bbox 885 2594 1013 2636; x_wconf 90' lang='lat' dir='ltr'>Nobis</span> <span class='ocrx_word' id='word_1_195' title='bbox 1029 2608 1151 2650; x_wconf 85' lang='lat' dir='ltr'>nuper</span> <span class='ocrx_word' id='word_1_196' title='bbox 1178 2609 1250 2637; x_wconf 89' lang='lat' dir='ltr'>ex-</span> 
     </span>
     <span class='ocr_line' id='line_1_35' title="bbox 254 2648 1250 2708; baseline 0.005 -19"><span class='ocrx_word' id='word_1_197' title='bbox 254 2648 350 2704; x_wconf 86' lang='lat' dir='ltr'>poni</span> <span class='ocrx_word' id='word_1_198' title='bbox 370 2649 491 2699; x_wconf 82' lang='lat' dir='ltr'>fecit,</span> <span class='ocrx_word' id='word_1_199' title='bbox 513 2648 664 2691; x_wconf 89' lang='lat' dir='ltr'>dudum</span> <span class='ocrx_word' id='word_1_200' title='bbox 680 2648 918 2693; x_wconf 88' lang='lat' dir='ltr'>fel.record.</span> <span class='ocrx_word' id='word_1_201' title='bbox 931 2654 1154 2708; x_wconf 85' lang='lat' dir='ltr'>Gregorius</span> <span class='ocrx_word' id='word_1_202' title='bbox 1172 2656 1250 2696; x_wconf 85' lang='lat' dir='ltr'>Pa-</span> 
     </span>
     <span class='ocr_line' id='line_1_36' title="bbox 254 2706 1248 2767; baseline 0.008 -21"><span class='ocrx_word' id='word_1_203' title='bbox 254 2720 305 2763; x_wconf 87' lang='lat' dir='ltr'>pa</span> <span class='ocrx_word' id='word_1_204' title='bbox 315 2706 436 2749; x_wconf 80' lang='lat' dir='ltr'>x111.</span> <span class='ocrx_word' id='word_1_205' title='bbox 451 2706 713 2751; x_wconf 80' lang='lat' dir='ltr'>Praedeceffor</span> <span class='ocrx_word' id='word_1_206' title='bbox 727 2710 1248 2767; x_wconf 80' lang='lat' dir='ltr'>noster,ut,quotiescunque</span> 
     </span>
     <span class='ocr_line' id='line_1_37' title="bbox 260 2765 1248 2822; baseline 0.006 -15"><span class='ocrx_word' id='word_1_207' title='bbox 260 2765 464 2807; x_wconf 82' lang='lat' dir='ltr'>sacerdos</span> <span class='ocrx_word' id='word_1_208' title='bbox 490 2765 631 2819; x_wconf 87' lang='lat' dir='ltr'>aliquis</span> <span class='ocrx_word' id='word_1_209' title='bbox 667 2765 839 2822; x_wconf 84' lang='lat' dir='ltr'>ejusdem</span> <span class='ocrx_word' id='word_1_210' title='bbox 867 2769 1031 2811; x_wconf 86' lang='lat' dir='ltr'>Ordinis</span> <span class='ocrx_word' id='word_1_211' title='bbox 1060 2768 1248 2812; x_wconf 53' lang='lat' dir='ltr'>Missam„</span> 
     </span>
     <span class='ocr_line' id='line_1_38' title="bbox 254 2821 1249 2882; baseline 0.005 -18"><span class='ocrx_word' id='word_1_212' title='bbox 254 2821 547 2865; x_wconf 67' lang='lat' dir='ltr'>Defunaorum</span> <span class='ocrx_word' id='word_1_213' title='bbox 563 2837 636 2878; x_wconf 92' lang='lat' dir='ltr'>pro</span> <span class='ocrx_word' id='word_1_214' title='bbox 652 2823 791 2866; x_wconf 86' lang='lat' dir='ltr'>Anima</span> <span class='ocrx_word' id='word_1_215' title='bbox 802 2824 1068 2882; x_wconf 84' lang='lat' dir='ltr'>cujuscunque</span> <span class='ocrx_word' id='word_1_216' title='bbox 1085 2827 1249 2879; x_wconf 84' lang='lat' dir='ltr'>Fidelis,</span> 
     </span>
    </p>
   </div>
   <div class='ocr_carea' id='block_1_13' title="bbox 254 2881 1325 2937">
    <p class='ocr_par' dir='ltr' id='par_1_14' title="bbox 254 2881 1325 2937">
     <span class='ocr_line' id='line_1_39' title="bbox 254 2881 1325 2937; baseline 0.009 -17"><span class='ocrx_word' id='word_1_217' title='bbox 254 2894 342 2936; x_wconf 87' lang='lat' dir='ltr'>quae</span> <span class='ocrx_word' id='word_1_218' title='bbox 359 2883 450 2923; x_wconf 88' lang='lat' dir='ltr'>Deo</span> <span class='ocrx_word' id='word_1_219' title='bbox 475 2881 513 2923; x_wconf 89' lang='lat' dir='ltr'>in</span> <span class='ocrx_word' id='word_1_220' title='bbox 527 2881 724 2923; x_wconf 85' lang='lat' dir='ltr'>charitate</span> <span class='ocrx_word' id='word_1_221' title='bbox 736 2882 943 2937; x_wconf 68' lang='lat' dir='ltr'>conjuncta</span> <span class='ocrx_word' id='word_1_222' title='bbox 957 2886 1006 2926; x_wconf 83' lang='lat' dir='ltr'>ab</span> <span class='ocrx_word' id='word_1_223' title='bbox 1030 2889 1101 2928; x_wconf 89' lang='lat' dir='ltr'>hac</span> <span class='ocrx_word' id='word_1_224' title='bbox 1118 2885 1248 2929; x_wconf 63' lang='lat' dir='ltr'>luce,</span> <span class='ocrx_word' id='word_1_225' title='bbox 1322 2914 1325 2917; x_wconf 68' lang='lat'>‚</span> 
     </span>
    </p>
   </div>
   <div class='ocr_carea' id='block_1_14' title="bbox 254 2938 1254 3640">
    <p class='ocr_par' dir='ltr' id='par_1_15' title="bbox 254 2938 1254 3640">
     <span class='ocr_line' id='line_1_40' title="bbox 254 2938 1248 2994; baseline 0.005 -15"><span class='ocrx_word' id='word_1_226' title='bbox 254 2939 524 2994; x_wconf 80' lang='lat' dir='ltr'>migraverit,</span> <span class='ocrx_word' id='word_1_227' title='bbox 550 2940 600 2981; x_wconf 89' lang='lat' dir='ltr'>ad</span> <span class='ocrx_word' id='word_1_228' title='bbox 629 2939 705 2981; x_wconf 85' lang='lat' dir='ltr'>tria</span> <span class='ocrx_word' id='word_1_229' title='bbox 730 2938 886 2982; x_wconf 84' lang='lat' dir='ltr'>Altaria</span> <span class='ocrx_word' id='word_1_230' title='bbox 913 2942 1031 2985; x_wconf 88' lang='lat' dir='ltr'>trium</span> <span class='ocrx_word' id='word_1_231' title='bbox 1051 2942 1248 2986; x_wconf 72' lang='lat' dir='ltr'>Ecclesia-</span> 
     </span>
     <span class='ocr_line' id='line_1_41' title="bbox 257 2997 1249 3055; baseline 0.004 -16"><span class='ocrx_word' id='word_1_232' title='bbox 257 3010 349 3039; x_wconf 88' lang='lat' dir='ltr'>rum</span> <span class='ocrx_word' id='word_1_233' title='bbox 371 2997 642 3054; x_wconf 86' lang='lat' dir='ltr'>cujuscunque</span> <span class='ocrx_word' id='word_1_234' title='bbox 653 2998 872 3041; x_wconf 75' lang='lat' dir='ltr'>Provinciae</span> <span class='ocrx_word' id='word_1_235' title='bbox 895 2999 987 3041; x_wconf 69' lang='lat' dir='ltr'>dieti</span> <span class='ocrx_word' id='word_1_236' title='bbox 1003 3001 1166 3044; x_wconf 86' lang='lat' dir='ltr'>Ordinis</span> <span class='ocrx_word' id='word_1_237' title='bbox 1181 3015 1249 3055; x_wconf 88' lang='lat' dir='ltr'>per</span> 
     </span>
     <span class='ocr_line' id='line_1_42' title="bbox 257 3055 1248 3111; baseline 0.002 -12"><span class='ocrx_word' id='word_1_238' title='bbox 257 3056 492 3111; x_wconf 86' lang='lat' dir='ltr'>Superiores</span> <span class='ocrx_word' id='word_1_239' title='bbox 506 3055 622 3111; x_wconf 87' lang='lat' dir='ltr'>ipsius</span> <span class='ocrx_word' id='word_1_240' title='bbox 635 3056 801 3099; x_wconf 85' lang='lat' dir='ltr'>Ordinis</span> <span class='ocrx_word' id='word_1_241' title='bbox 827 3056 1052 3102; x_wconf 83' lang='lat' dir='ltr'>destinanda</span> <span class='ocrx_word' id='word_1_242' title='bbox 1068 3058 1248 3103; x_wconf 77' lang='lat' dir='ltr'>celebra-</span> 
     </span>
     <span class='ocr_line' id='line_1_43' title="bbox 256 3114 1253 3173; baseline 0.003 -17"><span class='ocrx_word' id='word_1_243' title='bbox 256 3125 340 3164; x_wconf 83' lang='lat' dir='ltr'>ret,</span> <span class='ocrx_word' id='word_1_244' title='bbox 366 3115 509 3157; x_wconf 82' lang='lat' dir='ltr'>Anima</span> <span class='ocrx_word' id='word_1_245' title='bbox 524 3115 603 3170; x_wconf 91' lang='lat' dir='ltr'>ipsa</span> <span class='ocrx_word' id='word_1_246' title='bbox 618 3114 668 3157; x_wconf 90' lang='lat' dir='ltr'>de</span> <span class='ocrx_word' id='word_1_247' title='bbox 682 3116 869 3157; x_wconf 85' lang='lat' dir='ltr'>thesauro</span> <span class='ocrx_word' id='word_1_248' title='bbox 883 3117 1065 3159; x_wconf 83' lang='lat' dir='ltr'>Ecclefiae</span> <span class='ocrx_word' id='word_1_249' title='bbox 1080 3132 1147 3173; x_wconf 90' lang='lat' dir='ltr'>per</span> <span class='ocrx_word' id='word_1_250' title='bbox 1162 3132 1253 3159; x_wconf 89' lang='lat' dir='ltr'>mo-</span> 
     </span>
     <span class='ocr_line' id='line_1_44' title="bbox 256 3170 1252 3232; baseline 0.005 -18"><span class='ocrx_word' id='word_1_251' title='bbox 256 3173 354 3214; x_wconf 90' lang='lat' dir='ltr'>dum</span> <span class='ocrx_word' id='word_1_252' title='bbox 382 3170 551 3229; x_wconf 84' lang='lat' dir='ltr'>suffragii</span> <span class='ocrx_word' id='word_1_253' title='bbox 582 3173 876 3228; x_wconf 78' lang='lat' dir='ltr'>indulgentiam</span> <span class='ocrx_word' id='word_1_254' title='bbox 904 3175 1222 3232; x_wconf 85' lang='lat' dir='ltr'>consequeretur</span> <span class='ocrx_word' id='word_1_255' title='bbox 1238 3205 1252 3228; x_wconf 83' lang='lat'>‚</span> 
     </span>
     <span class='ocr_line' id='line_1_45' title="bbox 255 3230 1250 3283; baseline 0.006 -13"><span class='ocrx_word' id='word_1_256' title='bbox 255 3233 356 3272; x_wconf 86' lang='lat' dir='ltr'>vivae</span> <span class='ocrx_word' id='word_1_257' title='bbox 371 3232 480 3273; x_wconf 81' lang='lat' dir='ltr'>vocis</span> <span class='ocrx_word' id='word_1_258' title='bbox 493 3230 657 3274; x_wconf 89' lang='lat' dir='ltr'>oraculo</span> <span class='ocrx_word' id='word_1_259' title='bbox 669 3231 903 3275; x_wconf 70' lang='lat' dir='ltr'>concesserit</span> <span class='ocrx_word' id='word_1_260' title='bbox 916 3263 931 3283; x_wconf 89' lang='lat'>,</span> <span class='ocrx_word' id='word_1_261' title='bbox 956 3236 995 3274; x_wconf 75' lang='grc' dir='ltr'>δι.</span> <span class='ocrx_word' id='word_1_262' title='bbox 1011 3234 1250 3278; x_wconf 85' lang='lat' dir='ltr'>indulserit.</span> 
     </span>
     <span class='ocr_line' id='line_1_46' title="bbox 255 3287 1254 3347; baseline 0.004 -15"><span class='ocrx_word' id='word_1_263' title='bbox 255 3291 311 3332; x_wconf 77' lang='lat' dir='ltr'>Et</span> <span class='ocrx_word' id='word_1_264' title='bbox 335 3287 500 3331; x_wconf 89' lang='lat' dir='ltr'>subinde</span> <span class='ocrx_word' id='word_1_265' title='bbox 531 3288 600 3331; x_wconf 87' lang='lat' dir='ltr'>fel.</span> <span class='ocrx_word' id='word_1_266' title='bbox 618 3303 701 3331; x_wconf 87' lang='lat' dir='ltr'>rec.</span> <span class='ocrx_word' id='word_1_267' title='bbox 728 3290 872 3332; x_wconf 86' lang='lat' dir='ltr'>Paulus</span> <span class='ocrx_word' id='word_1_268' title='bbox 904 3293 1007 3347; x_wconf 83' lang='lat' dir='ltr'>Papa</span> <span class='ocrx_word' id='word_1_269' title='bbox 1021 3294 1069 3334; x_wconf 92' lang='lat' dir='ltr'>V.</span> <span class='ocrx_word' id='word_1_270' title='bbox 1096 3295 1254 3336; x_wconf 70' lang='lat' dir='ltr'>etiam...</span> 
     </span>
     <span class='ocr_line' id='line_1_47' title="bbox 255 3346 1250 3401; baseline 0.006 -12"><span class='ocrx_word' id='word_1_271' title='bbox 255 3346 520 3390; x_wconf 78' lang='lat' dir='ltr'>Praedeceffor</span> <span class='ocrx_word' id='word_1_272' title='bbox 537 3348 668 3390; x_wconf 91' lang='lat' dir='ltr'>noster</span> <span class='ocrx_word' id='word_1_273' title='bbox 682 3376 694 3398; x_wconf 92' lang='lat'>‚</span> <span class='ocrx_word' id='word_1_274' title='bbox 709 3348 1000 3391; x_wconf 82' lang='lat' dir='ltr'>conceffionem</span> <span class='ocrx_word' id='word_1_275' title='bbox 1016 3378 1028 3401; x_wconf 84' lang='lat'><strong>‚</strong></span> <span class='ocrx_word' id='word_1_276' title='bbox 1057 3353 1098 3392; x_wconf 80' lang='grc' dir='ltr'>δι</span> <span class='ocrx_word' id='word_1_277' title='bbox 1112 3352 1250 3395; x_wconf 85' lang='lat' dir='ltr'>ludul-</span> 
     </span>
     <span class='ocr_line' id='line_1_48' title="bbox 258 3405 1250 3461; baseline 0.006 -14"><span class='ocrx_word' id='word_1_278' title='bbox 258 3407 433 3460; x_wconf 80' lang='lat' dir='ltr'>gentiam</span> <span class='ocrx_word' id='word_1_279' title='bbox 451 3405 702 3461; x_wconf 78' lang='lat' dir='ltr'>hujusmodi,</span> <span class='ocrx_word' id='word_1_280' title='bbox 729 3406 949 3448; x_wconf 88' lang='lat' dir='ltr'>dummodo</span> <span class='ocrx_word' id='word_1_281' title='bbox 974 3409 997 3451; x_wconf 75' lang='grc' dir='ltr'>ὲ</span> <span class='ocrx_word' id='word_1_282' title='bbox 1022 3407 1129 3451; x_wconf 68' lang='lat' dir='ltr'>dicto</span> <span class='ocrx_word' id='word_1_283' title='bbox 1141 3413 1250 3453; x_wconf 91' lang='lat' dir='ltr'>Gre-</span> 
     </span>
     <span class='ocr_line' id='line_1_49' title="bbox 260 3463 1248 3519; baseline 0.007 -15"><span class='ocrx_word' id='word_1_284' title='bbox 260 3465 374 3518; x_wconf 82' lang='lat' dir='ltr'>gorio</span> <span class='ocrx_word' id='word_1_285' title='bbox 388 3463 672 3519; x_wconf 80' lang='lat' dir='ltr'>praedeceffore</span> <span class='ocrx_word' id='word_1_286' title='bbox 687 3464 782 3508; x_wconf 63' lang='lat' dir='ltr'>vere</span> <span class='ocrx_word' id='word_1_287' title='bbox 796 3464 1010 3509; x_wconf 66' lang='lat' dir='ltr'>emanfiffet</span> <span class='ocrx_word' id='word_1_288' title='bbox 1024 3495 1039 3517; x_wconf 82' lang='lat'>‚</span> <span class='ocrx_word' id='word_1_289' title='bbox 1063 3469 1183 3510; x_wconf 84' lang='lat' dir='ltr'>etiam</span> <span class='ocrx_word' id='word_1_290' title='bbox 1198 3469 1248 3511; x_wconf 78' lang='lat' dir='ltr'>ad</span> 
     </span>
     <span class='ocr_line' id='line_1_50' title="bbox 260 3520 1250 3570; baseline 0.007 -7"><span class='ocrx_word' id='word_1_291' title='bbox 260 3520 356 3563; x_wconf 83' lang='lat' dir='ltr'>alias</span> <span class='ocrx_word' id='word_1_292' title='bbox 380 3523 576 3566; x_wconf 86' lang='lat' dir='ltr'>Ecclesias</span> <span class='ocrx_word' id='word_1_293' title='bbox 604 3523 911 3567; x_wconf 84' lang='lat' dir='ltr'>Provinciarum</span> <span class='ocrx_word' id='word_1_294' title='bbox 952 3524 1047 3566; x_wconf 69' lang='lat' dir='ltr'>dieti</span> <span class='ocrx_word' id='word_1_295' title='bbox 1085 3527 1250 3570; x_wconf 88' lang='lat' dir='ltr'>Ordinis</span> 
     </span>
     <span class='ocr_line' id='line_1_51' title="bbox 261 3578 1251 3640; baseline 0.01 -22"><span class='ocrx_word' id='word_1_296' title='bbox 261 3578 508 3634; x_wconf 85' lang='lat' dir='ltr'>postmodum</span> <span class='ocrx_word' id='word_1_297' title='bbox 522 3584 747 3625; x_wconf 63' lang='lat' dir='ltr'>ereaarum</span> <span class='ocrx_word' id='word_1_298' title='bbox 759 3610 774 3633; x_wconf 82' lang='lat'>‚</span> <span class='ocrx_word' id='word_1_299' title='bbox 786 3584 825 3624; x_wconf 78' lang='grc' dir='ltr'>δι</span> <span class='ocrx_word' id='word_1_300' title='bbox 839 3582 983 3625; x_wconf 85' lang='lat' dir='ltr'>futuris</span> <span class='ocrx_word' id='word_1_301' title='bbox 997 3585 1251 3640; x_wconf 85' lang='lat' dir='ltr'>temporibus</span> 
     </span>
    </p>
   </div>
   <div class='ocr_carea' id='block_1_15' title="bbox 259 3635 1257 3873">
    <p class='ocr_par' dir='ltr' id='par_1_16' title="bbox 259 3635 1257 3873">
     <span class='ocr_line' id='line_1_52' title="bbox 261 3635 1255 3699; baseline 0.009 -23"><span class='ocrx_word' id='word_1_302' title='bbox 261 3635 535 3690; x_wconf 80' lang='lat' dir='ltr'>erigendarum</span> <span class='ocrx_word' id='word_1_303' title='bbox 550 3669 563 3692; x_wconf 88' lang='lat'><em>‚</em></span> <span class='ocrx_word' id='word_1_304' title='bbox 592 3641 739 3684; x_wconf 82' lang='lat' dir='ltr'>eisdem</span> <span class='ocrx_word' id='word_1_305' title='bbox 754 3641 903 3688; x_wconf 76' lang='lat' dir='ltr'>modo,</span> <span class='ocrx_word' id='word_1_306' title='bbox 924 3643 964 3683; x_wconf 73' lang='grc' dir='ltr'>δι</span> <span class='ocrx_word' id='word_1_307' title='bbox 984 3640 1134 3695; x_wconf 85' lang='lat' dir='ltr'>forma,</span> <span class='ocrx_word' id='word_1_308' title='bbox 1165 3643 1255 3699; x_wconf 85' lang='lat' dir='ltr'>qui-</span> 
     </span>
     <span class='ocr_line' id='line_1_53' title="bbox 260 3694 1257 3755; baseline 0.009 -19"><span class='ocrx_word' id='word_1_309' title='bbox 260 3694 332 3736; x_wconf 91' lang='lat' dir='ltr'>bus</span> <span class='ocrx_word' id='word_1_310' title='bbox 346 3697 393 3738; x_wconf 86' lang='lat' dir='ltr'>ab</span> <span class='ocrx_word' id='word_1_311' title='bbox 406 3696 548 3740; x_wconf 89' lang='lat' dir='ltr'>eodem</span> <span class='ocrx_word' id='word_1_312' title='bbox 559 3700 762 3755; x_wconf 86' lang='lat' dir='ltr'>Gregorio</span> <span class='ocrx_word' id='word_1_313' title='bbox 775 3698 1062 3753; x_wconf 83' lang='lat' dir='ltr'>praedeceffore</span> <span class='ocrx_word' id='word_1_314' title='bbox 1075 3701 1257 3745; x_wconf 71' lang='lat' dir='ltr'>concessa</span> 
     </span>
     <span class='ocr_line' id='line_1_54' title="bbox 260 3756 1257 3815; baseline 0.007 -18"><span class='ocrx_word' id='word_1_315' title='bbox 260 3756 390 3797; x_wconf 83' lang='lat' dir='ltr'>fuerat</span> <span class='ocrx_word' id='word_1_316' title='bbox 409 3782 423 3805; x_wconf 83' lang='lat'><strong>,</strong></span> <span class='ocrx_word' id='word_1_317' title='bbox 453 3761 650 3810; x_wconf 76' lang='lat' dir='ltr'>perpetuo</span> <span class='ocrx_word' id='word_1_318' title='bbox 679 3759 912 3801; x_wconf 86' lang='lat' dir='ltr'>extenderit</span> <span class='ocrx_word' id='word_1_319' title='bbox 927 3788 940 3810; x_wconf 91' lang='lat'>,</span> <span class='ocrx_word' id='word_1_320' title='bbox 969 3761 1008 3801; x_wconf 88' lang='lat'>&amp;</span> <span class='ocrx_word' id='word_1_321' title='bbox 1035 3760 1257 3815; x_wconf 86' lang='lat' dir='ltr'>ampliave-</span> 
     </span>
     <span class='ocr_line' id='line_1_55' title="bbox 259 3813 1256 3873; baseline 0.006 -18"><span class='ocrx_word' id='word_1_322' title='bbox 259 3814 314 3856; x_wconf 84' lang='lat' dir='ltr'>rit</span> <span class='ocrx_word' id='word_1_323' title='bbox 332 3843 347 3867; x_wconf 85' lang='lat'><strong>‚</strong></span> <span class='ocrx_word' id='word_1_324' title='bbox 374 3823 495 3868; x_wconf 87' lang='lat' dir='ltr'>prout</span> <span class='ocrx_word' id='word_1_325' title='bbox 513 3813 551 3855; x_wconf 91' lang='lat' dir='ltr'>in</span> <span class='ocrx_word' id='word_1_326' title='bbox 573 3813 689 3868; x_wconf 80' lang='lat' dir='ltr'>ipsius</span> <span class='ocrx_word' id='word_1_327' title='bbox 705 3818 818 3859; x_wconf 88' lang='lat' dir='ltr'>Pauli</span> <span class='ocrx_word' id='word_1_328' title='bbox 836 3817 1128 3873; x_wconf 68' lang='lat' dir='ltr'>praedecessoris</span> <span class='ocrx_word' id='word_1_329' title='bbox 1143 3819 1256 3862; x_wconf 87' lang='lat' dir='ltr'>litte·</span> 
     </span>
    </p>
   </div>
   <div class='ocr_carea' id='block_1_16' title="bbox 259 3872 1253 3936">
    <p class='ocr_par' dir='ltr' id='par_1_17' title="bbox 259 3872 1253 3936">
     <span class='ocr_line' id='line_1_56' title="bbox 259 3872 1253 3936; baseline 0.006 -21"><span class='ocrx_word' id='word_1_330' title='bbox 259 3872 510 3929; x_wconf 83' lang='lat' dir='ltr'>ris,desuper</span> <span class='ocrx_word' id='word_1_331' title='bbox 531 3872 569 3914; x_wconf 90' lang='lat' dir='ltr'>in</span> <span class='ocrx_word' id='word_1_332' title='bbox 582 3872 694 3917; x_wconf 86' lang='lat' dir='ltr'>fimili</span> <span class='ocrx_word' id='word_1_333' title='bbox 709 3873 836 3918; x_wconf 81' lang='lat' dir='ltr'>forma</span> <span class='ocrx_word' id='word_1_334' title='bbox 853 3877 988 3919; x_wconf 87' lang='lat' dir='ltr'>Brevis</span> <span class='ocrx_word' id='word_1_335' title='bbox 1006 3906 1020 3930; x_wconf 90' lang='lat'>,</span> <span class='ocrx_word' id='word_1_336' title='bbox 1045 3876 1112 3921; x_wconf 89' lang='lat' dir='ltr'>die</span> <span class='ocrx_word' id='word_1_337' title='bbox 1128 3892 1167 3934; x_wconf 89' lang='lat'>9.</span> <span class='ocrx_word' id='word_1_338' title='bbox 1183 3880 1253 3936; x_wconf 88' lang='lat' dir='ltr'>Ju-</span> 
     </span>
    </p>
   </div>
   <div class='ocr_carea' id='block_1_17' title="bbox 1304 604 2339 2287">
    <p class='ocr_par' dir='ltr' id='par_1_18' title="bbox 1304 604 2326 2064">
     <span class='ocr_line' id='line_1_57' title="bbox 1324 604 2325 665; baseline 0.005 -17"><span class='ocrx_word' id='word_1_339' title='bbox 1324 609 1364 649; x_wconf 89' lang='lat' dir='ltr'>in</span> <span class='ocrx_word' id='word_1_340' title='bbox 1396 622 1442 651; x_wconf 84' lang='lat' dir='ltr'>ea</span> <span class='ocrx_word' id='word_1_341' title='bbox 1471 606 1598 660; x_wconf 86' lang='lat' dir='ltr'>majus</span> <span class='ocrx_word' id='word_1_342' title='bbox 1621 620 1702 648; x_wconf 88' lang='lat' dir='ltr'>non</span> <span class='ocrx_word' id='word_1_343' title='bbox 1732 604 1814 654; x_wconf 86' lang='lat' dir='ltr'>est,</span> <span class='ocrx_word' id='word_1_344' title='bbox 1847 607 2062 663; x_wconf 82' lang='lat' dir='ltr'>privilegio</span> <span class='ocrx_word' id='word_1_345' title='bbox 2095 608 2257 665; x_wconf 46' lang='lat' dir='ltr'>praesito</span> <span class='ocrx_word' id='word_1_346' title='bbox 2284 613 2325 653; x_wconf 87' lang='lat' dir='ltr'>in</span> 
     </span>
     <span class='ocr_line' id='line_1_58' title="bbox 1324 661 2326 726; baseline 0.004 -19"><span class='ocrx_word' id='word_1_347' title='bbox 1324 667 1409 707; x_wconf 91' lang='lat' dir='ltr'>vim</span> <span class='ocrx_word' id='word_1_348' title='bbox 1427 666 1572 706; x_wconf 90' lang='lat' dir='ltr'>indulti</span> <span class='ocrx_word' id='word_1_349' title='bbox 1587 670 1609 707; x_wconf 74' lang='lat' dir='ltr'>a</span> <span class='ocrx_word' id='word_1_350' title='bbox 1624 661 1798 717; x_wconf 78' lang='lat' dir='ltr'>praefatis</span> <span class='ocrx_word' id='word_1_351' title='bbox 1814 664 2017 718; x_wconf 83' lang='lat' dir='ltr'>Gregorio</span> <span class='ocrx_word' id='word_1_352' title='bbox 2033 669 2073 708; x_wconf 89' lang='lat'>&amp;</span> <span class='ocrx_word' id='word_1_353' title='bbox 2088 671 2215 712; x_wconf 85' lang='lat' dir='ltr'>Paulo</span> <span class='ocrx_word' id='word_1_354' title='bbox 2229 683 2326 726; x_wconf 84' lang='lat' dir='ltr'>prae-</span> 
     </span>
     <span class='ocr_line' id='line_1_59' title="bbox 1318 719 2325 778; baseline 0.006 -13"><span class='ocrx_word' id='word_1_355' title='bbox 1318 721 1583 765; x_wconf 73' lang='lat' dir='ltr'>decessoribus</span> <span class='ocrx_word' id='word_1_356' title='bbox 1599 719 1937 776; x_wconf 59' lang='lat' dir='ltr'>respefflveficut</span> <span class='ocrx_word' id='word_1_357' title='bbox 1952 726 2325 778; x_wconf 78' lang='lat' dir='ltr'>praemittitur,con-</span> 
     </span>
     <span class='ocr_line' id='line_1_60' title="bbox 1317 779 2323 838; baseline 0.005 -15"><span class='ocrx_word' id='word_1_358' title='bbox 1317 781 1406 823; x_wconf 81' lang='lat' dir='ltr'>ceffi</span> <span class='ocrx_word' id='word_1_359' title='bbox 1424 807 1438 830; x_wconf 85' lang='lat'><strong>,</strong></span> <span class='ocrx_word' id='word_1_360' title='bbox 1465 782 1505 820; x_wconf 71' lang='grc' dir='ltr'>ἃ.</span> <span class='ocrx_word' id='word_1_361' title='bbox 1534 779 1712 833; x_wconf 78' lang='lat' dir='ltr'>ampliati</span> <span class='ocrx_word' id='word_1_362' title='bbox 1742 780 1981 821; x_wconf 81' lang='lat' dir='ltr'>decoratum</span> <span class='ocrx_word' id='word_1_363' title='bbox 2002 786 2251 838; x_wconf 76' lang='lat' dir='ltr'>reperiatur,</span> <span class='ocrx_word' id='word_1_364' title='bbox 2277 795 2323 828; x_wconf 87' lang='lat' dir='ltr'>ut</span> 
     </span>
     <span class='ocr_line' id='line_1_61' title="bbox 1316 835 2322 891; baseline 0.006 -10"><span class='ocrx_word' id='word_1_365' title='bbox 1316 850 1450 882; x_wconf 75' lang='lat' dir='ltr'>sutem</span> <span class='ocrx_word' id='word_1_366' title='bbox 1484 837 1696 891; x_wconf 85' lang='lat' dir='ltr'>devotioni</span> <span class='ocrx_word' id='word_1_367' title='bbox 1729 835 2063 882; x_wconf 86' lang='lat' dir='ltr'>Christifidelium</span> <span class='ocrx_word' id='word_1_368' title='bbox 2094 846 2142 884; x_wconf 91' lang='lat' dir='ltr'>ad</span> <span class='ocrx_word' id='word_1_369' title='bbox 2180 845 2322 887; x_wconf 85' lang='lat' dir='ltr'>Eccle-</span> 
     </span>
     <span class='ocr_line' id='line_1_62' title="bbox 1316 892 2322 956; baseline 0.008 -19"><span class='ocrx_word' id='word_1_370' title='bbox 1316 898 1405 940; x_wconf 79' lang='lat' dir='ltr'>siam</span> <span class='ocrx_word' id='word_1_371' title='bbox 1421 892 1645 953; x_wconf 86' lang='lat' dir='ltr'>hujusmodi</span> <span class='ocrx_word' id='word_1_372' title='bbox 1674 896 1964 937; x_wconf 79' lang='lat' dir='ltr'>confluentium</span> <span class='ocrx_word' id='word_1_373' title='bbox 1978 896 2158 942; x_wconf 86' lang='lat' dir='ltr'>satisfieri</span> <span class='ocrx_word' id='word_1_374' title='bbox 2175 903 2290 956; x_wconf 84' lang='lat' dir='ltr'>poffit</span> <span class='ocrx_word' id='word_1_375' title='bbox 2304 932 2322 954; x_wconf 88' lang='lat'><strong>,</strong></span> 
     </span>
     <span class='ocr_line' id='line_1_63' title="bbox 1315 952 2320 1016; baseline 0.005 -18"><span class='ocrx_word' id='word_1_376' title='bbox 1315 956 1463 999; x_wconf 57' lang='lat' dir='ltr'>dietum</span> <span class='ocrx_word' id='word_1_377' title='bbox 1493 952 1748 1010; x_wconf 84' lang='lat' dir='ltr'>privilegium</span> <span class='ocrx_word' id='word_1_378' title='bbox 1775 953 1825 995; x_wconf 89' lang='lat' dir='ltr'>ad</span> <span class='ocrx_word' id='word_1_379' title='bbox 1857 953 2004 996; x_wconf 86' lang='lat' dir='ltr'>Altare</span> <span class='ocrx_word' id='word_1_380' title='bbox 2043 958 2168 1015; x_wconf 89' lang='lat' dir='ltr'>majus</span> <span class='ocrx_word' id='word_1_381' title='bbox 2200 961 2320 1016; x_wconf 83' lang='lat' dir='ltr'>ipsius</span> 
     </span>
     <span class='ocr_line' id='line_1_64' title="bbox 1316 1008 2322 1071; baseline 0.003 -16"><span class='ocrx_word' id='word_1_382' title='bbox 1316 1011 1502 1057; x_wconf 83' lang='lat' dir='ltr'>Ecclefiae</span> <span class='ocrx_word' id='word_1_383' title='bbox 1515 1008 1726 1054; x_wconf 79' lang='lat' dir='ltr'>transferri</span> <span class='ocrx_word' id='word_1_384' title='bbox 1738 1011 1948 1066; x_wconf 79' lang='lat' dir='ltr'>expediat.</span> <span class='ocrx_word' id='word_1_385' title='bbox 1961 1014 2090 1054; x_wconf 85' lang='lat' dir='ltr'>Nobis</span> <span class='ocrx_word' id='word_1_386' title='bbox 2106 1029 2322 1071; x_wconf 79' lang='lat' dir='ltr'>propterea</span> 
     </span>
     <span class='ocr_line' id='line_1_65' title="bbox 1312 1070 2322 1127; baseline 0.003 -12"><span class='ocrx_word' id='word_1_387' title='bbox 1312 1073 1442 1115; x_wconf 68' lang='lat' dir='ltr'>dietus</span> <span class='ocrx_word' id='word_1_388' title='bbox 1459 1070 1732 1125; x_wconf 85' lang='lat' dir='ltr'>Hieronymus</span> <span class='ocrx_word' id='word_1_389' title='bbox 1754 1070 1965 1112; x_wconf 89' lang='lat' dir='ltr'>humiliter</span> <span class='ocrx_word' id='word_1_390' title='bbox 1978 1070 2190 1126; x_wconf 89' lang='lat' dir='ltr'>supplicari</span> <span class='ocrx_word' id='word_1_391' title='bbox 2207 1074 2322 1127; x_wconf 80' lang='lat' dir='ltr'>fecit,</span> 
     </span>
     <span class='ocr_line' id='line_1_66' title="bbox 1311 1127 2322 1185; baseline 0.001 -10"><span class='ocrx_word' id='word_1_392' title='bbox 1311 1142 1358 1175; x_wconf 92' lang='lat' dir='ltr'>ut</span> <span class='ocrx_word' id='word_1_393' title='bbox 1386 1131 1424 1172; x_wconf 90' lang='lat' dir='ltr'>in</span> <span class='ocrx_word' id='word_1_394' title='bbox 1442 1127 1635 1185; x_wconf 83' lang='lat' dir='ltr'>praemiffis</span> <span class='ocrx_word' id='word_1_395' title='bbox 1651 1128 1883 1185; x_wconf 68' lang='lat' dir='ltr'>opportune</span> <span class='ocrx_word' id='word_1_396' title='bbox 1898 1130 2119 1184; x_wconf 87' lang='lat' dir='ltr'>providere</span> <span class='ocrx_word' id='word_1_397' title='bbox 2139 1132 2190 1174; x_wconf 91' lang='lat' dir='ltr'>de</span> <span class='ocrx_word' id='word_1_398' title='bbox 2209 1133 2322 1176; x_wconf 83' lang='lat' dir='ltr'>beni·</span> 
     </span>
     <span class='ocr_line' id='line_1_67' title="bbox 1309 1186 2322 1247; baseline 0.003 -16"><span class='ocrx_word' id='word_1_399' title='bbox 1309 1190 1463 1247; x_wconf 87' lang='lat' dir='ltr'>gnitate</span> <span class='ocrx_word' id='word_1_400' title='bbox 1492 1186 1724 1243; x_wconf 79' lang='lat' dir='ltr'>Apostolica</span> <span class='ocrx_word' id='word_1_401' title='bbox 1761 1187 2051 1242; x_wconf 87' lang='lat' dir='ltr'>dignaremur.</span> <span class='ocrx_word' id='word_1_402' title='bbox 2084 1193 2171 1233; x_wconf 88' lang='lat' dir='ltr'>Nos</span> <span class='ocrx_word' id='word_1_403' title='bbox 2198 1192 2322 1246; x_wconf 90' lang='lat' dir='ltr'>igitur</span> 
     </span>
     <span class='ocr_line' id='line_1_68' title="bbox 1309 1246 2319 1305; baseline 0.002 -14"><span class='ocrx_word' id='word_1_404' title='bbox 1309 1247 1427 1305; x_wconf 83' lang='lat' dir='ltr'>ipsius</span> <span class='ocrx_word' id='word_1_405' title='bbox 1441 1246 1683 1300; x_wconf 86' lang='lat' dir='ltr'>Hieronymi</span> <span class='ocrx_word' id='word_1_406' title='bbox 1699 1246 1803 1288; x_wconf 85' lang='lat' dir='ltr'>votis</span> <span class='ocrx_word' id='word_1_407' title='bbox 1819 1247 1894 1288; x_wconf 89' lang='lat' dir='ltr'>hac</span> <span class='ocrx_word' id='word_1_408' title='bbox 1917 1248 1956 1288; x_wconf 92' lang='lat' dir='ltr'>in</span> <span class='ocrx_word' id='word_1_409' title='bbox 1974 1262 2018 1290; x_wconf 91' lang='lat' dir='ltr'>re</span> <span class='ocrx_word' id='word_1_410' title='bbox 2039 1246 2319 1294; x_wconf 75' lang='lat' dir='ltr'>favorabiliter</span> 
     </span>
     <span class='ocr_line' id='line_1_69' title="bbox 1309 1304 2321 1362; baseline 0.003 -13"><span class='ocrx_word' id='word_1_411' title='bbox 1309 1319 1484 1350; x_wconf 85' lang='lat' dir='ltr'>annuere</span> <span class='ocrx_word' id='word_1_412' title='bbox 1498 1304 1698 1355; x_wconf 82' lang='lat' dir='ltr'>volentes,</span> <span class='ocrx_word' id='word_1_413' title='bbox 1711 1318 1886 1359; x_wconf 84' lang='lat' dir='ltr'>eumque</span> <span class='ocrx_word' id='word_1_414' title='bbox 1899 1305 1920 1347; x_wconf 71' lang='lat' dir='ltr'>a</span> <span class='ocrx_word' id='word_1_415' title='bbox 1935 1306 2138 1362; x_wconf 80' lang='lat' dir='ltr'>quibusvis</span> <span class='ocrx_word' id='word_1_416' title='bbox 2153 1322 2321 1352; x_wconf 82' lang='lat' dir='ltr'>excom-</span> 
     </span>
     <span class='ocr_line' id='line_1_70' title="bbox 1308 1362 2320 1421; baseline 0.004 -14"><span class='ocrx_word' id='word_1_417' title='bbox 1308 1364 1588 1407; x_wconf 90' lang='lat' dir='ltr'>municationis</span> <span class='ocrx_word' id='word_1_418' title='bbox 1599 1365 1675 1404; x_wconf 75' lang='grc' dir='ltr'>διο.</span> <span class='ocrx_word' id='word_1_419' title='bbox 1687 1364 1727 1405; x_wconf 89' lang='lat'>&amp;</span> <span class='ocrx_word' id='word_1_420' title='bbox 1743 1362 1969 1406; x_wconf 89' lang='lat' dir='ltr'>absolutum</span> <span class='ocrx_word' id='word_1_421' title='bbox 1984 1364 2068 1408; x_wconf 89' lang='lat' dir='ltr'>fore</span> <span class='ocrx_word' id='word_1_422' title='bbox 2083 1368 2293 1411; x_wconf 84' lang='lat' dir='ltr'>censentes</span> <span class='ocrx_word' id='word_1_423' title='bbox 2304 1397 2320 1421; x_wconf 86' lang='lat'>,</span> 
     </span>
     <span class='ocr_line' id='line_1_71' title="bbox 1308 1421 2322 1481; baseline 0.002 -16"><span class='ocrx_word' id='word_1_424' title='bbox 1308 1421 1537 1479; x_wconf 85' lang='lat' dir='ltr'>hujusmodi</span> <span class='ocrx_word' id='word_1_425' title='bbox 1563 1421 1920 1476; x_wconf 83' lang='lat' dir='ltr'>supplicationibus</span> <span class='ocrx_word' id='word_1_426' title='bbox 1951 1423 2161 1477; x_wconf 83' lang='lat' dir='ltr'>inclinati,</span> <span class='ocrx_word' id='word_1_427' title='bbox 2194 1427 2322 1481; x_wconf 89' lang='lat' dir='ltr'>privi-</span> 
     </span>
     <span class='ocr_line' id='line_1_72' title="bbox 1308 1478 2321 1541; baseline 0.004 -16"><span class='ocrx_word' id='word_1_428' title='bbox 1308 1483 1456 1538; x_wconf 86' lang='lat' dir='ltr'>legium</span> <span class='ocrx_word' id='word_1_429' title='bbox 1471 1478 1737 1536; x_wconf 63' lang='lat' dir='ltr'>supradictum</span> <span class='ocrx_word' id='word_1_430' title='bbox 1761 1482 1781 1523; x_wconf 70' lang='lat' dir='ltr'>a</span> <span class='ocrx_word' id='word_1_431' title='bbox 1798 1481 2058 1525; x_wconf 73' lang='lat' dir='ltr'>dietoAltari</span> <span class='ocrx_word' id='word_1_432' title='bbox 2082 1497 2161 1525; x_wconf 92' lang='lat' dir='ltr'>non</span> <span class='ocrx_word' id='word_1_433' title='bbox 2180 1484 2321 1541; x_wconf 89' lang='lat' dir='ltr'>majori</span> 
     </span>
     <span class='ocr_line' id='line_1_73' title="bbox 1308 1540 2321 1596; baseline 0.003 -13"><span class='ocrx_word' id='word_1_434' title='bbox 1308 1541 1358 1583; x_wconf 92' lang='lat' dir='ltr'>ad</span> <span class='ocrx_word' id='word_1_435' title='bbox 1375 1541 1522 1583; x_wconf 76' lang='lat' dir='ltr'>Altare</span> <span class='ocrx_word' id='word_1_436' title='bbox 1547 1543 1587 1583; x_wconf 91' lang='lat' dir='ltr'>S.</span> <span class='ocrx_word' id='word_1_437' title='bbox 1605 1541 1815 1591; x_wconf 68' lang='lat' dir='ltr'>Cervarii,</span> <span class='ocrx_word' id='word_1_438' title='bbox 1832 1540 1941 1596; x_wconf 86' lang='lat' dir='ltr'>quod</span> <span class='ocrx_word' id='word_1_439' title='bbox 1956 1540 1995 1581; x_wconf 92' lang='lat' dir='ltr'>in</span> <span class='ocrx_word' id='word_1_440' title='bbox 2009 1541 2152 1584; x_wconf 77' lang='lat' dir='ltr'>eadem</span> <span class='ocrx_word' id='word_1_441' title='bbox 2169 1541 2321 1587; x_wconf 52' lang='lat' dir='ltr'>Recte.</span> 
     </span>
     <span class='ocr_line' id='line_1_74' title="bbox 1308 1597 2320 1658; baseline 0.005 -18"><span class='ocrx_word' id='word_1_442' title='bbox 1308 1599 1358 1640; x_wconf 84' lang='lat' dir='ltr'>fia</span> <span class='ocrx_word' id='word_1_443' title='bbox 1376 1597 1527 1641; x_wconf 72' lang='lat' dir='ltr'>Domus</span> <span class='ocrx_word' id='word_1_444' title='bbox 1544 1598 1760 1652; x_wconf 84' lang='lat' dir='ltr'>Regularis</span> <span class='ocrx_word' id='word_1_445' title='bbox 1775 1599 1926 1654; x_wconf 85' lang='lat' dir='ltr'>Oppidi</span> <span class='ocrx_word' id='word_1_446' title='bbox 1938 1600 2179 1655; x_wconf 87' lang='lat' dir='ltr'>Aquisgrani</span> <span class='ocrx_word' id='word_1_447' title='bbox 2193 1601 2320 1658; x_wconf 87' lang='lat' dir='ltr'>majus</span> 
     </span>
     <span class='ocr_line' id='line_1_75' title="bbox 1308 1654 2320 1710; baseline 0.004 -10"><span class='ocrx_word' id='word_1_448' title='bbox 1308 1657 1439 1700; x_wconf 82' lang='lat' dir='ltr'>existit</span> <span class='ocrx_word' id='word_1_449' title='bbox 1455 1685 1469 1707; x_wconf 83' lang='lat'>,</span> <span class='ocrx_word' id='word_1_450' title='bbox 1483 1655 1639 1699; x_wconf 84' lang='lat' dir='ltr'>servata</span> <span class='ocrx_word' id='word_1_451' title='bbox 1653 1665 1788 1698; x_wconf 88' lang='lat' dir='ltr'>tamen</span> <span class='ocrx_word' id='word_1_452' title='bbox 1806 1654 1934 1698; x_wconf 86' lang='lat' dir='ltr'>forma</span> <span class='ocrx_word' id='word_1_453' title='bbox 1949 1659 2101 1701; x_wconf 77' lang='lat' dir='ltr'>indulti</span> <span class='ocrx_word' id='word_1_454' title='bbox 2114 1687 2128 1710; x_wconf 86' lang='lat'>‚</span> <span class='ocrx_word' id='word_1_455' title='bbox 2162 1661 2202 1701; x_wconf 90' lang='lat'>&amp;</span> <span class='ocrx_word' id='word_1_456' title='bbox 2218 1675 2320 1704; x_wconf 88' lang='lat' dir='ltr'>con-</span> 
     </span>
     <span class='ocr_line' id='line_1_76' title="bbox 1307 1714 2319 1774; baseline 0.004 -17"><span class='ocrx_word' id='word_1_457' title='bbox 1307 1714 1484 1757; x_wconf 85' lang='lat' dir='ltr'>ceffionis</span> <span class='ocrx_word' id='word_1_458' title='bbox 1507 1714 1733 1769; x_wconf 87' lang='lat' dir='ltr'>Gregorii,</span> <span class='ocrx_word' id='word_1_459' title='bbox 1759 1728 1804 1756; x_wconf 88' lang='lat' dir='ltr'>ac</span> <span class='ocrx_word' id='word_1_460' title='bbox 1830 1715 2061 1760; x_wconf 83' lang='lat' dir='ltr'>litterarum</span> <span class='ocrx_word' id='word_1_461' title='bbox 2076 1719 2191 1760; x_wconf 88' lang='lat' dir='ltr'>Pauli</span> <span class='ocrx_word' id='word_1_462' title='bbox 2219 1734 2319 1774; x_wconf 84' lang='lat' dir='ltr'>prae-</span> 
     </span>
     <span class='ocr_line' id='line_1_77' title="bbox 1307 1772 2319 1831; baseline 0.005 -15"><span class='ocrx_word' id='word_1_463' title='bbox 1307 1772 1558 1816; x_wconf 81' lang='lat' dir='ltr'>decefforum</span> <span class='ocrx_word' id='word_1_464' title='bbox 1575 1772 1848 1826; x_wconf 70' lang='lat' dir='ltr'>praefatorum,</span> <span class='ocrx_word' id='word_1_465' title='bbox 1863 1777 2128 1819; x_wconf 64' lang='lat' dir='ltr'>Auctoritate</span> <span class='ocrx_word' id='word_1_466' title='bbox 2144 1780 2177 1818; x_wconf 88' lang='lat' dir='ltr'>A</span> <span class='ocrx_word' id='word_1_467' title='bbox 2184 1778 2319 1831; x_wconf 80' lang='lat' dir='ltr'>posto-</span> 
     </span>
     <span class='ocr_line' id='line_1_78' title="bbox 1308 1833 2318 1890; baseline 0.004 -15"><span class='ocrx_word' id='word_1_468' title='bbox 1308 1833 1412 1880; x_wconf 74' lang='lat' dir='ltr'>lica,</span> <span class='ocrx_word' id='word_1_469' title='bbox 1444 1843 1588 1874; x_wconf 88' lang='lat' dir='ltr'>tenore</span> <span class='ocrx_word' id='word_1_470' title='bbox 1623 1833 1873 1885; x_wconf 69' lang='lat' dir='ltr'>praesentium</span> <span class='ocrx_word' id='word_1_471' title='bbox 1890 1837 2092 1890; x_wconf 79' lang='lat' dir='ltr'>perpetuo</span> <span class='ocrx_word' id='word_1_472' title='bbox 2106 1835 2318 1885; x_wconf 63' lang='lat' dir='ltr'>transferi--&gt;</span> 
     </span>
     <span class='ocr_line' id='line_1_79' title="bbox 1305 1891 2318 1942; baseline 0.006 -9"><span class='ocrx_word' id='word_1_473' title='bbox 1305 1905 1392 1933; x_wconf 88' lang='lat' dir='ltr'>mus</span> <span class='ocrx_word' id='word_1_474' title='bbox 1406 1920 1420 1942; x_wconf 84' lang='lat'><em>‚</em></span> <span class='ocrx_word' id='word_1_475' title='bbox 1450 1906 1496 1933; x_wconf 90' lang='lat' dir='ltr'>ac</span> <span class='ocrx_word' id='word_1_476' title='bbox 1513 1892 1753 1934; x_wconf 83' lang='lat' dir='ltr'>translatum</span> <span class='ocrx_word' id='word_1_477' title='bbox 1783 1891 1861 1935; x_wconf 78' lang='lat' dir='ltr'>esse</span> <span class='ocrx_word' id='word_1_478' title='bbox 1878 1894 2061 1935; x_wconf 89' lang='lat' dir='ltr'>volumus</span> <span class='ocrx_word' id='word_1_479' title='bbox 2076 1920 2090 1942; x_wconf 67' lang='lat' dir='ltr'>a</span> <span class='ocrx_word' id='word_1_480' title='bbox 2123 1896 2163 1936; x_wconf 77' lang='grc' dir='ltr'>δι</span> <span class='ocrx_word' id='word_1_481' title='bbox 2178 1894 2318 1939; x_wconf 82' lang='lat' dir='ltr'>decla-</span> 
     </span>
     <span class='ocr_line' id='line_1_80' title="bbox 1306 1951 2316 1998; baseline 0.004 -6"><span class='ocrx_word' id='word_1_482' title='bbox 1306 1963 1434 1992; x_wconf 81' lang='lat' dir='ltr'>ramus</span> <span class='ocrx_word' id='word_1_483' title='bbox 1447 1979 1458 1990; x_wconf 88' lang='lat'>.</span> <span class='ocrx_word' id='word_1_484' title='bbox 1473 1952 1521 1990; x_wconf 78' lang='lat' dir='ltr'>In</span> <span class='ocrx_word' id='word_1_485' title='bbox 1537 1951 1792 1993; x_wconf 88' lang='lat' dir='ltr'>contrarium</span> <span class='ocrx_word' id='word_1_486' title='bbox 1806 1951 2046 1995; x_wconf 87' lang='lat' dir='ltr'>facientibus</span> <span class='ocrx_word' id='word_1_487' title='bbox 2059 1966 2139 1995; x_wconf 88' lang='lat' dir='ltr'>non</span> <span class='ocrx_word' id='word_1_488' title='bbox 2155 1953 2316 1998; x_wconf 84' lang='lat' dir='ltr'>obstan-</span> 
     </span>
     <span class='ocr_line' id='line_1_81' title="bbox 1304 2006 1764 2064; baseline -0.002 -13"><span class='ocrx_word' id='word_1_489' title='bbox 1304 2010 1408 2051; x_wconf 88' lang='lat' dir='ltr'>tibus</span> <span class='ocrx_word' id='word_1_490' title='bbox 1423 2006 1737 2064; x_wconf 89' lang='lat' dir='ltr'>quibuscumque</span> <span class='ocrx_word' id='word_1_491' title='bbox 1747 2016 1764 2050; x_wconf 82' lang='grc'>’.</span> 
     </span>
    </p>

    <p class='ocr_par' dir='ltr' id='par_1_19' title="bbox 1309 2066 2339 2287">
     <span class='ocr_line' id='line_1_82' title="bbox 1369 2066 2311 2126; baseline 0.007 -18"><span class='ocrx_word' id='word_1_492' title='bbox 1369 2069 1516 2108; x_wconf 76' lang='lat' dir='ltr'>Datum</span> <span class='ocrx_word' id='word_1_493' title='bbox 1534 2067 1672 2108; x_wconf 88' lang='lat' dir='ltr'>Romae</span> <span class='ocrx_word' id='word_1_494' title='bbox 1694 2066 1800 2122; x_wconf 83' lang='lat' dir='ltr'>apud</span> <span class='ocrx_word' id='word_1_495' title='bbox 1829 2071 1871 2111; x_wconf 86' lang='lat' dir='ltr'>S.</span> <span class='ocrx_word' id='word_1_496' title='bbox 1885 2070 2055 2111; x_wconf 83' lang='lat' dir='ltr'>Mariam</span> <span class='ocrx_word' id='word_1_497' title='bbox 2074 2069 2311 2126; x_wconf 59' lang='lat' dir='ltr'>Majorem.)</span> 
     </span>
     <span class='ocr_line' id='line_1_83' title="bbox 1311 2124 2339 2178; baseline 0.005 -10"><span class='ocrx_word' id='word_1_498' title='bbox 1311 2124 1379 2168; x_wconf 88' lang='lat' dir='ltr'>sub</span> <span class='ocrx_word' id='word_1_499' title='bbox 1414 2124 1576 2168; x_wconf 87' lang='lat' dir='ltr'>Annulo</span> <span class='ocrx_word' id='word_1_500' title='bbox 1610 2127 1823 2168; x_wconf 78' lang='lat' dir='ltr'>Piscatoris</span> <span class='ocrx_word' id='word_1_501' title='bbox 1850 2157 1866 2178; x_wconf 88' lang='lat'>,</span> <span class='ocrx_word' id='word_1_502' title='bbox 1906 2126 1973 2170; x_wconf 92' lang='lat' dir='ltr'>die</span> <span class='ocrx_word' id='word_1_503' title='bbox 1994 2140 2020 2168; x_wconf 86' lang='lat' dir='ltr'>x</span> <span class='ocrx_word' id='word_1_504' title='bbox 2042 2141 2056 2168; x_wconf 89' lang='lat'><em>1</em></span> <span class='ocrx_word' id='word_1_505' title='bbox 2078 2140 2110 2169; x_wconf 78' lang='grc' dir='ltr'>ι.</span> <span class='ocrx_word' id='word_1_506' title='bbox 2136 2132 2339 2173; x_wconf 81' lang='lat' dir='ltr'>Novem·&#39;</span> 
     </span>
     <span class='ocr_line' id='line_1_84' title="bbox 1310 2185 2314 2233; baseline 0.005 -7"><span class='ocrx_word' id='word_1_507' title='bbox 1310 2185 1391 2226; x_wconf 86' lang='lat' dir='ltr'>bris</span> <span class='ocrx_word' id='word_1_508' title='bbox 1429 2197 1646 2227; x_wconf 69' lang='lat' dir='ltr'>moczxxt</span> <span class='ocrx_word' id='word_1_509' title='bbox 1660 2198 1722 2227; x_wconf 89' lang='lat'>11.</span> <span class='ocrx_word' id='word_1_510' title='bbox 1765 2185 2033 2230; x_wconf 87' lang='lat' dir='ltr'>Pontificatus</span> <span class='ocrx_word' id='word_1_511' title='bbox 2070 2186 2191 2232; x_wconf 89' lang='lat' dir='ltr'>nostri</span> <span class='ocrx_word' id='word_1_512' title='bbox 2226 2193 2314 2233; x_wconf 82' lang='lat' dir='ltr'>An-</span> 
     </span>
     <span class='ocr_line' id='line_1_85' title="bbox 1309 2243 1542 2287; baseline -0.013 0"><span class='ocrx_word' id='word_1_513' title='bbox 1309 2258 1363 2287; x_wconf 86' lang='lat' dir='ltr'>no</span> <span class='ocrx_word' id='word_1_514' title='bbox 1389 2243 1542 2285; x_wconf 89' lang='lat' dir='ltr'>tertio.</span> 
     </span>
    </p>
   </div>
   <div class='ocr_carea' id='block_1_18' title="bbox 1879 2361 2198 2420">
    <p class='ocr_par' dir='ltr' id='par_1_20' title="bbox 1879 2361 2198 2420">
     <span class='ocr_line' id='line_1_86' title="bbox 1879 2361 2198 2420; baseline -0.003 -16"><span class='ocrx_word' id='word_1_515' title='bbox 1879 2365 1916 2420; x_wconf 94' lang='lat' dir='ltr'>J.</span> <span class='ocrx_word' id='word_1_516' title='bbox 1945 2365 1998 2406; x_wconf 91' lang='lat' dir='ltr'>G.</span> <span class='ocrx_word' id='word_1_517' title='bbox 2025 2361 2172 2407; x_wconf 82' lang='lat' dir='ltr'>Slulius</span> <span class='ocrx_word' id='word_1_518' title='bbox 2185 2391 2198 2403; x_wconf 93' lang='lat'>.</span> 
     </span>
    </p>
   </div>
   <div class='ocr_carea' id='block_1_19' title="bbox 1367 2476 2314 2585">
    <p class='ocr_par' dir='ltr' id='par_1_21' title="bbox 1367 2476 2314 2585">
     <span class='ocr_line' id='line_1_87' title="bbox 1367 2476 2314 2537; baseline 0.002 -17"><span class='ocrx_word' id='word_1_519' title='bbox 1367 2476 1723 2536; x_wconf 30' lang='lat' dir='ltr'>Breve-fhrmasum</span> <span class='ocrx_word' id='word_1_520' title='bbox 1742 2479 1786 2520; x_wconf 72' lang='lat' dir='ltr'>in</span> <span class='ocrx_word' id='word_1_521' title='bbox 1805 2478 1970 2522; x_wconf 77' lang='lat' dir='ltr'>Archivo</span> <span class='ocrx_word' id='word_1_522' title='bbox 1977 2480 2155 2537; x_wconf 73' lang='lat' dir='ltr'>generali</span> <span class='ocrx_word' id='word_1_523' title='bbox 2170 2483 2314 2524; x_wconf 84' lang='lat' dir='ltr'>Arma·</span> 
     </span>
     <span class='ocr_line' id='line_1_88' title="bbox 1423 2537 1994 2585; baseline 0.002 -6"><span class='ocrx_word' id='word_1_524' title='bbox 1423 2543 1485 2579; x_wconf 78' lang='lat' dir='ltr'>rio</span> <span class='ocrx_word' id='word_1_525' title='bbox 1507 2539 1721 2582; x_wconf 80' lang='lat' dir='ltr'>Provincia</span> <span class='ocrx_word' id='word_1_526' title='bbox 1731 2537 1994 2585; x_wconf 82' lang='lat' dir='ltr'>Colonienfis.</span> 
     </span>
    </p>
   </div>
   <div class='ocr_carea' id='block_1_20' title="bbox 1309 2675 1714 2693">
    <p class='ocr_par' dir='ltr' id='par_1_22' title="bbox 1309 2675 1714 2693">
     <span class='ocr_line' id='line_1_89' title="bbox 1309 2675 1714 2693; baseline -0.01 -1"><span class='ocrx_word' id='word_1_527' title='bbox 1309 2675 1714 2693; x_wconf 45' lang='lat' dir='ltr'>——Q—</span> 
     </span>
    </p>
   </div>
   <div class='ocr_carea' id='block_1_21' title="bbox 1715 2676 2060 2692">
    <p class='ocr_par' dir='ltr' id='par_1_23' title="bbox 1715 2676 2060 2692">
     <span class='ocr_line' id='line_1_90' title="bbox 1715 2676 2060 2692; baseline 0 1512"><span class='ocrx_word' id='word_1_528' title='bbox 1715 2676 2060 2692; x_wconf 95' lang='lat' dir='ltr'> </span> 
     </span>
    </p>
   </div>
   <div class='ocr_carea' id='block_1_22' title="bbox 1308 2770 2314 2977">
    <p class='ocr_par' dir='ltr' id='par_1_24' title="bbox 1308 2770 2314 2977">
     <span class='ocr_line' id='line_1_91' title="bbox 1308 2770 2314 2824; baseline 0.004 -4"><span class='ocrx_word' id='word_1_529' title='bbox 1308 2772 1554 2821; x_wconf 88' lang='lat' dir='ltr'>Paritatem</span> <span class='ocrx_word' id='word_1_530' title='bbox 1571 2782 1794 2820; x_wconf 89' lang='lat' dir='ltr'>votorum</span> <span class='ocrx_word' id='word_1_531' title='bbox 1811 2770 2034 2822; x_wconf 88' lang='lat' dir='ltr'>Ministris</span> <span class='ocrx_word' id='word_1_532' title='bbox 2053 2775 2314 2824; x_wconf 85' lang='lat' dir='ltr'>Provincia-</span> 
     </span>
     <span class='ocr_line' id='line_1_92' title="bbox 1378 2839 2312 2895; baseline 0.004 -4"><span class='ocrx_word' id='word_1_533' title='bbox 1378 2843 1495 2891; x_wconf 90' lang='lat' dir='ltr'>libus</span> <span class='ocrx_word' id='word_1_534' title='bbox 1519 2842 1564 2888; x_wconf 89' lang='lat' dir='ltr'>in</span> <span class='ocrx_word' id='word_1_535' title='bbox 1584 2839 1801 2890; x_wconf 88' lang='lat' dir='ltr'>Comitiis</span> <span class='ocrx_word' id='word_1_536' title='bbox 1820 2843 2121 2894; x_wconf 85' lang='lat' dir='ltr'>Generalibus</span> <span class='ocrx_word' id='word_1_537' title='bbox 2152 2861 2312 2895; x_wconf 89' lang='lat' dir='ltr'>conce-</span> 
     </span>
     <span class='ocr_line' id='line_1_93' title="bbox 1376 2908 2312 2977; baseline 0.006 -18"><span class='ocrx_word' id='word_1_538' title='bbox 1376 2911 1473 2967; x_wconf 87' lang='lat' dir='ltr'>dit,</span> <span class='ocrx_word' id='word_1_539' title='bbox 1501 2908 1550 2959; x_wconf 75' lang='grc' dir='ltr'>δι</span> <span class='ocrx_word' id='word_1_540' title='bbox 1569 2908 1779 2977; x_wconf 86' lang='lat' dir='ltr'>deinceps</span> <span class='ocrx_word' id='word_1_541' title='bbox 1806 2930 1927 2963; x_wconf 90' lang='lat' dir='ltr'>nova</span> <span class='ocrx_word' id='word_1_542' title='bbox 1949 2916 2048 2964; x_wconf 89' lang='lat' dir='ltr'>loca</span> <span class='ocrx_word' id='word_1_543' title='bbox 2063 2915 2111 2963; x_wconf 91' lang='lat' dir='ltr'>in</span> <span class='ocrx_word' id='word_1_544' title='bbox 2124 2918 2312 2965; x_wconf 86' lang='lat' dir='ltr'>Provin-</span> 
     </span>
    </p>
   </div>
   <div class='ocr_carea' id='block_1_23' title="bbox 1323 2977 2311 3118">
    <p class='ocr_par' dir='ltr' id='par_1_25' title="bbox 1323 2977 2311 3118">
     <span class='ocr_line' id='line_1_94' title="bbox 1323 2977 2311 3054; baseline 0.009 -27"><span class='ocrx_word' id='word_1_545' title='bbox 1323 3030 1326 3032; x_wconf 71' lang='grc'><em>,</em></span> <span class='ocrx_word' id='word_1_546' title='bbox 1376 2981 1445 3028; x_wconf 84' lang='lat' dir='ltr'>cia</span> <span class='ocrx_word' id='word_1_547' title='bbox 1480 2977 1568 3027; x_wconf 86' lang='lat' dir='ltr'>fine</span> <span class='ocrx_word' id='word_1_548' title='bbox 1598 2978 1782 3031; x_wconf 87' lang='lat' dir='ltr'>recursu</span> <span class='ocrx_word' id='word_1_549' title='bbox 1812 2983 1869 3034; x_wconf 89' lang='lat' dir='ltr'>ad</span> <span class='ocrx_word' id='word_1_550' title='bbox 1904 2989 1953 3037; x_wconf 87' lang='lat' dir='ltr'>S.</span> <span class='ocrx_word' id='word_1_551' title='bbox 1976 2984 2144 3036; x_wconf 88' lang='lat' dir='ltr'>Sedem</span> <span class='ocrx_word' id='word_1_552' title='bbox 2170 2988 2311 3054; x_wconf 85' lang='lat' dir='ltr'>recipi</span> 
     </span>
     <span class='ocr_line' id='line_1_95' title="bbox 1380 3046 1757 3118; baseline 0.011 -21"><span class='ocrx_word' id='word_1_553' title='bbox 1380 3046 1500 3118; x_wconf 88' lang='lat' dir='ltr'>posse</span> <span class='ocrx_word' id='word_1_554' title='bbox 1530 3048 1757 3101; x_wconf 83' lang='lat' dir='ltr'>declarat.</span> 
     </span>
    </p>
   </div>
   <div class='ocr_carea' id='block_1_24' title="bbox 1312 3179 2310 3365">
    <p class='ocr_par' dir='ltr' id='par_1_26' title="bbox 1312 3179 2310 3365">
     <span class='ocr_line' id='line_1_96' title="bbox 1312 3179 2310 3238; baseline 0.006 -11"><span class='ocrx_word' id='word_1_555' title='bbox 1312 3179 1910 3237; x_wconf 83' lang='lat' dir='ltr'>INNOCENTIUS</span> <span class='ocrx_word' id='word_1_556' title='bbox 1955 3188 2165 3236; x_wconf 87' lang='lat' dir='ltr'>PAPA</span> <span class='ocrx_word' id='word_1_557' title='bbox 2216 3188 2310 3238; x_wconf 86' lang='lat' dir='ltr'>XI.</span> 
     </span>
     <span class='ocr_line' id='line_1_97' title="bbox 1486 3306 2138 3365; baseline 0.008 -16"><span class='ocrx_word' id='word_1_558' title='bbox 1486 3306 1554 3349; x_wconf 76' lang='lat' dir='ltr'>Ad</span> <span class='ocrx_word' id='word_1_559' title='bbox 1563 3316 1796 3365; x_wconf 82' lang='lat' dir='ltr'>perpetuam</span> <span class='ocrx_word' id='word_1_560' title='bbox 1818 3311 1878 3354; x_wconf 80' lang='lat' dir='ltr'>rei</span> <span class='ocrx_word' id='word_1_561' title='bbox 1898 3313 2138 3355; x_wconf 69' lang='lat' dir='ltr'>memoriam.</span> 
     </span>
    </p>
   </div>
   <div class='ocr_carea' id='block_1_25' title="bbox 1310 3424 2311 3607">
    <p class='ocr_par' dir='ltr' id='par_1_27' title="bbox 1310 3424 2311 3607">
     <span class='ocr_line' id='line_1_98' title="bbox 1310 3424 2311 3533; baseline 0.011 -71"><span class='ocrx_word' id='word_1_562' title='bbox 1310 3424 1461 3533; x_wconf 85' lang='lat' dir='ltr'>AD</span> <span class='ocrx_word' id='word_1_563' title='bbox 1489 3424 1681 3479; x_wconf 87' lang='lat' dir='ltr'>pastorale</span> <span class='ocrx_word' id='word_1_564' title='bbox 1697 3426 1892 3485; x_wconf 86' lang='lat' dir='ltr'>fastigium</span> <span class='ocrx_word' id='word_1_565' title='bbox 1907 3457 1921 3479; x_wconf 82' lang='lat'>,</span> <span class='ocrx_word' id='word_1_566' title='bbox 1945 3429 2101 3473; x_wconf 87' lang='lat' dir='ltr'>meritis</span> <span class='ocrx_word' id='word_1_567' title='bbox 2125 3429 2311 3473; x_wconf 74' lang='lat' dir='ltr'>licetim·</span> 
     </span>
     <span class='ocr_line' id='line_1_99' title="bbox 1449 3483 2252 3542; baseline 0.012 -20"><span class='ocrx_word' id='word_1_568' title='bbox 1449 3483 1634 3536; x_wconf 77' lang='lat' dir='ltr'>paribus,</span> <span class='ocrx_word' id='word_1_569' title='bbox 1658 3485 1793 3529; x_wconf 84' lang='lat' dir='ltr'>divina</span> <span class='ocrx_word' id='word_1_570' title='bbox 1817 3487 2078 3542; x_wconf 85' lang='lat' dir='ltr'>dispofitione</span> <span class='ocrx_word' id='word_1_571' title='bbox 2099 3488 2252 3532; x_wconf 68' lang='lat' dir='ltr'>evecti.</span> 
     </span>
     <span class='ocr_line' id='line_1_100' title="bbox 1314 3537 1952 3607; baseline 0.011 -26"><span class='ocrx_word' id='word_1_572' title='bbox 1314 3537 1520 3593; x_wconf 71' lang='lat' dir='ltr'>Rfiduum</span> <span class='ocrx_word' id='word_1_573' title='bbox 1532 3542 1619 3584; x_wconf 81' lang='lat' dir='ltr'>vide</span> <span class='ocrx_word' id='word_1_574' title='bbox 1628 3546 1763 3602; x_wconf 73' lang='lat' dir='ltr'>fhprd</span> <span class='ocrx_word' id='word_1_575' title='bbox 1780 3547 1865 3607; x_wconf 84' lang='lat' dir='ltr'>sol.</span> <span class='ocrx_word' id='word_1_576' title='bbox 1885 3558 1952 3589; x_wconf 87' lang='lat'>20.</span> 
     </span>
    </p>
   </div>
   <div class='ocr_carea' id='block_1_26' title="bbox 2186 3944 2253 3984">
    <p class='ocr_par' dir='ltr' id='par_1_28' title="bbox 2186 3944 2253 3984">
     <span class='ocr_line' id='line_1_101' title="bbox 2186 3944 2253 3984; baseline -0.015 0"><span class='ocrx_word' id='word_1_577' title='bbox 2186 3944 2253 3984; x_wconf 72' lang='lat' dir='ltr'>Fr.</span> 
     </span>
    </p>
   </div>
  </div>
 </body>
</html>
