2658 4256
398 227 504 315 50

1090 199 1684 284 Provincia

964 380 1033 432 Ex
1070 379 1199 430 Parte
1235 379 1476 431 Provincia
1513 379 1754 430 Helveticae
1770 412 1786 431 ,

760 493 795 534 >u

684 492 750 538 ot.

755 544 792 678 >nabebo

818 545 850 632 fv

822 642 854 681 P

815 690 850 778 ἔ

749 689 790 776 >ube

795 570 806 582 .
879 547 1122 585 Martinianus
1146 546 1319 597 Tugiensis
1344 547 1419 584 Ex·
1433 545 1683 583 Provincialis
1696 569 1711 589 ,
1736 547 1780 588 ὢ·
1793 539 1986 597 Definitor.

795 619 806 630 .
853 596 1056 634 ,Antonius
1077 594 1230 636 Maria
1252 597 1400 634 Lucern.
1426 595 1611 644 ‘Definitor
1635 595 1679 645 (θ’
1703 592 1820 647 Custos
1835 612 1848 626 ·

796 667 807 679 .
880 642 1004 681 ‘Benno
1027 645 1152 684 Stant.
1178 643 1387 691 Definitor.

877 691 1083 741 Mansuetus
1109 691 1244 734 Fribur‘
1266 693 1334 741 ens]
1361 692 1546 741 ‘Definitor
1561 718 1572 734 .

798 521 808 533 .
823 495 867 542 P.
882 496 1068 539 Nazarius
1094 496 1249 536 Rhoetus
1271 506 1307 547 p.
1328 508 1356 540 t.
1382 497 1575 549 Minister
1601 494 1865 535 provincialis.

824 782 826 785 .
852 720 1070 788 :Gratianus
1097 741 1280 786 Artbents
1302 740 1570 789 Ex·‘Desz'nitor
1595 741 1640 784 ὠ·
1666 739 1807 791 Custos.

979 841 1054 893 Ex
1089 841 1218 893 Parte
1253 841 1490 894 Provincia
1525 841 1728 909 ,Alsc'tticae
1747 877 1760 891 .

676 955 745 996 αἱ.
757 954 805 994 R.
819 957 863 996 Ρ.
879 958 1060 997 Patricius
1082 968 1124 997 ex
1147 959 1387 1008 Hegenbeimb
1405 968 1442 1010 p.
1455 969 1484 997 t.
1503 957 1695 1009 &Minister
1716 955 1955 999 Provincialis
1969 983 1981 998 .

753 1004 801 1044 R.
815 1006 862 1045 P.
877 1007 1091 1055 Bonagratia
1116 1018 1157 1045 ex
1176 1007 1398 1058 Hochstetten
1423 1006 1763 1068 Definitor,Gustos
1777 1032 1789 1056 .

754 1053 804 1091 R.
819 1054 863 1093 P.
877 1054 1049 1093 Fintanus
1076 1055 1293 1105 Tambacenfi
1317 1056 1490 1104 Definitor
1501 1081 1514 1093 .

752 1101 803 1138 R.
818 1103 858 1142 P.
879 1104 1081 1141 Edmundus
1105 1104 1276 1153 Tannens.
1297 1105 1470 1152 Definitor
1484 1129 1495 1142 .

755 1149 805 1189 R.
819 1151 862 1191 Ρ.
880 1153 1034 1191 Serenus
1066 1153 1285 1201 Caesarmont.
1303 1153 1477 1202 Definitor
1496 1153 1541 1197 ὁ·
1561 1154 1700 1205 Custos.

413 1259 494 1299 Nos
521 1259 641 1309 itaque
657 1262 717 1298 hoc
730 1256 988 1306 separationis,
1012 1259 1307 1302 &conventionis
1326 1259 1586 1311 instrumentum
1607 1262 1648 1297 in
1668 1261 1769 1312 duplo
1790 1261 1984 1312 expeditum
1998 1284 2012 1307 ‚
2035 1261 2080 1304 ὁ·
2093 1261 2236 1300 cuilibet
2259 1261 2416 1302 Provin-

314 1310 375 1347 ‘eiae
397 1309 624 1356 confignatum
640 1334 653 1352 ,
681 1305 883 1343 aufloritate
905 1306 1003 1341 nobis
1022 1307 1147 1345 collata
1157 1333 1169 1352 ‚
1182 1312 1273 1346 omni
1290 1309 1422 1346 meliori
1442 1310 1535 1346 modo
1547 1309 1782 1357 confirmamus
1801 1335 1816 1356 ‚
1841 1311 1885 1353 ὠ·
1901 1311 2182 1356 corroboramus,
2199 1311 2381 1360 sperantes
2395 1336 2411 1357 ,

312 1358 357 1399 ὼ·
381 1358 421 1391 in
447 1356 603 1392 ‘Domino
619 1354 840 1401 confidentes,
869 1352 958 1402 quad
970 1378 982 1398 ,
996 1355 1100 1403 ficutt'
1116 1357 1171 1407 {sst'
1192 1356 1277 1395 RR.
1293 1358 1429 1397 ‘Patres
1440 1360 1542 1398 utriu
1557 1363 1622 1407 que
1642 1358 1840 1397 Provincia
1854 1360 1895 1396 in
1905 1360 2040 1410 summa
2057 1368 2142 1410 paee
2153 1384 2168 1411 ‚
2191 1360 2235 1403 ῥ’
2249 1360 2410 1418 optirncu

317 1403 555 1451 intelligentia
581 1428 593 1446 ‚
626 1417 701 1442 cum
724 1403 871 1439 maxima
896 1401 1119 1448 ‘edificatione
1141 1405 1254 1454 nostra
1272 1414 1336 1454 per
1364 1409 1501 1454 omnia,

1587 1408 1627 1443 in
1652 1409 1806 1446 omnibus
1826 1407 2012 1458 amiciffimb
2035 1418 2299 1455 convenerunt,
2322 1418 2411 1455 tta-q

311 1453 450 1509 jugiter
481 1452 520 1487 in
546 1452 660 1489 eodem
674 1452 808 1500 spiritu
829 1450 980 1507 unitatis
992 1474 1005 1493 ,
1029 1451 1073 1493 &¹
1083 1460 1254 1500 perpetua
1275 1454 1461 1498 charitatis
1482 1455 1622 1493 vinculo
1642 1456 1814 1505 conjunfiii
1826 1457 1898 1505 fint
1915 1457 2157 1507 permansuri.

412 1498 505 1543 Λεία
519 1523 533 1546 ,
559 1501 602 1550 φ·
618 1501 712 1558 fafia
728 1499 816 1548 sunt
836 1498 903 1535 hac
923 1509 963 1533 tn
984 1498 1169 1546 Conventa
1182 1500 1393 1551 Dornacenfi
1409 1502 1604 1541 Provinciae
1613 1503 1807 1550 Helveticae
1823 1505 1880 1547 die
1898 1516 1928 1551 3·
1956 1504 2038 1556 Jul.
2057 1514 2158 1554 ¹729·

799 1595 876 1656 Fr.
901 1595 1092 1650 Salomon
1111 1596 1376 1668 Villinganus
1390 1636 1407 1658 ‚
1440 1601 1692 1655 ‘Provincia
1715 1599 1917 1668 Capucin.
1948 1601 2189 1653 Anterioris
2219 1604 2406 1656 Austriae

939 1664 1140 1734 Minister
1161 1669 1453 1722 Provincialis
1476 1677 1530 1720 ἐφ’
1553 1671 1862 1740 Commiffierius
1890 1673 2109 1723 Generalis
2139 1671 2235 1723 Ind.

309 1787 352 1828 Γ.
379 1787 568 1829 Nazarius
596 1787 739 1826 Rhaetus
763 1785 959 1825 Provincia
985 1785 1157 1835 Capacin.
1182 1787 1326 1826 Helvet.

327 1836 333 1846 ”
409 1835 646 1876 Provincialis
664 1837 736 1872 ind.

309 1886 348 1925 F.
374 1885 619 1925 Martinianus
633 1883 792 1932 Tugiensi
813 1882 907 1931 ‘Defi
924 1881 977 1918 Ex
990 1882 1135 1920 ·‘Prov.
1155 1885 1241 1934 Cap.
1253 1885 1328 1929 ind,

308 1934 350 1973 F.
375 1934 571 1971 eAntontus
590 1934 712 1971 Maria
725 1934 870 1970 Lucern.
886 1930 965 1978 Def.
986 1931 1070 1980 Cap.
1083 1932 1157 1968 ind.

311 1982 350 2020 F.
379 1981 505 2018 ‘Benna
529 1983 649 2019 Stant.
671 1981 753 2029 Def-
777 1981 861 2028 Cap.
879 1979 957 2014 ind.

311 2030 350 2069 P.
378 2031 585 2078 friansuetus
603 2029 765 2077 Friburg.
779 2029 857 2077 Defi
878 2028 963 2075 Cap.
980 2027 1055 2064 ind.

311 2078 352 2119 F.
377 2079 575 2116 Gratianus
597 2078 707 2116 Arth.
725 2078 798 2120 Ex·
809 2075 892 2125 Def-
906 2077 991 2125 Cap.
1007 2076 1081 2113 ind.
1099 2076 1192 2129 Cast.

1389 1787 1427 1827 F.
1452 1788 1632 1829 Patricius
1654 1799 1695 1826 ex
1719 1788 1957 1837 Hegenheimb
1983 1789 2181 1828 Provinciae
2196 1790 2326 1839 Capuc.
2345 1790 2413 1828 ΑΙ·

1475 1837 1575 1884 satia
1601 1837 1841 1876 Provincialis
1867 1839 1941 1875 ind.

1385 1884 1426 1922 F.
1451 1885 1666 1933 Bonagratia
1688 1897 1730 1923 ex
1752 1885 1972 1935 Hochstetten
1994 1888 2075 1936 Des}
2095 1889 2182 1937 Cap.
2199 1888 2274 1925 ind.

1384 1932 1424 1971 F.
1448 1932 1619 1971 Fintaaus
1641 1934 1848 1972 Dambacen.
1871 1935 1953 1983 Des.
1970 1936 2057 1984 Cap.
2078 1937 2153 1976 ind,

1386 1981 1425 2019 F.
1450 1981 1648 2019 Edmundus
1670 1981 1852 2020 Thannen.
1875 1983 1956 2032 Defi
1980 1985 2066 2033 Cap.
2085 1985 2161 2021 iud.

1385 2029 1424 2074 F,
1449 2031 1604 2069 Serenus
1628 2030 1846 2080 Caesarmont.
1870 2031 1952 2081 Des.
1968 2033 2056 2089 Cap.
2073 2033 2150 2069 ind.

308 2219 2405 2239 —mq-*m———mQ-mss—

312 2314 570 2368 Facultates
595 2313 921 2373 Miffionariae,
957 2333 1052 2381 quae
1083 2316 1140 2365 de
1171 2321 1220 2366 S.
1251 2320 1328 2367 Se-

378 2384 448 2434 dis
483 2384 698 2433 mandato
740 2386 989 2434 Provinciae
1020 2386 1242 2444 concedi,
1278 2386 1328 2442 <Sc

377 2455 405 2503 ὲ
430 2470 700 2520 quocunque
727 2455 908 2505 Nuntio
925 2455 1199 2524 Apostolico
1224 2473 1327 2507 con·

378 2522 555 2574 firmari
587 2522 760 2578 solent.

307 2642 560 2695 Dominicus
573 2677 590 2700 ‚
606 2643 700 2709 Dei„
713 2641 1022 2711 &Apostolicae
1040 2644 1156 2695 Sedis
1180 2648 1324 2714 gratia

372 2713 718 2779 Arcbiepiscopus
737 2715 988 2782 Ephesiam,
1009 2717 1067 2766 ad
1081 2717 1325 2777 Helvetios,

376 2782 559 2832 Rhoetos
576 2816 593 2839 ‚
621 2800 668 2830 ac
694 2784 930 2851 Valcfi'anos
946 2822 962 2845 ,
999 2806 1209 2856 eorumque
1235 2808 1326 2837 con-

375 2851 597 2923 foederatos
625 2853 680 2901 (5
694 2852 884 2920 subditos
898 2890 914 2913 ,
946 2875 1016 2904 nec
1042 2876 1122 2905 non
1142 2860 1201 2908 ad
1225 2859 1327 2908 Con·

371 2923 633 2990 stantiensbm
649 2957 665 2981 ,
700 2922 965 2990 Bafileenfim
984 2960 1000 2982 ,
1035 2925 1296 2995 Sedunenfim
1310 2965 1328 2988 ,

381 2992 612 3060 Curiensem
632 3027 648 3050 ,
683 3000 736 3043 ἐξ
772 2993 1064 3063 Laufhnenfim
1106 2996 1327 3048 Civitates

378 3069 432 3113 63’
450 3063 652 3131 Dioecefis
679 3083 768 3113 cum
787 3066 986 3132 potestate
1014 3066 1168 3135 Legati
1192 3073 1218 3119 ἃ
1244 3069 1328 3123 La-

381 3150 468 3183 tere
497 3133 690 3185 Nuntius
721 3137 814 3185 &a

429 3257 506 3298 Um
532 3268 606 3310 pro
630 3260 746 3310 parte
761 3254 799 3294 δε
816 3253 866 3295 ad
883 3253 1103 3298 instantiam
1121 3257 1171 3303 A.
1186 3257 1238 3299 R.
1254 3259 1327 3300 Pa-

449 3313 520 3355 tris
535 3312 805 3361 Provincialis
823 3314 917 3355 RR.
930 3314 1009 3355 PP.
1022 3317 1326 3370 Capucinorum

308 3370 534 3415 Helveticae
549 3371 772 3415 Provinciae
791 3370 980 3414 fuerimus
998 3373 1191 3416 instanter
1207 3388 1325 3429 roga·-

308 3432 343 3474 ti
361 3458 375 3480 ‚
403 3438 448 3473 ut
470 3431 619 3486 aliquas
635 3430 851 3474 facultates
867 3430 1052 3474 Patribus
1066 3433 1139 3476 suae
1153 3434 1323 3476 Provin-

307 3490 381 3531 ciae
404 3488 506 3531 intra
531 3490 752 3532 distrinum
778 3487 915 3531 nostrae
943 3492 1199 3535 Nuntiaturae
1222 3490 1325 3534 exis-

308 3546 489 3590 tentibus
504 3575 517 3598 ,
539 3549 587 3591 ad
610 3552 726 3591 tanto
741 3547 961 3590 ferventius
975 3549 1144 3593 salutem
1159 3551 1326 3594 Anima·

311 3619 398 3649 rum
414 3635 428 3658 ,
453 3606 548 3647 dum
570 3607 619 3649 fic
641 3606 808 3663 expoliti
836 3618 1077 3661 remanent,
1105 3623 1327 3664 procuran-

310 3668 403 3715 dam
420 3693 432 3716 ‚
463 3664 515 3708 de
537 3665 783 3720 benignitate
800 3665 1031 3721 Apostolica
1054 3669 1323 3715 concedere)

309 3724 569 3779 dignaremur
589 3751 603 3774 ‚
642 3723 817 3779 ejusdem
850 3723 1204 3779 supplicationibus
1236 3726 1326 3768 cle-

309 3780 544 3831 mentiffime
570 3794 793 3831 annuentes
808 3810 822 3835 ,
847 3782 1128 3841 subsequentes
1151 3783 1325 3829 faculta-

1387 2321 1451 2358 tes
1467 2316 1518 2359 ad
1534 2324 1668 2360 totum
1682 2324 1843 2372 tempus
1861 2314 1999 2358 nostrae
2014 2317 2270 2360 Nuntiaturae-
2284 2317 2406 2359 dura-

1387 2383 1498 2420 turas
1522 2376 1814 2422 concedimus:

1444 2437 1483 2477 1.
1514 2436 1567 2476 Et
1590 2436 1628 2477 in
1647 2436 1785 2495 primis
1801 2433 2096 2477 administrandi
2113 2433 2245 2476 omnia
2261 2437 2405 2476 Sacra-

1386 2502 1520 2536 menta
1532 2524 1548 2544 ,
1564 2493 1688 2536 etiam
1705 2492 2014 2540 parochialia‚in
2036 2492 2285 2536 Dioecefibus
2300 2521 2315 2544 ‚
2332 2493 2401 2535 ubi

1382 2566 1463 2595 non
1479 2561 1599 2595 erunt
1616 2552 1829 2608 Episcopi,
1847 2552 1914 2594 vel
1929 2552 2160 2600 ordinarii,
2180 2551 2244 2594 vel
2261 2565 2406 2597 eorum

1383 2612 1568 2663 vicarii,
1596 2611 1661 2652 vel
1684 2613 1725 2653 in
1741 2610 1949 2656 Parochiis
1964 2639 1978 2661 ‚
2005 2612 2073 2653 ubi
2093 2625 2172 2652 non
2192 2621 2311 2651 erunt
2330 2612 2408 2654 Pa-

1383 2671 1500 2714 rochi
1514 2700 1530 2721 ,
1545 2668 1612 2712 vei
1628 2697 1643 2720 ‚
1668 2670 1737 2712 ubi
1752 2681 1871 2711 erunt
1886 2699 1901 2720 ,
1927 2670 1980 2710 de
1997 2684 2139 2718 eorum
2155 2669 2320 2710 licentia
2335 2698 2346 2708 .

1444 2731 1502 2772 11.
1534 2726 1782 2772 Absolvendi
1797 2730 1844 2770 ab
1860 2727 1991 2770 haerefi
2004 2758 2020 2779 ,
2047 2728 2246 2783 Apostafia
2263 2729 2286 2768 a
2303 2725 2409 2778 fide,

1386 2790 1425 2831 &
1436 2790 1460 2833 ὲ
1472 2787 1693 2834 Schismate
1714 2787 1969 2843 quoscunque
1985 2815 1999 2836 a
2014 2787 2140 2827 etiam
2160 2785 2403 2827 Ecclesiasti-

1386 2861 1486 2897 cos,
1507 2855 1590 2889 tam
1619 2847 1835 2890 Saeculares
1852 2872 1866 2895 ,
1891 2846 2009 2899 quam
2040 2843 2296 2900 RegulareS,
2320 2857 2404 2886 non

1387 2916 1523 2949 tamen
1547 2917 1617 2945 eos
1632 2931 1647 2954 ‚
1670 2903 1805 2957 quiex
1829 2901 1927 2943 locis
1953 2900 2104 2945 fuerint
2119 2931 2132 2952 ‚
2155 2903 2224 2942 ubi
2246 2905 2288 2941 S.
2303 2901 2406 2942 offi-

1386 2965 1493 3005 cium
1507 2970 1725 3003 exercetur
1742 2989 1755 3012 ,
1781 2960 1849 3002 nisi
1864 2960 1905 3003 in
1923 2961 2023 3002 iocis
2047 2960 2271 3003 Miffionum
2287 2987 2300 3008 ‚
2330 2964 2402 3003 itt-³

1386 3020 1531 3079 quibus
1557 3019 1718 3075 impune
1743 3017 1962 3075 grassantur
1983 3016 2170 3067 haereses‚
2209 3018 2399 3072 delique-

1387 3080 1494 3130 rint3
1518 3091 1591 3121 nec
1609 3077 1701 3123 iilos
1716 3105 1731 3128 a
1743 3077 1811 3133 qui
1827 3076 2075 3133 judicialiter
2091 3076 2401 3132 abjuraverunt,

1385 3136 1456 3180 nifi
1479 3136 1540 3178 isti
1559 3135 1644 3178 nati
1664 3135 1738 3178 fint
1752 3163 1766 3186 ‚
1790 3135 1856 3179 ubi
1886 3133 2107 3190 grassantur
2138 3136 2301 3177 haereses
2315 3163 2328 3184 a
2360 3138 2401 3178 &

1386 3195 1471 3252 post
1486 3193 1718 3251 judicialem
1741 3193 2036 3250 abjurationem
2056 3195 2152 3237 illuc
2169 3194 2316 3235 reversi
2331 3220 2346 3243 2
2362 3196 2402 3237 in

1389 3253 1553 3297 haerefin
1584 3250 1737 3296 fuerint
1768 3252 1907 3309 relapfi
1925 3282 1940 3305 ,
1970 3254 2098 3301 &hoe
2115 3254 2154 3295 in
2182 3251 2272 3298 foro
2299 3267 2400 3296 con-

1386 3313 1560 3358 scientiae
1582 3312 1741 3355 tantum
1756 3340 1769 3359 .

1443 3374 1523 3415 111.
1555 3369 1806 3415 Absolvendi
1830 3373 1850 3416 ὁ
1877 3370 2029 3414 cafibus
2047 3370 2398 3425 SediApostoiicae

1384 3431 1600 3475 reservatis
1615 3456 1630 3479 ‚
1646 3430 1766 3472 etiam
1781 3430 1821 3472 in
1838 3429 1951 3473 Bulla
1967 3432 2108 3471 Coenae
2125 3429 2285 3472 Domini
2301 3445 2398 3473 con-

1387 3490 1511 3533 tentis
1528 3490 1658 3545 primo
1671 3489 1885 3531 conversos
1901 3487 1950 3529 ad
1970 3490 2109 3530 Fidem
2132 3489 2396 3532 Catholicam

1386 3547 1572 3599 tantum,
1597 3546 1762 3590 remiffis
1789 3547 1878 3590 aliis
1905 3545 1954 3590 ad
1971 3549 2173 3590 Nuntium
2189 3548 2399 3603 Apostoli·

1385 3621 1476 3650 cum
1491 3636 1503 3648 .

1443 3668 1517 3712 IV.
1549 3663 1798 3709 Absolvendi
1814 3664 1834 3706 a
1848 3664 2020 3707 censuris
2043 3665 2204 3708 inflictis
2221 3667 2398 3707 contra-i

1384 3724 1614 3782 inijcientes
1634 3738 1774 3768 manus
1794 3724 1991 3766 violentas
2020 3725 2057 3766 in
2085 3725 2296 3775 Clericus,
2329 3722 2396 3764 vel

1384 3784 1655 3837 Presbyteros
1672 3811 1687 3836 ,
1715 3782 1942 3826 dummodo
1956 3798 2035 3826 non
2052 3783 2096 3826 fit
2113 3782 2247 3827 secuta
2277 3794 2398 3880 molrss

2281 3853 2327 3881 vc
