2638 4204
942 170 1556 259 Rhenana.

2041 196 2199 278 341
2278 215 2281 226 ¹

225 306 306 361 Ad
334 310 629 358 conventum
674 303 904 355 Fratribus
934 306 978 352 in
1013 307 1215 355 Civitate
1279 297 1523 350 Ecclesiam
1544 293 2272 350 &ConventumS.AntoniiF1-5.

289 373 656 427 Francofurtenfi
674 373 994 425 restituendum
1010 409 1024 432 ,
1057 379 1214 441 Augu-

282 443 458 497 stiffimi
486 448 777 516 Imperatoris
814 441 963 497 officia
1008 443 1217 511 interpel-

292 516 358 566 lat
379 553 392 567 .

225 641 262 682 A
287 649 433 700 tergo:
465 644 687 703 Chan‘fflmo
711 645 753 685 in
779 639 928 696 Christo
941 640 1045 684 Ftlt'o
1071 636 1213 693 nostro,

304 705 462 755 Carolo,
472 703 750 761 Hispaniarum
765 699 975 749 catholico,
986 711 1052 740 nec
1064 709 1139 739 non

356 765 579 817 Hungaeriae
604 763 652 810 θ’
664 758 847 803 Βεόσωία·
864 760 961 813 Regi
975 757 1072 812 ΙΙΙιι-<

428 819 515 878 stri
529 850 543 872 ,
571 820 613 861 in
631 822 885 860 Romanorum
905 819 983 866 Im·-

520 885 742 937 peratorem
767 873 896 917 είσὲῖσ.

296 993 751 1048 CLEMENS
823 992 955 1042 Ρ.Ρ.
1025 991 1130 1040 ΧΙ.

244 1118 463 1187 Charisp'mc
488 1121 531 1161 in
545 1116 698 1186 Cbrtsso
725 1113 811 1160 Fili
835 1114 959 1168 noster
972 1116 1148 1173 salutem
1161 1143 1176 1169 ,

381 1180 434 1230 (φ
452 1178 704 1234 Apostolum
716 1174 1034 1218 Benediffionem.

316 1294 542 1351 Erspeetum
559 1295 687 1338 Nobis
702 1294 759 1337 est
771 1323 784 1346 ‚
799 1295 915 1350 quam
933 1293 1050 1335 enixo
1063 1291 1206 1344 studio,

330 1369 374 1397 ac
390 1354 482 1396 zelo
498 1353 675 1408 Maiestas
694 1355 780 1396 Tua
794 1352 948 1394 dilectis
964 1352 1096 1399 Finis,
1112 1353 1205 1392 Fra-

210 1415 340 1456 tribus
364 1411 534 1456 Ordinis
566 1414 769 1455 Minorum
800 1414 840 1454 S.
856 1410 1050 1452 francisci
1076 1414 1205 1463 Capu.

212 1472 399 1512 cinorum
425 1481 746 1527 nuncupatorum
769 1468 929 1519 adeffe,
952 1470 991 1510 δι
1006 1467 1204 1522 suffragari

210 1529 400 1583 dignetur
419 1556 434 1579 ,
464 1538 508 1570 ut
534 1532 593 1572 eis
611 1527 786 1585 poffeffio
799 1527 1029 1571 restituatur
1054 1524 1203 1569 Domfis

211 1584 432 1641 Regularis
448 1614 463 1637 ,
492 1587 531 1628 &
547 1587 727 1630 Ecclefiae
748 1589 786 1629 in
805 1579 1120 1632 Francofurtenfi
1134 1585 1203 1626 Ci-

208 1646 336 1688 vitate
353 1644 511 1687 litatum
523 1672 536 1695 ,
553 1645 578 1688 ἐ
591 1646 734 1702 quibus
750 1645 857 1689 illius
872 1643 1102 1688 Acatholici
1119 1645 1202 1686 Ma-

209 1701 394 1759 gistratus
408 1700 502 1758 jussu
519 1705 671 1747 dudum
688 1719 758 1758 per
772 1698 1015 1746 manifestam
1028 1730 1041 1751 ‚
1063 1703 1102 1742 δι
1114 1700 1198 1741 infin

210 1776 328 1817 gnem
347 1761 531 1819 injuriam
550 1762 698 1817 depulfi
716 1759 830 1806 fuere
843 1788 854 1801 .
886 1760 1046 1804 Idcirco
1061 1758 1199 1802 eximi-

190 1820 326 1862 .miam
342 1821 532 1876 pietatem
546 1831 656 1865 tuam
671 1847 685 1870 ,
717 1819 900 1862 laudibus
913 1819 1047 1873 potius
1059 1831 1198 1860 cumu-

207 1878 372 1920 landam
387 1907 403 1929 ,
427 1880 544 1933 quam
558 1879 851 1922 hortationibus
863 1876 1106 1920 incitandam
1120 1871 1197 1918 effe

203 1937 447 1979 arbitramur
462 1936 510 1979 ad
536 1951 635 1992 opus
651 1963 665 1985 ‚
697 1938 806 1993 quod
834 1938 975 1991 sponte
998 1946 1065 1977 tua
1085 1933 1192 1989 jam..

204 1994 359 2037 strenue
371 2008 492 2049 urges
504 2022 518 2046 ,
551 1996 707 2051 tibique
732 1994 947 2049 plurimum
981 1995 1095 2035 cordi
1123 1991 1197 2034 effe

203 2051 335 2106 palam
347 2051 521 2094 ostendis
535 2081 547 2093 .
573 2055 866 2095 Verumtamen
881 2052 1102 2094 utilitatem
1121 2080 1135 2103 ,
1159 2053 1200 2092 δι

204 2110 416 2150 commoda
430 2110 711 2163 respicientes,
743 2125 829 2165 quae
855 2111 894 2152 in
910 2110 1200 2152 Orthodoxam

203 2167 464 2220 Religionem
492 2167 721 2211 derivatum
746 2169 795 2210 iri
820 2166 1058 2211 confidimus
1078 2195 1093 2218 ,
1131 2168 1199 2210 ubi

202 2223 353 2281 praefati
371 2225 562 2281 Religiofi
580 2228 667 2269 Viri
684 2227 889 2282 pristinum
914 2227 953 2268 in
975 2226 1114 2269 statum
1131 2240 1200 2268 re-

201 2293 432 2339 ponantur,
463 2286 695 2328 &Paternae
706 2283 936 2332 enaricati,
962 2298 1037 2339 qua
1060 2299 1200 2328 eorum

205 2341 405 2384 Ordinem
431 2350 495 2383 tot
510 2341 737 2383 nominibus
753 2341 804 2384 de
820 2342 1036 2386 Catholica
1057 2342 1202 2386 Eccle-

203 2398 253 2441 fia
268 2427 282 2450 ,
312 2401 350 2440 ὅτ.
364 2401 439 2442 hac
455 2402 494 2442 S.
510 2399 615 2442 Sede
628 2398 782 2455 optimi:
798 2399 986 2442 meritum
1003 2402 1042 2441 in
1060 2401 1202 2442 Domi-

204 2470 257 2499 no
282 2455 558 2512 prosequimur
578 2483 593 2508 ,
621 2455 879 2510 indulgentes
893 2485 908 2508 ,
936 2458 962 2512 a
994 2458 1200 2515 Majestate

207 2517 296 2556 Tua
313 2513 436 2556 etiam
453 2523 575 2570 atque
589 2512 710 2556 etiam
723 2514 988 2568 postulamus,
1003 2525 1047 2558 ut
1060 2543 1074 2565 ,
1090 2515 1198 2573 quod

205 2572 318 2615 ultro
347 2572 531 2615 haetenus
554 2571 788 2627 praessitisti,
819 2572 1024 2616 studiofins
1045 2573 1200 2631 insuper

205 2644 251 2673 ac
266 2630 429 2675 uberius
445 2631 595 2674 intuitu
609 2631 744 2674 nostro
768 2630 811 2673 id
837 2628 963 2687 ipsum
980 2631 1201 2687 praestared

207 2701 347 2743 pergas
376 2715 391 2739 ,
420 2687 596 2745 Tuisque
628 2689 676 2731 ab
707 2688 850 2731 officiis
878 2717 892 2739 ,
922 2690 962 2730 δε
991 2691 1202 2734 conatibus

208 2759 412 2801 nunquam
427 2746 579 2790 defistas
594 2775 609 2799 ,
629 2747 758 2791 donec
770 2747 894 2789 iidem
911 2748 1101 2802 Religiofi
1115 2749 1205 2791 Viri

207 2804 396 2861 justiffimi
412 2806 495 2848 voti
509 2814 716 2860 compotes
732 2804 954 2851 efficiantur
965 2835 978 2843 .
998 2808 1102 2847 Rem
1116 2821 1206 2848 cer-

211 2864 254 2906 t'e
277 2864 315 2906 in
344 2877 393 2907 eo
409 2860 532 2908 facies
545 2872 631 2906 tum
646 2863 810 2907 Nomini
835 2871 907 2904 tuo
929 2863 1100 2905 maxime
1117 2864 1205 2919 glo-

211 2921 358 2966 riostm
374 2950 390 2972 ,
414 2930 498 2963 tum
511 2921 622 2966 nobis
637 2918 817 2981 apprime
830 2928 984 2974 gratam
999 2949 1012 2971 ,
1036 2923 1076 2964 δι
1089 2937 1204 2965 εσσε·

210 2989 344 3037 ptam.
375 2980 460 3039 Qi
477 2978 664 3022 affiduam
686 2981 838 3022 interea
855 2975 1069 3022 faunorum
1086 2994 1207 3023 even-

210 3049 324 3083 tuum
348 3039 494 3080 seriem
510 3037 703 3092 Majestati
724 3039 815 3080 Tuae
836 3049 885 3078 ex
903 3037 1038 3079 animo
1058 3052 1207 3093 appre-

211 3111 347 3141 camur
360 3125 375 3148 ,
389 3097 428 3138 &
441 3095 716 3151 Apostolicam
730 3093 1055 3138 Benedictionem
1069 3109 1208 3139 aman-

212 3155 355 3199 tiffime
367 3155 618 3210 impertimur
628 3183 641 3196 .

271 3217 423 3256 Datum
439 3216 578 3256 Romae
594 3211 696 3269 apud
722 3211 761 3253 S.
786 3212 956 3254 Mariam
974 3212 1209 3267 Maiorem..-

215 3272 280 3315 die
296 3271 593 3327 xx111.Aprilis
609 3283 803 3314 unccxvi
817 3283 851 3312 1.
865 3268 1127 3315 Pontificatus
1139 3287 1211 3321 no,-

214 3331 282 3379 ssri
302 3334 423 3373 Anno
437 3344 511 3374 xvi
523 3344 558 3372 1.

327 3509 390 3566 Jo.
405 3504 718 3561 christophorus
743 3504 942 3547 Battellus
959 3504 1151 3561 Archiep'.

557 3563 790 3609 Amaffenus
804 3568 961 3608 Secret.

280 3677 339 3719 ἔκ
354 3679 494 3722 secret.
509 3680 690 3725 Brevium
701 3680 752 3724 ad
775 3683 980 3740 Principes
993 3695 1077 3739 reg.
1091 3678 1214 3738 mensi

333 3735 382 3788 θ’
394 3741 618 3794 annipraed.
637 3741 682 3800 f.
702 3753 795 3796 ¹74·

1344 365 1508 417 cofurti
1523 363 1578 412 ab
1595 377 1710 409 anno
1721 369 1808 408 162
1820 365 1864 410 8.
1877 361 2016 428 usque
2032 362 2090 410 ad
2104 382 2269 418 annum

1343 437 1636 496 1717.virtute
1655 432 1807 479 Brevis
1829 433 2079 500 Apostolici
2097 435 2271 486 Urbani

1340 507 1616 576 PapaeVlll.
1627 501 1841 565 continuo
1854 499 2109 568 pertinuiffe
2124 505 2273 554 adOr-

1338 578 1518 636 dinem,
1557 568 1944 623 nonobstantibus
1966 572 2145 623 duabus
2171 589 2275 622 ven-

1342 645 1587 698 ditionibus
1602 676 1617 698 ,
1634 637 1802 707 -primai
1823 644 2058 692 Antonitis
2073 679 2089 700 ‚
2122 640 2275 692 secun-

1314 764 1317 766 ,
1341 716 1400 768 da
1426 714 1540 765 vero
1571 711 1766 777 Principi
1793 709 1851 758 de
1882 712 2177 767 LoWenstein
2207 715 2273 760 in-

1337 801 1460 838 terea
1481 781 1698 851 temporis
1721 781 1905 830 nulliter
1935 780 2091 841 factis,
2126 783 2274 832 decla-

1340 869 1442 913 rat,
1477 853 1525 904 &
1553 856 1596 900 in
1614 851 1875 915 Syndicum
1912 853 2274 918 ApostolicunL,

1341 922 1500 979 Causae
1516 960 1531 983 ,
1559 919 1834 991 Episcopum
1851 922 2124 972 Mallensem
2137 958 2151 979 ,
2171 922 2273 974 Suf-

1338 996 1600 1070 fragancum
1617 991 1955 1061 Moguntinum
1984 992 2174 1059 deputat
2187 1027 2201 1042 .

1346 1134 1805 1191 CLEMENS
1879 1133 1999 1181 ΡΡ.
2079 1133 2188 1182 ΧΙ.

1453 1277 1519 1325 Ad
1534 1276 1728 1336 suturam
1750 1276 1811 1318 rei
1835 1272 2086 1315 memoriam.

1387 1407 1523 1452 Udum
1538 1421 1610 1463 pro
1625 1411 1738 1462 parte
1763 1413 1859 1447 tunc
1885 1398 2137 1444 existentium
2167 1402 2273 1442 Prae:

1414 1469 1591 1522 ceptoris
1616 1468 1656 1507 &
1674 1468 1858 1507 Fratrum
1876 1458 2028 1503 Domfis
2050 1457 2271 1512 Regularis

1264 1527 1430 1571 Ordinis
1445 1527 1485 1569 S.
1502 1524 1669 1568 Antonii
1703 1524 1755 1567 de
1773 1523 1916 1565 Sanno
1941 1519 2127 1560 Antonio
2145 1517 2273 1559 Vien..

1265 1600 1340 1627 nen
1357 1584 1506 1639 Oppidi
1534 1584 1587 1624 de
1611 1582 1795 1626 H6chst,
1833 1576 2063 1633 Moguntin.
2095 1575 2272 1618 Dioeces.

1264 1643 1333 1687 fel-
1358 1642 1516 1685 record.
1541 1642 1707 1685 Urbano
1724 1642 1834 1693 Papae
1852 1638 1969 1678 V111.
1990 1634 2273 1678 Praedeceffori

1261 1702 1395 1744 nostro
1409 1700 1616 1756 exposito,
1646 1698 1756 1755 quod
1777 1697 1882 1738 dieta
1912 1698 2069 1737 Domus
2091 1693 2275 1749 Regula·

1259 1762 1314 1802 ris
1352 1775 1430 1808 aere
1467 1759 1603 1802 alieno·
1638 1765 1805 1814 gravata
1839 1755 2117 1808 reperiebatur
2146 1781 2162 1802 ,
2194 1765 2271 1793 nec

1258 1823 1489 1873 Praeceptor
1512 1821 1548 1860 ὃν
1577 1818 1738 1858 Fratres
1763 1813 1911 1870 praefati
1929 1827 1977 1855 aes
1996 1812 2173 1854 alienum
2199 1812 2272 1852 hu·-

1257 1876 1430 1934 jusmodi
1460 1875 1634 1919 faciliori
1658 1905 1674 1927 ,
1704 1876 1744 1916 &
1768 1874 1899 1915 minus
1923 1869 2176 1927 dispendiosa
2209 1883 2274 1910 ra·

1256 1939 1368 1980 tione
1386 1937 1627 1990 extinguere
1644 1941 1865 1988 poterant,
1895 1933 2013 1988 quam
2032 1928 2056 1970 fi
2070 1930 2148 1971 alia
2164 1942 2268 1982 quaeu

1257 1998 1348 2042 dam
1369 1999 1522 2036 Domus
1539 1993 1765 2049 regularis,
1796 2004 1889 2030 cum
1914 1989 1977 2033 illi
2008 1986 2165 2029 annexa
2193 1989 2272 2028 Ec·

1255 2052 1373 2101 elesii
1393 2055 1431 2094 in
1449 2054 1614 2107 Oppido
1645 2046 1903 2094 francofurti
1924 2076 1936 2098 ‚
1968 2045 2080 2088 ‹1161ae
2100 2049 2272 2089 Dioese-

1261 2113 1308 2155 sis
1325 2142 1340 2164 ,
1371 2112 1482 2168 juxta
1497 2110 1563 2153 sua
1589 2109 1788 2152 notiffima
1821 2106 1947 2151 latera
1967 2132 1981 2156 ,
2009 2106 2048 2145 &
2078 2105 2272 2160 aprimo-

1259 2171 1363 2216 dista
1381 2173 1511 2212 Domo
1526 2169 1759 2224 dependens
1777 2195 1791 2218 ,
1822 2164 1887 2207 seu
1913 2165 1961 2205 ad
1990 2162 2104 2203 illam
2136 2162 2272 2216 legiti-

1262 2231 1326 2273 me
1345 2231 1545 2283 spectanS,
1576 2239 1672 2270 tunc
1703 2227 1857 2283 pariter
1875 2221 2136 2266 existentibus
2157 2219 2274 2263 Pres-

1262 2288 1416 2344 byteris
1444 2287 1655 2336 Societatis
1677 2284 1765 2342 Jesu
1790 2282 2120 2331 concederetur,
2155 2292 2201 2322 ac
2228 2280 2271 2321 in

1260 2361 1402 2391 eorum
1420 2344 1602 2393 favorem.
1618 2344 1867 2387 alienaretur
1882 2370 1897 2391 ,
1932 2339 2192 2396 pretiumque
2223 2351 2273 2380 ex

1262 2405 1497 2453 venditione
1529 2401 1680 2447 Domus
1712 2398 1935 2456 hujusmodi
1967 2400 2210 2453 proveniens
2233 2399 2274 2438 in

1261 2465 1358 2505 dieti
1372 2464 1458 2507 aeris
1476 2463 1594 2504 alieni
1620 2459 1923 2508 dissolutionem
1940 2467 2274 2500 converteretur.

1261 2521 1378 2564 {dem
1402 2522 1591 2566 Urbanus
1620 2515 1891 2566 Praedeceffor
1917 2526 2015 2557 tunc
2040 2519 2162 2556 etiam
2190 2513 2276 2556 exi-

1261 2578 1376 2624 stenti
1394 2575 1718 2632 Archiepiscopo
1745 2573 1993 2629 Moguntino
2009 2603 2024 2623 ,
2058 2576 2099 2616 S.
2121 2577 2170 2615 R.
2190 2575 2276 2614 Im-

1261 2635 1361 2693 perii
1380 2636 1558 2691 Principi
1578 2635 1758 2677 Eleaori
1774 2663 1788 2683 ,
1801 2648 1873 2688 per
1886 2631 1984 2673 alias
2002 2634 2087 2674 suas
2103 2632 2143 2673 in
2159 2629 2276 2672 simili

1264 2692 1394 2739 forma
1423 2694 1559 2734 Brevis
1586 2692 1798 2743 expeditas
1839 2689 2018 2729 Litteras
2051 2689 2170 2731 dedit
2202 2690 2274 2730 in,

1266 2748 1468 2794 mandatis
1482 2777 1496 2799 ,
1527 2757 1724 2803 quatenus
1741 2744 1914 2787 constito
1936 2744 2003 2790 fibi
2022 2745 2205 2799 legitime
2223 2747 2275 2788 de

1266 2807 1462 2865 praemiffis
1487 2833 1501 2854 ,
1532 2805 1681 2847 eisdem
1713 2803 1953 2859 Praeceptori
1981 2805 2018 2846 8<
2035 2805 2275 2855 Fratribus,

1266 2876 1309 2907 ut
1328 2865 1505 2909 secundo
1532 2864 1675 2905 dictam
1695 2866 1871 2909 Domum
1899 2861 2125 2916 hujusmodi
2150 2863 2189 2903 in
2214 2862 2277 2904 di-

1265 2927 1350 2965 &os
1367 2922 1660 2976 Presbyteros,
1691 2921 1823 2978 justo,
1850 2923 1888 2963 &
1918 2921 2147 2966 rationabili
2175 2935 2275 2974 pre-

1267 2982 1326 3023 tio
1351 3005 1367 3031 ,
1398 2993 1576 3027 unacum
1604 2981 1790 3023 omnibus
1807 2980 2003 3036 juribus,
2033 2979 2271 3034 dependen-

1267 3040 1357 3089 tiis,
1387 3040 1426 3080 δε
1450 3039 1712 3094 pertinentiis,
1737 3038 1930 3087 universis
1947 3067 1961 3088 ,
1993 3039 2159 3080 servatis
2191 3037 2275 3080 ser-

1267 3095 1426 3149 vandis,
1440 3095 1674 3145 transferre,
1691 3099 1791 3140 acin
1810 3110 1954 3147 eorum
1971 3095 2155 3138 favorem
2171 3098 2274 3138 alie-

1268 3168 1391 3204 nare,
1427 3155 1680 3212 pretiumque
1707 3157 1950 3211 proveniens
1978 3154 2204 3210 hujusmodi
2230 3155 2272 3194 in

1267 3213 1361 3261 disti
1376 3214 1460 3262 aeris
1475 3213 1595 3264 alieni
1611 3212 1914 3259 dissolutionem.
1931 3241 1944 3263 2
1968 3214 2008 3254 δε
2023 3214 2156 3256 nonin
2171 3212 2273 3253 alios

1269 3271 1354 3316 usus
1378 3281 1620 3315 convertere
1646 3285 1661 3325 ς
1693 3272 1768 3328 Ipfi
1794 3275 1896 3314 vero
1929 3272 2195 3329 Presbyteri,
2227 3279 2274 3311 ut

1269 3331 1436 3373 domum
1481 3345 1572 3373 cum
1613 3333 1780 3374 annexis
1826 3329 2053 3385 hujusmodi
2089 3331 2141 3372 ad
2176 3327 2274 3371 effe-

1270 3393 1377 3432 &um
1404 3388 1500 3430 inibi
1533 3403 1652 3432 unam
1679 3387 1931 3445 Regularem
1965 3391 2140 3435 Domum
2162 3414 2176 3435 ‚
2209 3386 2274 3428 seu

1269 3446 1506 3502 Collegium
1521 3447 1632 3491 dietae
1646 3448 1861 3491 Societatis
1886 3447 2104 3502 erigendi,
2136 3445 2275 3501 acquir

1268 3520 1361 3548 rere
1400 3506 1612 3558 valerent,
1644 3506 1714 3551 sub
1738 3505 1865 3548 certis
1892 3505 2016 3547 modo
2045 3507 2083 3547 &
2111 3504 2272 3554 forma,

1270 3572 1364 3608 tunc
1381 3564 1564 3621 expreffis
1581 3565 1787 3608 licentiam
1802 3564 2066 3608 Authoritate
2079 3563 2146 3611 sua}
2161 3567 2271 3619 Apo-

1269 3622 1406 3667 stolica
1428 3623 1708 3674 concederet,
1743 3632 1862 3677 prout
1894 3623 1931 3664 in
1947 3623 2119 3675 praefatis
2135 3625 2271 3665 Litte-

1267 3682 1350 3733 ris,
1381 3696 1550 3737 quarum
1579 3693 1775 3724 tenorem
1803 3681 2067 3738 praesentibus,
2095 3695 2169 3738 pro
2199 3692 2269 3720 ex·

1264 3738 1394 3797 pteffo
1409 3740 1548 3799 haberi
1578 3741 1761 3799 volumus
1776 3769 1790 3793 ‚
1822 3738 1988 3797 plenius,
2002 3743 2236 3836 continelgtgt
2251 3763 2265 3774 ο
