<?xml version="1.0" encoding="UTF-8"?>
<!DOCTYPE html PUBLIC "-//W3C//DTD XHTML 1.0 Transitional//EN"
    "http://www.w3.org/TR/xhtml1/DTD/xhtml1-transitional.dtd">
<html xmlns="http://www.w3.org/1999/xhtml" xml:lang="en" lang="en">
 <head>
  <title>
</title>
<meta http-equiv="Content-Type" content="text/html;charset=utf-8" />
  <meta name='ocr-system' content='tesseract 3.04.00' />
  <meta name='ocr-capabilities' content='ocr_page ocr_carea ocr_par ocr_line ocrx_word'/>
</head>
<body>
  <div class='ocr_page' id='page_1' title='image "./bullariumordinis04cath/bullariumordinis04cath_0254.png"; bbox 0 0 2638 4204; ppageno 0'>
   <div class='ocr_carea' id='block_1_1' title="bbox 313 207 2418 493">
    <p class='ocr_par' dir='ltr' id='par_1_1' title="bbox 313 207 2418 493">
     <span class='ocr_line' id='line_1_1' title="bbox 399 207 1684 304; baseline -0.009 1"><span class='ocrx_word' id='word_1_1' title='bbox 399 216 581 304; x_wconf 84' lang='lat'><em>226</em></span> <span class='ocrx_word' id='word_1_2' title='bbox 1093 208 1172 295; x_wconf 84' lang='lat' dir='ltr'><em>P</em></span> <span class='ocrx_word' id='word_1_3' title='bbox 1190 237 1229 292; x_wconf 87' lang='lat' dir='ltr'><em>r</em></span> <span class='ocrx_word' id='word_1_4' title='bbox 1252 216 1292 292; x_wconf 84' lang='lat' dir='ltr'><em>o</em></span> <span class='ocrx_word' id='word_1_5' title='bbox 1316 237 1367 292; x_wconf 84' lang='lat' dir='ltr'><em>v</em></span> <span class='ocrx_word' id='word_1_6' title='bbox 1389 209 1417 292; x_wconf 82' lang='lat' dir='ltr'><em>i</em></span> <span class='ocrx_word' id='word_1_7' title='bbox 1442 235 1492 293; x_wconf 85' lang='lat' dir='ltr'><em>n</em></span> <span class='ocrx_word' id='word_1_8' title='bbox 1516 233 1557 292; x_wconf 84' lang='lat' dir='ltr'><em>c</em></span> <span class='ocrx_word' id='word_1_9' title='bbox 1581 207 1610 291; x_wconf 87' lang='lat' dir='ltr'><em>i</em></span> <span class='ocrx_word' id='word_1_10' title='bbox 1632 234 1684 294; x_wconf 86' lang='lat' dir='ltr'><em>a</em></span> 
     </span>
     <span class='ocr_line' id='line_1_2' title="bbox 313 342 2418 421; baseline -0.006 -15"><span class='ocrx_word' id='word_1_11' title='bbox 313 350 411 406; x_wconf 84' lang='lat' dir='ltr'><em>‘Nos</em></span> <span class='ocrx_word' id='word_1_12' title='bbox 431 348 662 421; x_wconf 84' lang='lat' dir='ltr'><em>Leopoldus</em></span> <span class='ocrx_word' id='word_1_13' title='bbox 681 385 697 409; x_wconf 93' lang='lat'><strong>,</strong></span> <span class='ocrx_word' id='word_1_14' title='bbox 712 343 814 398; x_wconf 80' lang='lat' dir='ltr'><em>‘Dei</em></span> <span class='ocrx_word' id='word_1_15' title='bbox 834 345 979 418; x_wconf 58' lang='lat' dir='ltr'><em>gratia</em></span> <span class='ocrx_word' id='word_1_16' title='bbox 997 345 1148 398; x_wconf 74' lang='lat' dir='ltr'><em>elec‘ius</em></span> <span class='ocrx_word' id='word_1_17' title='bbox 1166 350 1440 398; x_wconf 84' lang='lat' dir='ltr'><em>Romanorum</em></span> <span class='ocrx_word' id='word_1_18' title='bbox 1465 343 1873 414; x_wconf 77' lang='lat' dir='ltr'><em>imperator,stmper</em></span> <span class='ocrx_word' id='word_1_19' title='bbox 1898 342 2110 413; x_wconf 67' lang='lat' dir='ltr'><em>Auguflus</em></span> <span class='ocrx_word' id='word_1_20' title='bbox 2127 382 2144 405; x_wconf 86' lang='lat'><strong>,</strong></span> <span class='ocrx_word' id='word_1_21' title='bbox 2158 349 2388 404; x_wconf 55' lang='lat' dir='ltr'><em>Germania</em></span> <span class='ocrx_word' id='word_1_22' title='bbox 2399 385 2418 415; x_wconf 67' lang='lat'><em>,</em></span> 
     </span>
     <span class='ocr_line' id='line_1_3' title="bbox 525 415 2417 493; baseline -0.001 -23"><span class='ocrx_word' id='word_1_23' title='bbox 525 423 749 493; x_wconf 51' lang='lat' dir='ltr'><em>{iungariae</em></span> <span class='ocrx_word' id='word_1_24' title='bbox 764 456 781 480; x_wconf 90' lang='lat'><strong>,</strong></span> <span class='ocrx_word' id='word_1_25' title='bbox 809 423 984 472; x_wconf 75' lang='lat' dir='ltr'><em>Boemt‘ae</em></span> <span class='ocrx_word' id='word_1_26' title='bbox 1002 456 1017 478; x_wconf 92' lang='lat'>,</span> <span class='ocrx_word' id='word_1_27' title='bbox 1046 422 1268 482; x_wconf 68' lang='lat' dir='ltr'><em>Dalmatig</em></span> <span class='ocrx_word' id='word_1_28' title='bbox 1283 456 1298 478; x_wconf 92' lang='lat'>,</span> <span class='ocrx_word' id='word_1_29' title='bbox 1327 417 1497 482; x_wconf 67' lang='lat' dir='ltr'><em>Croatig</em></span> <span class='ocrx_word' id='word_1_30' title='bbox 1513 455 1527 478; x_wconf 91' lang='lat'><strong>,</strong></span> <span class='ocrx_word' id='word_1_31' title='bbox 1556 425 1609 468; x_wconf 67' lang='lat'><em>69²</em></span> <span class='ocrx_word' id='word_1_32' title='bbox 1623 418 1858 476; x_wconf 62' lang='lat' dir='ltr'><em>,sclavanie</em></span> <span class='ocrx_word' id='word_1_33' title='bbox 1888 415 1989 464; x_wconf 82' lang='lat' dir='ltr'><em>Rex</em></span> <span class='ocrx_word' id='word_1_34' title='bbox 2014 453 2031 477; x_wconf 90' lang='lat'><strong>,</strong></span> <span class='ocrx_word' id='word_1_35' title='bbox 2053 418 2210 469; x_wconf 80' lang='lat' dir='ltr'><em>Archi·</em></span> <span class='ocrx_word' id='word_1_36' title='bbox 2412 419 2417 423; x_wconf 58' lang='grc'>’</span> 
     </span>
    </p>
   </div>
   <div class='ocr_carea' id='block_1_2' title="bbox 745 487 2022 634">
    <p class='ocr_par' dir='ltr' id='par_1_2' title="bbox 745 487 2022 634">
     <span class='ocr_line' id='line_1_4' title="bbox 745 487 2002 559; baseline -0.006 -17"><span class='ocrx_word' id='word_1_37' title='bbox 745 492 855 544; x_wconf 86' lang='lat' dir='ltr'><em>Dux</em></span> <span class='ocrx_word' id='word_1_38' title='bbox 871 495 1038 559; x_wconf 67' lang='lat' dir='ltr'><em>Austrig</em></span> <span class='ocrx_word' id='word_1_39' title='bbox 1049 527 1064 550; x_wconf 92' lang='lat'><strong>,</strong></span> <span class='ocrx_word' id='word_1_40' title='bbox 1095 490 1296 542; x_wconf 81' lang='lat' dir='ltr'><em>Marcbi&#39;o</em></span> <span class='ocrx_word' id='word_1_41' title='bbox 1315 489 1554 553; x_wconf 67' lang='lat' dir='ltr'><em>Mora-vie,</em></span> <span class='ocrx_word' id='word_1_42' title='bbox 1585 489 1693 537; x_wconf 90' lang='lat' dir='ltr'><em>Dux</em></span> <span class='ocrx_word' id='word_1_43' title='bbox 1711 487 2002 556; x_wconf 83' lang='lat' dir='ltr'><em>Lucemburgi,</em></span> 
     </span>
     <span class='ocr_line' id='line_1_5' title="bbox 920 559 2022 634; baseline -0.006 -20"><span class='ocrx_word' id='word_1_44' title='bbox 920 569 1012 614; x_wconf 68' lang='lat' dir='ltr'><em>&amp;c-</em></span> <span class='ocrx_word' id='word_1_45' title='bbox 1046 562 1196 634; x_wconf 69' lang='lat' dir='ltr'><em>Silefi&#39;ae</em></span> <span class='ocrx_word' id='word_1_46' title='bbox 1208 599 1226 624; x_wconf 85' lang='lat'>,</span> <span class='ocrx_word' id='word_1_47' title='bbox 1251 565 1305 613; x_wconf 71' lang='lat'><em>&amp;¹</em></span> <span class='ocrx_word' id='word_1_48' title='bbox 1321 559 1526 614; x_wconf 88' lang='lat' dir='ltr'><em>Marcbio</em></span> <span class='ocrx_word' id='word_1_49' title='bbox 1545 559 1719 630; x_wconf 68' lang='lat' dir='ltr'><em>Lusatig</em></span> <span class='ocrx_word' id='word_1_50' title='bbox 1734 566 1824 609; x_wconf 61' lang='lat' dir='ltr'><em>&amp;a</em></span> <span class='ocrx_word' id='word_1_51' title='bbox 2019 583 2022 586; x_wconf 56' lang='lat'><em>&gt;</em></span> 
     </span>
    </p>
   </div>
   <div class='ocr_carea' id='block_1_3' title="bbox 312 701 2418 1347">
    <p class='ocr_par' dir='ltr' id='par_1_3' title="bbox 312 701 2418 1347">
     <span class='ocr_line' id='line_1_6' title="bbox 416 701 2416 762; baseline -0.005 -13"><span class='ocrx_word' id='word_1_52' title='bbox 416 714 479 749; x_wconf 87' lang='lat' dir='ltr'><em>His</em></span> <span class='ocrx_word' id='word_1_53' title='bbox 491 711 600 749; x_wconf 89' lang='lat' dir='ltr'><em>literis</em></span> <span class='ocrx_word' id='word_1_54' title='bbox 609 712 721 762; x_wconf 88' lang='lat' dir='ltr'><em>palam</em></span> <span class='ocrx_word' id='word_1_55' title='bbox 730 710 926 762; x_wconf 79' lang='lat' dir='ltr'><em>profitemur</em></span> <span class='ocrx_word' id='word_1_56' title='bbox 943 739 952 756; x_wconf 91' lang='lat'>,</span> <span class='ocrx_word' id='word_1_57' title='bbox 982 717 1025 751; x_wconf 80' lang='grc' dir='ltr'><em>Θ</em></span> <span class='ocrx_word' id='word_1_58' title='bbox 1035 721 1146 749; x_wconf 84' lang='lat' dir='ltr'><em>notum</em></span> <span class='ocrx_word' id='word_1_59' title='bbox 1151 712 1299 756; x_wconf 82' lang='lat' dir='ltr'><em>facimus</em></span> <span class='ocrx_word' id='word_1_60' title='bbox 1316 708 1574 758; x_wconf 88' lang='lat' dir='ltr'><em>quibuscumque</em></span> <span class='ocrx_word' id='word_1_61' title='bbox 1587 731 1598 748; x_wconf 92' lang='lat'>,</span> <span class='ocrx_word' id='word_1_62' title='bbox 1614 706 1699 755; x_wconf 89' lang='lat' dir='ltr'><em>quod</em></span> <span class='ocrx_word' id='word_1_63' title='bbox 1715 702 1830 749; x_wconf 75' lang='lat' dir='ltr'><em>‘Nobis</em></span> <span class='ocrx_word' id='word_1_64' title='bbox 1847 702 2051 740; x_wconf 82' lang='lat' dir='ltr'><em>Venerabilis</em></span> <span class='ocrx_word' id='word_1_65' title='bbox 2062 701 2164 745; x_wconf 76' lang='lat' dir='ltr'><em>noster</em></span> <span class='ocrx_word' id='word_1_66' title='bbox 2177 727 2188 744; x_wconf 91' lang='lat'>‚</span> <span class='ocrx_word' id='word_1_67' title='bbox 2201 702 2348 748; x_wconf 69' lang='lat' dir='ltr'><em>dilectus,</em></span> <span class='ocrx_word' id='word_1_68' title='bbox 2361 708 2416 744; x_wconf 70' lang='lat' dir='ltr'><em>de*</em></span> 
     </span>
     <span class='ocr_line' id='line_1_7' title="bbox 315 751 2414 810; baseline -0.007 -10"><span class='ocrx_word' id='word_1_69' title='bbox 315 761 415 799; x_wconf 66' lang='lat' dir='ltr'><em>votus</em></span> <span class='ocrx_word' id='word_1_70' title='bbox 444 767 498 796; x_wconf 82' lang='lat' dir='ltr'><em>Fr·</em></span> <span class='ocrx_word' id='word_1_71' title='bbox 519 764 740 810; x_wconf 86' lang='lat' dir='ltr'><em>Marquardus</em></span> <span class='ocrx_word' id='word_1_72' title='bbox 764 761 1048 806; x_wconf 81' lang='lat' dir='ltr'><em>Halberstadienfis</em></span> <span class='ocrx_word' id='word_1_73' title='bbox 1074 767 1150 797; x_wconf 74' lang='lat' dir='ltr'><em>PP-</em></span> <span class='ocrx_word' id='word_1_74' title='bbox 1175 762 1404 807; x_wconf 82' lang='lat' dir='ltr'><em>Capucinorum</em></span> <span class='ocrx_word' id='word_1_75' title='bbox 1419 758 1604 793; x_wconf 71' lang='lat' dir='ltr'><em>Provincia</em></span> <span class='ocrx_word' id='word_1_76' title='bbox 1620 755 1755 790; x_wconf 86' lang='lat' dir='ltr'><em>Boemiae</em></span> <span class='ocrx_word' id='word_1_77' title='bbox 1774 751 1919 794; x_wconf 78' lang='lat' dir='ltr'><em>Minister</em></span> <span class='ocrx_word' id='word_1_78' title='bbox 1936 752 2163 789; x_wconf 82' lang='lat' dir='ltr'><em>Provincialis</em></span> <span class='ocrx_word' id='word_1_79' title='bbox 2180 751 2414 797; x_wconf 57' lang='lat' dir='ltr'><em>submiffiffime</em></span> 
     </span>
     <span class='ocr_line' id='line_1_8' title="bbox 316 801 2414 859; baseline -0.003 -14"><span class='ocrx_word' id='word_1_80' title='bbox 316 810 525 858; x_wconf 77' lang='lat' dir='ltr'><em>proposuerit</em></span> <span class='ocrx_word' id='word_1_81' title='bbox 537 835 547 851; x_wconf 93' lang='lat'>,</span> <span class='ocrx_word' id='word_1_82' title='bbox 575 810 720 859; x_wconf 81' lang='lat' dir='ltr'><em>qualiter</em></span> <span class='ocrx_word' id='word_1_83' title='bbox 745 811 823 847; x_wconf 91' lang='lat' dir='ltr'><em>olim</em></span> <span class='ocrx_word' id='word_1_84' title='bbox 837 814 981 859; x_wconf 86' lang='lat' dir='ltr'><em>Benigna</em></span> <span class='ocrx_word' id='word_1_85' title='bbox 999 811 1172 846; x_wconf 77' lang='lat' dir='ltr'><em>catharina</em></span> <span class='ocrx_word' id='word_1_86' title='bbox 1190 808 1329 855; x_wconf 78' lang='lat' dir='ltr'><em>&#39;Popelin</em></span> <span class='ocrx_word' id='word_1_87' title='bbox 1349 809 1387 842; x_wconf 91' lang='lat' dir='ltr'><em>de</em></span> <span class='ocrx_word' id='word_1_88' title='bbox 1398 805 1582 851; x_wconf 60' lang='lat' dir='ltr'><em>Lobkqvitz</em></span> <span class='ocrx_word' id='word_1_89' title='bbox 1608 816 1649 840; x_wconf 87' lang='lat' dir='ltr'><em>ex</em></span> <span class='ocrx_word' id='word_1_90' title='bbox 1676 803 1789 839; x_wconf 87' lang='lat' dir='ltr'><em>divina</em></span> <span class='ocrx_word' id='word_1_91' title='bbox 1813 802 2024 848; x_wconf 86' lang='lat' dir='ltr'><em>inspiratione</em></span> <span class='ocrx_word' id='word_1_92' title='bbox 2051 809 2126 837; x_wconf 87' lang='lat' dir='ltr'><em>ante</em></span> <span class='ocrx_word' id='word_1_93' title='bbox 2143 802 2270 848; x_wconf 87' lang='lat' dir='ltr'><em>viginti</em></span> <span class='ocrx_word' id='word_1_94' title='bbox 2285 801 2414 848; x_wconf 79' lang='lat' dir='ltr'><em>aliquot</em></span> 
     </span>
     <span class='ocr_line' id='line_1_9' title="bbox 318 848 2414 907; baseline -0.004 -14"><span class='ocrx_word' id='word_1_95' title='bbox 318 870 417 894; x_wconf 91' lang='lat' dir='ltr'><em>annos</em></span> <span class='ocrx_word' id='word_1_96' title='bbox 429 870 500 894; x_wconf 90' lang='lat' dir='ltr'><em>cum</em></span> <span class='ocrx_word' id='word_1_97' title='bbox 515 859 662 904; x_wconf 89' lang='lat' dir='ltr'><em>consensu</em></span> <span class='ocrx_word' id='word_1_98' title='bbox 674 858 793 906; x_wconf 69' lang='lat' dir='ltr'><em>Nostri</em></span> <span class='ocrx_word' id='word_1_99' title='bbox 808 861 841 894; x_wconf 87' lang='lat' dir='ltr'><em>in</em></span> <span class='ocrx_word' id='word_1_100' title='bbox 858 862 992 896; x_wconf 85' lang='lat' dir='ltr'><em>Domino</em></span> <span class='ocrx_word' id='word_1_101' title='bbox 1006 859 1200 907; x_wconf 88' lang='lat' dir='ltr'><em>quiescentis</em></span> <span class='ocrx_word' id='word_1_102' title='bbox 1220 855 1427 900; x_wconf 87' lang='lat' dir='ltr'><em>Colendiffimi</em></span> <span class='ocrx_word' id='word_1_103' title='bbox 1438 855 1558 890; x_wconf 66' lang='lat' dir='ltr'><em>a--Avi</em></span> <span class='ocrx_word' id='word_1_104' title='bbox 1568 851 1761 888; x_wconf 84' lang='lat' dir='ltr'><em>Ferdinandi</em></span> <span class='ocrx_word' id='word_1_105' title='bbox 1774 855 1814 884; x_wconf 87' lang='lat' dir='ltr'><em>II.</em></span> <span class='ocrx_word' id='word_1_106' title='bbox 1822 848 2049 898; x_wconf 86' lang='lat' dir='ltr'><em>gloriofiffimae</em></span> <span class='ocrx_word' id='word_1_107' title='bbox 2064 850 2228 885; x_wconf 83' lang='lat' dir='ltr'><em>memoriae</em></span> <span class='ocrx_word' id='word_1_108' title='bbox 2238 872 2249 888; x_wconf 89' lang='lat'>‚</span> <span class='ocrx_word' id='word_1_109' title='bbox 2259 860 2298 883; x_wconf 90' lang='lat' dir='ltr'><em>ac</em></span> <span class='ocrx_word' id='word_1_110' title='bbox 2312 851 2414 886; x_wconf 63' lang='lat' dir='ltr'><em>etiam*</em></span> 
     </span>
     <span class='ocr_line' id='line_1_10' title="bbox 317 898 2416 951; baseline -0.004 -9"><span class='ocrx_word' id='word_1_111' title='bbox 317 905 443 947; x_wconf 69' lang='lat' dir='ltr'><em>Ernesti·</em></span> <span class='ocrx_word' id='word_1_112' title='bbox 456 907 640 944; x_wconf 66' lang='lat' dir='ltr'><em>Adalberti</em></span> <span class='ocrx_word' id='word_1_113' title='bbox 653 932 663 949; x_wconf 93' lang='lat'>,</span> <span class='ocrx_word' id='word_1_114' title='bbox 681 908 860 944; x_wconf 88' lang='lat' dir='ltr'><em>Cardinalis</em></span> <span class='ocrx_word' id='word_1_115' title='bbox 880 907 922 943; x_wconf 88' lang='lat' dir='ltr'><em>ab</em></span> <span class='ocrx_word' id='word_1_116' title='bbox 935 909 1083 944; x_wconf 88' lang='lat' dir='ltr'><em>Harrach</em></span> <span class='ocrx_word' id='word_1_117' title='bbox 1102 907 1201 948; x_wconf 91' lang='lat' dir='ltr'><em>‚olim</em></span> <span class='ocrx_word' id='word_1_118' title='bbox 1230 905 1367 940; x_wconf 71' lang='lat' dir='ltr'><em>Archi·</em></span> <span class='ocrx_word' id='word_1_119' title='bbox 1381 903 1528 951; x_wconf 86' lang='lat' dir='ltr'><em>Episcopi</em></span> <span class='ocrx_word' id='word_1_120' title='bbox 1546 899 1715 950; x_wconf 81' lang='lat' dir='ltr'><em>Pragensis</em></span> <span class='ocrx_word' id='word_1_121' title='bbox 1736 924 1747 941; x_wconf 89' lang='lat'>,</span> <span class='ocrx_word' id='word_1_122' title='bbox 1774 898 1935 947; x_wconf 83' lang='lat' dir='ltr'><em>Capellam</em></span> <span class='ocrx_word' id='word_1_123' title='bbox 1960 903 2067 934; x_wconf 84' lang='lat' dir='ltr'><em>Beatae</em></span> <span class='ocrx_word' id='word_1_124' title='bbox 2088 898 2234 945; x_wconf 86' lang='lat' dir='ltr'><em>Virginis</em></span> <span class='ocrx_word' id='word_1_125' title='bbox 2243 898 2357 942; x_wconf 58' lang='lat' dir='ltr'><em>Maris</em></span> <span class='ocrx_word' id='word_1_126' title='bbox 2371 921 2382 938; x_wconf 91' lang='lat'><strong>,</strong></span> <span class='ocrx_word' id='word_1_127' title='bbox 2395 909 2416 933; x_wconf 85' lang='lat' dir='ltr'><em>a</em></span> 
     </span>
     <span class='ocr_line' id='line_1_11' title="bbox 315 946 2413 1004; baseline -0.006 -13"><span class='ocrx_word' id='word_1_128' title='bbox 315 959 460 1001; x_wconf 69' lang='lat' dir='ltr'><em>laureto</em></span> <span class='ocrx_word' id='word_1_129' title='bbox 471 957 590 992; x_wconf 67' lang='lat' dir='ltr'><em>dictam</em></span> <span class='ocrx_word' id='word_1_130' title='bbox 603 980 613 997; x_wconf 92' lang='lat'>,</span> <span class='ocrx_word' id='word_1_131' title='bbox 628 961 747 1004; x_wconf 82' lang='lat' dir='ltr'><em>Pragae</em></span> <span class='ocrx_word' id='word_1_132' title='bbox 762 958 795 992; x_wconf 89' lang='lat' dir='ltr'><em>in</em></span> <span class='ocrx_word' id='word_1_133' title='bbox 807 957 987 1001; x_wconf 88' lang='lat' dir='ltr'><em>Hradschin</em></span> <span class='ocrx_word' id='word_1_134' title='bbox 993 956 1204 1000; x_wconf 87' lang='lat' dir='ltr'><em>fundaverit,</em></span> <span class='ocrx_word' id='word_1_135' title='bbox 1219 955 1354 989; x_wconf 86' lang='lat' dir='ltr'><em>eandem.</em></span> <span class='ocrx_word' id='word_1_136' title='bbox 1356 952 1429 996; x_wconf 91' lang='lat' dir='ltr'><em>suis</em></span> <span class='ocrx_word' id='word_1_137' title='bbox 1440 951 1583 999; x_wconf 89' lang='lat' dir='ltr'><em>propriis</em></span> <span class='ocrx_word' id='word_1_138' title='bbox 1585 946 1774 997; x_wconf 88' lang='lat' dir='ltr'><em>sumptibus</em></span> <span class='ocrx_word' id='word_1_139' title='bbox 1786 946 1890 983; x_wconf 71' lang='lat' dir='ltr'><em>libere</em></span> <span class='ocrx_word' id='word_1_140' title='bbox 1904 946 2116 988; x_wconf 66' lang='lat' dir='ltr'><em>aedificaverit</em></span> <span class='ocrx_word' id='word_1_141' title='bbox 2131 970 2142 986; x_wconf 90' lang='lat'><strong>,</strong></span> <span class='ocrx_word' id='word_1_142' title='bbox 2160 946 2329 981; x_wconf 80' lang='lat' dir='ltr'><em>dotaverit</em></span> <span class='ocrx_word' id='word_1_143' title='bbox 2343 969 2354 986; x_wconf 92' lang='lat'><em>‚</em></span> <span class='ocrx_word' id='word_1_144' title='bbox 2367 948 2413 983; x_wconf 77' lang='grc' dir='ltr'><em>Θ</em></span> 
     </span>
     <span class='ocr_line' id='line_1_12' title="bbox 321 991 2416 1052; baseline -0.006 -12"><span class='ocrx_word' id='word_1_145' title='bbox 321 1004 456 1040; x_wconf 84' lang='lat' dir='ltr'><em>eandem</em></span> <span class='ocrx_word' id='word_1_146' title='bbox 467 1004 529 1050; x_wconf 90' lang='lat' dir='ltr'><em>suo</em></span> <span class='ocrx_word' id='word_1_147' title='bbox 545 1009 621 1046; x_wconf 71' lang='lat' dir='ltr'><em>‘PP-</em></span> <span class='ocrx_word' id='word_1_148' title='bbox 639 1006 869 1052; x_wconf 84' lang='lat' dir='ltr'><em>Capacinorum</em></span> <span class='ocrx_word' id='word_1_149' title='bbox 885 1006 1060 1041; x_wconf 86' lang='lat' dir='ltr'><em>Conventui</em></span> <span class='ocrx_word' id='word_1_150' title='bbox 1069 1003 1190 1039; x_wconf 85' lang='lat' dir='ltr'><em>ibidem</em></span> <span class='ocrx_word' id='word_1_151' title='bbox 1204 1004 1238 1037; x_wconf 91' lang='lat' dir='ltr'><em>in</em></span> <span class='ocrx_word' id='word_1_152' title='bbox 1249 1009 1443 1048; x_wconf 87' lang='lat' dir='ltr'><em>perpetuum</em></span> <span class='ocrx_word' id='word_1_153' title='bbox 1457 998 1718 1047; x_wconf 85' lang='lat' dir='ltr'><em>incorporaverit</em></span> <span class='ocrx_word' id='word_1_154' title='bbox 1731 1020 1742 1038; x_wconf 87' lang='lat'><strong>,</strong></span> <span class='ocrx_word' id='word_1_155' title='bbox 1764 1008 1836 1031; x_wconf 90' lang='lat' dir='ltr'><em>cum</em></span> <span class='ocrx_word' id='word_1_156' title='bbox 1853 993 2123 1038; x_wconf 78' lang='lat' dir='ltr'><em>obedientiffi&#39;ma‚</em></span> <span class='ocrx_word' id='word_1_157' title='bbox 2149 997 2192 1031; x_wconf 98' lang='grc' dir='ltr'><em>Θ</em></span> <span class='ocrx_word' id='word_1_158' title='bbox 2226 991 2416 1029; x_wconf 83' lang='lat' dir='ltr'><em>humillima</em></span> 
     </span>
     <span class='ocr_line' id='line_1_13' title="bbox 312 1041 2418 1100; baseline -0.004 -15"><span class='ocrx_word' id='word_1_159' title='bbox 312 1050 551 1099; x_wconf 84' lang='lat' dir='ltr'><em>supplicatione</em></span> <span class='ocrx_word' id='word_1_160' title='bbox 565 1077 576 1094; x_wconf 90' lang='lat'>‚</span> <span class='ocrx_word' id='word_1_161' title='bbox 601 1061 639 1088; x_wconf 90' lang='lat' dir='ltr'><em>ut</em></span> <span class='ocrx_word' id='word_1_162' title='bbox 654 1078 665 1094; x_wconf 91' lang='lat'>,</span> <span class='ocrx_word' id='word_1_163' title='bbox 690 1055 845 1100; x_wconf 91' lang='lat' dir='ltr'><em>quoniam</em></span> <span class='ocrx_word' id='word_1_164' title='bbox 869 1055 1055 1088; x_wconf 78' lang='lat' dir='ltr'><em>Fundatrix</em></span> <span class='ocrx_word' id='word_1_165' title='bbox 1073 1053 1155 1088; x_wconf 91' lang='lat' dir='ltr'><em>hanc</em></span> <span class='ocrx_word' id='word_1_166' title='bbox 1167 1051 1264 1095; x_wconf 90' lang='lat' dir='ltr'><em>suam</em></span> <span class='ocrx_word' id='word_1_167' title='bbox 1285 1049 1491 1085; x_wconf 83' lang='lat' dir='ltr'><em>voluntatem</em></span> <span class='ocrx_word' id='word_1_168' title='bbox 1503 1072 1514 1089; x_wconf 94' lang='lat'><strong>,</strong></span> <span class='ocrx_word' id='word_1_169' title='bbox 1539 1055 1674 1096; x_wconf 87' lang='lat' dir='ltr'><em>propter</em></span> <span class='ocrx_word' id='word_1_170' title='bbox 1689 1047 1960 1081; x_wconf 87' lang='lat' dir='ltr'><em>intervenientem</em></span> <span class='ocrx_word' id='word_1_171' title='bbox 1974 1042 2067 1079; x_wconf 89' lang='lat' dir='ltr'><em>illius</em></span> <span class='ocrx_word' id='word_1_172' title='bbox 2089 1042 2131 1078; x_wconf 93' lang='lat' dir='ltr'><em>ab</em></span> <span class='ocrx_word' id='word_1_173' title='bbox 2147 1043 2207 1080; x_wconf 86' lang='lat' dir='ltr'><em>hac</em></span> <span class='ocrx_word' id='word_1_174' title='bbox 2220 1043 2295 1078; x_wconf 89' lang='lat' dir='ltr'><em>vita</em></span> <span class='ocrx_word' id='word_1_175' title='bbox 2309 1041 2418 1088; x_wconf 86' lang='lat' dir='ltr'><em>deces-</em></span> 
     </span>
     <span class='ocr_line' id='line_1_14' title="bbox 315 1090 2411 1148; baseline -0.006 -12"><span class='ocrx_word' id='word_1_176' title='bbox 315 1099 394 1144; x_wconf 89' lang='lat' dir='ltr'><em>sum</em></span> <span class='ocrx_word' id='word_1_177' title='bbox 410 1123 421 1140; x_wconf 91' lang='lat'>‚</span> <span class='ocrx_word' id='word_1_178' title='bbox 445 1112 517 1136; x_wconf 87' lang='lat' dir='ltr'><em>cum</em></span> <span class='ocrx_word' id='word_1_179' title='bbox 532 1101 679 1137; x_wconf 84' lang='lat' dir='ltr'><em>omnibus</em></span> <span class='ocrx_word' id='word_1_180' title='bbox 692 1110 772 1148; x_wconf 85' lang='lat' dir='ltr'><em>appe</em></span> <span class='ocrx_word' id='word_1_181' title='bbox 780 1100 979 1137; x_wconf 86' lang='lat' dir='ltr'><em>rtinenti&#39;bus</em></span> <span class='ocrx_word' id='word_1_182' title='bbox 986 1101 1077 1148; x_wconf 89' lang='lat' dir='ltr'><em>juris</em></span> <span class='ocrx_word' id='word_1_183' title='bbox 1079 1095 1347 1145; x_wconf 72' lang='lat' dir='ltr'><em>solemnitatibus</em></span> <span class='ocrx_word' id='word_1_184' title='bbox 1359 1097 1496 1144; x_wconf 91' lang='lat' dir='ltr'><em>implere</em></span> <span class='ocrx_word' id='word_1_185' title='bbox 1507 1108 1566 1132; x_wconf 92' lang='lat' dir='ltr'><em>non</em></span> <span class='ocrx_word' id='word_1_186' title='bbox 1573 1095 1738 1143; x_wconf 86' lang='lat' dir='ltr'><em>potuerit,</em></span> <span class='ocrx_word' id='word_1_187' title='bbox 1749 1104 1819 1128; x_wconf 89' lang='lat' dir='ltr'><em>eam</em></span> <span class='ocrx_word' id='word_1_188' title='bbox 1834 1090 1912 1128; x_wconf 70' lang='lat' dir='ltr'><em>vero</em></span> <span class='ocrx_word' id='word_1_189' title='bbox 1927 1104 2008 1144; x_wconf 83' lang='lat' dir='ltr'><em>nunc</em></span> <span class='ocrx_word' id='word_1_190' title='bbox 2021 1090 2121 1133; x_wconf 85' lang='lat' dir='ltr'><em>noster</em></span> <span class='ocrx_word' id='word_1_191' title='bbox 2137 1092 2351 1130; x_wconf 81' lang='lat' dir='ltr'><em>camerarius,</em></span> <span class='ocrx_word' id='word_1_192' title='bbox 2366 1093 2411 1128; x_wconf 83' lang='grc' dir='ltr'><em>Θ</em></span> 
     </span>
     <span class='ocr_line' id='line_1_15' title="bbox 316 1138 2417 1195; baseline -0.001 -13"><span class='ocrx_word' id='word_1_193' title='bbox 316 1147 450 1188; x_wconf 72' lang='lat' dir='ltr'><em>Fidelis,</em></span> <span class='ocrx_word' id='word_1_194' title='bbox 465 1148 771 1191; x_wconf 68' lang='lat' dir='ltr'><em>dileHus,Wencesl</em></span> <span class='ocrx_word' id='word_1_195' title='bbox 776 1161 835 1184; x_wconf 89' lang='lat' dir='ltr'><em>aus</em></span> <span class='ocrx_word' id='word_1_196' title='bbox 851 1151 1071 1185; x_wconf 87' lang='lat' dir='ltr'><em>Ferdinandus</em></span> <span class='ocrx_word' id='word_1_197' title='bbox 1085 1147 1201 1195; x_wconf 84' lang='lat' dir='ltr'><em>Popel,</em></span> <span class='ocrx_word' id='word_1_198' title='bbox 1217 1151 1300 1182; x_wconf 89' lang='lat' dir='ltr'><em>Baro</em></span> <span class='ocrx_word' id='word_1_199' title='bbox 1315 1148 1353 1181; x_wconf 86' lang='lat' dir='ltr'><em>dc</em></span> <span class='ocrx_word' id='word_1_200' title='bbox 1360 1145 1543 1191; x_wconf 69' lang='lat' dir='ltr'><em>Lobkovitz</em></span> <span class='ocrx_word' id='word_1_201' title='bbox 1555 1169 1565 1185; x_wconf 89' lang='lat'>‚</span> <span class='ocrx_word' id='word_1_202' title='bbox 1590 1150 1701 1190; x_wconf 77' lang='lat' dir='ltr'><em>utpote</em></span> <span class='ocrx_word' id='word_1_203' title='bbox 1726 1140 1819 1176; x_wconf 62' lang='lat' dir='ltr'><em>illius</em></span> <span class='ocrx_word' id='word_1_204' title='bbox 1833 1141 1934 1175; x_wconf 70' lang='lat' dir='ltr'><em>haeres</em></span> <span class='ocrx_word' id='word_1_205' title='bbox 1947 1150 2027 1185; x_wconf 83' lang='lat' dir='ltr'><em>,Jux</em></span> <span class='ocrx_word' id='word_1_206' title='bbox 2029 1149 2065 1174; x_wconf 90' lang='lat' dir='ltr'><em>ta</em></span> <span class='ocrx_word' id='word_1_207' title='bbox 2095 1148 2238 1174; x_wconf 62' lang='lat' dir='ltr'><em>“mrem</em></span> <span class='ocrx_word' id='word_1_208' title='bbox 2252 1138 2391 1182; x_wconf 59' lang='grc' dir='ltr'><strong><em>ῑθηῖθὶῖί</em></strong></span> <span class='ocrx_word' id='word_1_209' title='bbox 2404 1161 2417 1179; x_wconf 69' lang='lat'><em>2</em></span> 
     </span>
     <span class='ocr_line' id='line_1_16' title="bbox 317 1185 2410 1244; baseline -0.005 -14"><span class='ocrx_word' id='word_1_210' title='bbox 317 1197 418 1231; x_wconf 84' lang='lat' dir='ltr'><em>etiam</em></span> <span class='ocrx_word' id='word_1_211' title='bbox 436 1194 457 1230; x_wconf 83' lang='lat' dir='ltr'><em>d</em></span> <span class='ocrx_word' id='word_1_212' title='bbox 469 1199 617 1232; x_wconf 85' lang='lat' dir='ltr'><em>moderno</em></span> <span class='ocrx_word' id='word_1_213' title='bbox 632 1197 758 1232; x_wconf 70' lang='lat' dir='ltr'><em>Archi·</em></span> <span class='ocrx_word' id='word_1_214' title='bbox 768 1198 921 1244; x_wconf 75' lang='lat' dir='ltr'><em>Episcopo</em></span> <span class='ocrx_word' id='word_1_215' title='bbox 935 1197 1094 1244; x_wconf 85' lang='lat' dir='ltr'><em>Pragensi</em></span> <span class='ocrx_word' id='word_1_216' title='bbox 1101 1194 1263 1239; x_wconf 67' lang='lat' dir='ltr'><em>novtffim&amp;</em></span> <span class='ocrx_word' id='word_1_217' title='bbox 1277 1192 1451 1242; x_wconf 88' lang='lat' dir='ltr'><em>approbati</em></span> <span class='ocrx_word' id='word_1_218' title='bbox 1465 1218 1475 1234; x_wconf 93' lang='lat'><strong>,</strong></span> <span class='ocrx_word' id='word_1_219' title='bbox 1501 1196 1544 1230; x_wconf 92' lang='grc' dir='ltr'><em>Θ</em></span> <span class='ocrx_word' id='word_1_220' title='bbox 1558 1191 1670 1236; x_wconf 69' lang='lat' dir='ltr'><em>‘Nobis</em></span> <span class='ocrx_word' id='word_1_221' title='bbox 1689 1191 1721 1223; x_wconf 89' lang='lat' dir='ltr'><em>in</em></span> <span class='ocrx_word' id='word_1_222' title='bbox 1737 1188 1902 1235; x_wconf 80' lang='lat' dir='ltr'><em>originali</em></span> <span class='ocrx_word' id='word_1_223' title='bbox 1920 1189 2074 1233; x_wconf 67' lang='lat' dir='ltr'><em>producti</em></span> <span class='ocrx_word' id='word_1_224' title='bbox 2087 1185 2290 1242; x_wconf 76' lang='lat' dir='ltr'><em>instrumenti</em></span> <span class='ocrx_word' id='word_1_225' title='bbox 2307 1187 2410 1230; x_wconf 65' lang='lat' dir='ltr'><em>conseo</em></span> 
     </span>
     <span class='ocr_line' id='line_1_17' title="bbox 315 1233 2411 1292; baseline -0.004 -14"><span class='ocrx_word' id='word_1_226' title='bbox 315 1245 430 1280; x_wconf 72' lang='lat' dir='ltr'><em>cutive</em></span> <span class='ocrx_word' id='word_1_227' title='bbox 455 1246 693 1291; x_wconf 83' lang='lat' dir='ltr'><em>adimpleverit</em></span> <span class='ocrx_word' id='word_1_228' title='bbox 704 1270 715 1286; x_wconf 88' lang='lat'><strong>,</strong></span> <span class='ocrx_word' id='word_1_229' title='bbox 747 1248 825 1291; x_wconf 64' lang='lat' dir='ltr'><em>Ros</em></span> <span class='ocrx_word' id='word_1_230' title='bbox 852 1244 939 1279; x_wconf 90' lang='lat' dir='ltr'><em>illud</em></span> <span class='ocrx_word' id='word_1_231' title='bbox 954 1254 1016 1292; x_wconf 87' lang='lat' dir='ltr'><em>pro</em></span> <span class='ocrx_word' id='word_1_232' title='bbox 1031 1244 1152 1290; x_wconf 90' lang='lat' dir='ltr'><em>majori</em></span> <span class='ocrx_word' id='word_1_233' title='bbox 1164 1243 1299 1279; x_wconf 89' lang='lat' dir='ltr'><em>illorum</em></span> <span class='ocrx_word' id='word_1_234' title='bbox 1313 1241 1502 1283; x_wconf 79' lang='lat' dir='ltr'><em>stabilitate</em></span> <span class='ocrx_word' id='word_1_235' title='bbox 1515 1265 1526 1280; x_wconf 92' lang='lat'>‚</span> <span class='ocrx_word' id='word_1_236' title='bbox 1554 1247 1709 1285; x_wconf 86' lang='lat' dir='ltr'><em>tanquam</em></span> <span class='ocrx_word' id='word_1_237' title='bbox 1723 1248 1859 1283; x_wconf 85' lang='lat' dir='ltr'><em>regnans</em></span> <span class='ocrx_word' id='word_1_238' title='bbox 1876 1239 2012 1271; x_wconf 73' lang='lat' dir='ltr'><em>Boemi&#39;ae</em></span> <span class='ocrx_word' id='word_1_239' title='bbox 2023 1241 2095 1282; x_wconf 71' lang='lat' dir='ltr'><em>Rex</em></span> <span class='ocrx_word' id='word_1_240' title='bbox 2111 1260 2122 1276; x_wconf 93' lang='lat'><strong>,</strong></span> <span class='ocrx_word' id='word_1_241' title='bbox 2146 1233 2311 1276; x_wconf 85' lang='lat' dir='ltr'><em>ratificare</em></span> <span class='ocrx_word' id='word_1_242' title='bbox 2324 1258 2337 1277; x_wconf 89' lang='lat'>,</span> <span class='ocrx_word' id='word_1_243' title='bbox 2363 1236 2411 1280; x_wconf 61' lang='grc' dir='ltr'><em>Θζ</em></span> 
     </span>
     <span class='ocr_line' id='line_1_18' title="bbox 314 1284 2096 1347; baseline -0.006 -20"><span class='ocrx_word' id='word_1_244' title='bbox 314 1293 506 1337; x_wconf 70' lang='lat' dir='ltr'><em>confirmare</em></span> <span class='ocrx_word' id='word_1_245' title='bbox 519 1292 752 1338; x_wconf 68' lang='lat' dir='ltr'><em>clementiffime</em></span> <span class='ocrx_word' id='word_1_246' title='bbox 770 1293 982 1340; x_wconf 86' lang='lat' dir='ltr'><em>dignaremur</em></span> <span class='ocrx_word' id='word_1_247' title='bbox 995 1317 1005 1328; x_wconf 85' lang='lat'><strong><em>.</em></strong></span> <span class='ocrx_word' id='word_1_248' title='bbox 1031 1294 1129 1347; x_wconf 74' lang='lat' dir='ltr'><em>Q⁰d</em></span> <span class='ocrx_word' id='word_1_249' title='bbox 1139 1291 1384 1334; x_wconf 83' lang='lat' dir='ltr'><em>instrumentum</em></span> <span class='ocrx_word' id='word_1_250' title='bbox 1399 1291 1437 1325; x_wconf 87' lang='lat' dir='ltr'><em>de</em></span> <span class='ocrx_word' id='word_1_251' title='bbox 1451 1287 1555 1326; x_wconf 84' lang='lat' dir='ltr'><em>verbo</em></span> <span class='ocrx_word' id='word_1_252' title='bbox 1564 1288 1606 1322; x_wconf 91' lang='lat' dir='ltr'><em>ad</em></span> <span class='ocrx_word' id='word_1_253' title='bbox 1617 1284 1757 1323; x_wconf 86' lang='lat' dir='ltr'><em>verbum</em></span> <span class='ocrx_word' id='word_1_254' title='bbox 1771 1287 1820 1320; x_wconf 90' lang='lat' dir='ltr'><em>ita</em></span> <span class='ocrx_word' id='word_1_255' title='bbox 1828 1285 1926 1330; x_wconf 87' lang='lat' dir='ltr'><em>sonat</em></span> <span class='ocrx_word' id='word_1_256' title='bbox 1941 1297 1950 1317; x_wconf 75' lang='grc' dir='ltr'>ε</span> <span class='ocrx_word' id='word_1_257' title='bbox 1975 1323 1978 1326; x_wconf 39' lang='grc'>,</span> <span class='ocrx_word' id='word_1_258' title='bbox 2093 1295 2096 1299; x_wconf 92' lang='lat'>·</span> 
     </span>
    </p>
   </div>
   <div class='ocr_carea' id='block_1_4' title="bbox 354 1407 2371 1535">
    <p class='ocr_par' dir='ltr' id='par_1_4' title="bbox 354 1407 2371 1535">
     <span class='ocr_line' id='line_1_19' title="bbox 354 1407 2371 1473; baseline -0.003 -14"><span class='ocrx_word' id='word_1_259' title='bbox 354 1419 438 1472; x_wconf 81' lang='lat' dir='ltr'><em>Ego</em></span> <span class='ocrx_word' id='word_1_260' title='bbox 456 1415 698 1458; x_wconf 78' lang='lat' dir='ltr'><em>Wenccslaus</em></span> <span class='ocrx_word' id='word_1_261' title='bbox 724 1417 991 1460; x_wconf 85' lang='lat' dir='ltr'><em>Ferdi&#39;nandus</em></span> <span class='ocrx_word' id='word_1_262' title='bbox 1011 1419 1124 1473; x_wconf 83' lang='lat' dir='ltr'><em>Popel</em></span> <span class='ocrx_word' id='word_1_263' title='bbox 1131 1417 1175 1458; x_wconf 81' lang='lat' dir='ltr'><em>de</em></span> <span class='ocrx_word' id='word_1_264' title='bbox 1194 1414 1425 1467; x_wconf 62' lang='lat' dir='ltr'><em>Lobkofflz,</em></span> <span class='ocrx_word' id='word_1_265' title='bbox 1445 1415 1634 1459; x_wconf 80' lang='lat' dir='ltr'><em>Dominus</em></span> <span class='ocrx_word' id='word_1_266' title='bbox 1651 1414 1792 1469; x_wconf 65' lang='lat' dir='ltr'><em>Bylinf</em></span> <span class='ocrx_word' id='word_1_267' title='bbox 1804 1443 1819 1465; x_wconf 90' lang='lat'>‚</span> <span class='ocrx_word' id='word_1_268' title='bbox 1835 1412 1882 1462; x_wconf 61' lang='lat' dir='ltr'><em>La·</em></span> <span class='ocrx_word' id='word_1_269' title='bbox 1898 1410 2149 1471; x_wconf 62' lang='lat' dir='ltr'><em>Licbfchausg·</em></span> <span class='ocrx_word' id='word_1_270' title='bbox 2165 1407 2371 1456; x_wconf 44' lang='lat' dir='ltr'><em>Romana?</em></span> 
     </span>
     <span class='ocr_line' id='line_1_20' title="bbox 625 1472 2114 1535; baseline -0.003 -17"><span class='ocrx_word' id='word_1_271' title='bbox 625 1475 788 1535; x_wconf 64' lang='lat' dir='ltr'><em>Cfsi&#39;iref</em></span> <span class='ocrx_word' id='word_1_272' title='bbox 821 1477 870 1526; x_wconf 67' lang='grc' dir='ltr'><em>θ’</em></span> <span class='ocrx_word' id='word_1_273' title='bbox 886 1480 1077 1534; x_wconf 87' lang='lat' dir='ltr'><em>Hungaro</em></span> <span class='ocrx_word' id='word_1_274' title='bbox 1086 1481 1259 1535; x_wconf 46' lang='lat' dir='ltr'><em>qBoemo</em></span> <span class='ocrx_word' id='word_1_275' title='bbox 1282 1475 1402 1533; x_wconf 70' lang='lat' dir='ltr'><em>Regif</em></span> <span class='ocrx_word' id='word_1_276' title='bbox 1417 1474 1638 1533; x_wconf 70' lang='lat' dir='ltr'><em>Majistatis</em></span> <span class='ocrx_word' id='word_1_277' title='bbox 1654 1472 1819 1516; x_wconf 66' lang='lat' dir='ltr'><em>atiualis</em></span> <span class='ocrx_word' id='word_1_278' title='bbox 1835 1472 2086 1516; x_wconf 80' lang='lat' dir='ltr'><em>Camerarius</em></span> <span class='ocrx_word' id='word_1_279' title='bbox 2100 1500 2114 1514; x_wconf 89' lang='lat'><strong>.</strong></span> 
     </span>
    </p>
   </div>
   <div class='ocr_carea' id='block_1_5' title="bbox 257 1605 2413 3840">
    <p class='ocr_par' dir='ltr' id='par_1_5' title="bbox 460 1605 2413 1663">
     <span class='ocr_line' id='line_1_21' title="bbox 460 1605 2413 1663; baseline -0.002 -15"><span class='ocrx_word' id='word_1_280' title='bbox 460 1620 548 1649; x_wconf 82' lang='lat' dir='ltr'><em>otum</em></span> <span class='ocrx_word' id='word_1_281' title='bbox 554 1613 644 1657; x_wconf 75' lang='lat' dir='ltr'><em>facio</em></span> <span class='ocrx_word' id='word_1_282' title='bbox 658 1638 669 1655; x_wconf 93' lang='lat'>‚</span> <span class='ocrx_word' id='word_1_283' title='bbox 686 1618 730 1652; x_wconf 81' lang='grc' dir='ltr'><em>Θ</em></span> <span class='ocrx_word' id='word_1_284' title='bbox 744 1614 830 1659; x_wconf 89' lang='lat' dir='ltr'><em>hisce</em></span> <span class='ocrx_word' id='word_1_285' title='bbox 839 1613 951 1662; x_wconf 83' lang='lat' dir='ltr'><em>palam</em></span> <span class='ocrx_word' id='word_1_286' title='bbox 958 1613 1114 1661; x_wconf 85' lang='lat' dir='ltr'><em>profiteor</em></span> <span class='ocrx_word' id='word_1_287' title='bbox 1127 1627 1235 1651; x_wconf 78' lang='lat' dir='ltr'><em>coram</em></span> <span class='ocrx_word' id='word_1_288' title='bbox 1261 1613 1452 1662; x_wconf 82' lang='lat' dir='ltr'><em>quibuscum</em></span> <span class='ocrx_word' id='word_1_289' title='bbox 1480 1627 1518 1652; x_wconf 90' lang='lat' dir='ltr'><em>ue</em></span> <span class='ocrx_word' id='word_1_290' title='bbox 1530 1640 1541 1657; x_wconf 92' lang='lat'><strong>,</strong></span> <span class='ocrx_word' id='word_1_291' title='bbox 1553 1613 1752 1663; x_wconf 69' lang='lat' dir='ltr'><em>praefitrti’m,</em></span> <span class='ocrx_word' id='word_1_292' title='bbox 1766 1610 1826 1648; x_wconf 93' lang='lat' dir='ltr'><em>ubi</em></span> <span class='ocrx_word' id='word_1_293' title='bbox 1838 1611 1871 1647; x_wconf 89' lang='lat' dir='ltr'><em>id</em></span> <span class='ocrx_word' id='word_1_294' title='bbox 1883 1611 2091 1658; x_wconf 73' lang='lat' dir='ltr'><em>necessarium</em></span> <span class='ocrx_word' id='word_1_295' title='bbox 2103 1635 2114 1646; x_wconf 89' lang='grc'><strong>.</strong></span> <span class='ocrx_word' id='word_1_296' title='bbox 2138 1608 2318 1658; x_wconf 76' lang='lat' dir='ltr'><em>Postquam</em></span> <span class='ocrx_word' id='word_1_297' title='bbox 2333 1605 2413 1651; x_wconf 77' lang='lat' dir='ltr'><em>olim</em></span> 
     </span>
    </p>

    <p class='ocr_par' dir='ltr' id='par_1_6' title="bbox 257 1651 2413 3840">
     <span class='ocr_line' id='line_1_22' title="bbox 315 1651 2412 1711; baseline -0.001 -18"><span class='ocrx_word' id='word_1_298' title='bbox 315 1658 438 1701; x_wconf 83' lang='lat' dir='ltr'><em>Illustri</em></span> <span class='ocrx_word' id='word_1_299' title='bbox 460 1673 525 1698; x_wconf 86' lang='lat' dir='ltr'><em>ima</em></span> <span class='ocrx_word' id='word_1_300' title='bbox 538 1663 674 1697; x_wconf 87' lang='lat' dir='ltr'><em>Domina</em></span> <span class='ocrx_word' id='word_1_301' title='bbox 688 1669 728 1698; x_wconf 88' lang='lat' dir='ltr'><em>D.</em></span> <span class='ocrx_word' id='word_1_302' title='bbox 743 1665 883 1711; x_wconf 86' lang='lat' dir='ltr'><em>Benigna</em></span> <span class='ocrx_word' id='word_1_303' title='bbox 904 1663 1075 1698; x_wconf 77' lang='lat' dir='ltr'><em>catharina</em></span> <span class='ocrx_word' id='word_1_304' title='bbox 1089 1672 1180 1705; x_wconf 92' lang='lat' dir='ltr'><em>nata,</em></span> <span class='ocrx_word' id='word_1_305' title='bbox 1195 1668 1239 1701; x_wconf 86' lang='grc' dir='ltr'><em>Θ</em></span> <span class='ocrx_word' id='word_1_306' title='bbox 1251 1672 1352 1710; x_wconf 89' lang='lat' dir='ltr'><em>nupta</em></span> <span class='ocrx_word' id='word_1_307' title='bbox 1368 1669 1457 1711; x_wconf 82' lang='lat' dir='ltr'><em>&#39;Pope</em></span> <span class='ocrx_word' id='word_1_308' title='bbox 1473 1666 1548 1699; x_wconf 90' lang='lat' dir='ltr'><em>iana</em></span> <span class='ocrx_word' id='word_1_309' title='bbox 1561 1666 1599 1698; x_wconf 86' lang='lat' dir='ltr'><em>de</em></span> <span class='ocrx_word' id='word_1_310' title='bbox 1614 1661 1811 1707; x_wconf 61' lang='lat' dir='ltr'><em>Lobkovhz,</em></span> <span class='ocrx_word' id='word_1_311' title='bbox 1829 1672 1871 1696; x_wconf 90' lang='lat' dir='ltr'><em>ex</em></span> <span class='ocrx_word' id='word_1_312' title='bbox 1880 1662 1996 1696; x_wconf 90' lang='lat' dir='ltr'><em>divina</em></span> <span class='ocrx_word' id='word_1_313' title='bbox 2010 1661 2221 1707; x_wconf 77' lang='lat' dir='ltr'><em>inspiratione</em></span> <span class='ocrx_word' id='word_1_314' title='bbox 2234 1665 2311 1693; x_wconf 88' lang='lat' dir='ltr'><em>ante</em></span> <span class='ocrx_word' id='word_1_315' title='bbox 2325 1651 2412 1692; x_wconf 81' lang='lat' dir='ltr'><em>mul-</em></span> 
     </span>
     <span class='ocr_line' id='line_1_23' title="bbox 315 1704 2408 1758; baseline -0.001 -15"><span class='ocrx_word' id='word_1_316' title='bbox 315 1715 364 1743; x_wconf 85' lang='lat' dir='ltr'><em>tos</em></span> <span class='ocrx_word' id='word_1_317' title='bbox 378 1722 476 1746; x_wconf 88' lang='lat' dir='ltr'><em>annos</em></span> <span class='ocrx_word' id='word_1_318' title='bbox 486 1721 558 1745; x_wconf 86' lang='lat' dir='ltr'><em>eum</em></span> <span class='ocrx_word' id='word_1_319' title='bbox 567 1710 804 1756; x_wconf 78' lang='lat' dir='ltr'><em>clementiffimo</em></span> <span class='ocrx_word' id='word_1_320' title='bbox 818 1711 964 1755; x_wconf 71' lang='lat' dir='ltr'><em>consensu</em></span> <span class='ocrx_word' id='word_1_321' title='bbox 973 1712 1042 1754; x_wconf 81' lang='lat' dir='ltr'><em>suae</em></span> <span class='ocrx_word' id='word_1_322' title='bbox 1063 1712 1202 1756; x_wconf 65' lang='lat' dir='ltr'><em>Caefiiree</em></span> <span class='ocrx_word' id='word_1_323' title='bbox 1213 1710 1393 1757; x_wconf 76' lang='lat' dir='ltr'><em>Majesiatis</em></span> <span class='ocrx_word' id='word_1_324' title='bbox 1405 1713 1598 1747; x_wconf 72' lang='lat' dir='ltr'><em>ferdinandi</em></span> <span class='ocrx_word' id='word_1_325' title='bbox 1611 1716 1652 1744; x_wconf 88' lang='lat' dir='ltr'><em>ll.</em></span> <span class='ocrx_word' id='word_1_326' title='bbox 1662 1708 1890 1758; x_wconf 79' lang='lat' dir='ltr'><em>gloriofiffimae</em></span> <span class='ocrx_word' id='word_1_327' title='bbox 1904 1710 2136 1745; x_wconf 85' lang='lat' dir='ltr'><em>recordationis</em></span> <span class='ocrx_word' id='word_1_328' title='bbox 2146 1733 2156 1749; x_wconf 89' lang='lat'><em>,</em></span> <span class='ocrx_word' id='word_1_329' title='bbox 2175 1720 2213 1742; x_wconf 87' lang='lat' dir='ltr'><em>ac</em></span> <span class='ocrx_word' id='word_1_330' title='bbox 2226 1707 2326 1742; x_wconf 88' lang='lat' dir='ltr'><em>etiam</em></span> <span class='ocrx_word' id='word_1_331' title='bbox 2339 1704 2408 1748; x_wconf 77' lang='lat' dir='ltr'><em>suae</em></span> 
     </span>
     <span class='ocr_line' id='line_1_24' title="bbox 312 1753 2411 1807; baseline -0.001 -15"><span class='ocrx_word' id='word_1_332' title='bbox 312 1757 568 1801; x_wconf 77' lang='lat' dir='ltr'><em>Eminentiffimae</em></span> <span class='ocrx_word' id='word_1_333' title='bbox 584 1758 779 1802; x_wconf 69' lang='lat' dir='ltr'><em>celsitudinis</em></span> <span class='ocrx_word' id='word_1_334' title='bbox 791 1766 861 1795; x_wconf 89' lang='lat' dir='ltr'><em>DD.</em></span> <span class='ocrx_word' id='word_1_335' title='bbox 875 1759 997 1800; x_wconf 78' lang='lat' dir='ltr'><em>Ernesti</em></span> <span class='ocrx_word' id='word_1_336' title='bbox 1006 1759 1201 1800; x_wconf 71' lang='lat' dir='ltr'><em>Adalberti,</em></span> <span class='ocrx_word' id='word_1_337' title='bbox 1215 1760 1332 1804; x_wconf 64' lang='lat' dir='ltr'><em>Sanbif</em></span> <span class='ocrx_word' id='word_1_338' title='bbox 1343 1766 1431 1807; x_wconf 74' lang='lat' dir='ltr'><em>Rom.</em></span> <span class='ocrx_word' id='word_1_339' title='bbox 1443 1759 1581 1804; x_wconf 68' lang='lat' dir='ltr'><em>Ecclefig</em></span> <span class='ocrx_word' id='word_1_340' title='bbox 1599 1757 1776 1794; x_wconf 76' lang='lat' dir='ltr'><em>cardinalis</em></span> <span class='ocrx_word' id='word_1_341' title='bbox 1786 1781 1796 1796; x_wconf 94' lang='lat'>‚</span> <span class='ocrx_word' id='word_1_342' title='bbox 1811 1759 1854 1794; x_wconf 89' lang='grc' dir='ltr'><em>Θ</em></span> <span class='ocrx_word' id='word_1_343' title='bbox 1869 1757 2139 1804; x_wconf 73' lang='lat' dir='ltr'><em>Archi-Episcopi</em></span> <span class='ocrx_word' id='word_1_344' title='bbox 2153 1753 2348 1803; x_wconf 59' lang='lat' dir='ltr'><em>‘pragensi-‹2›</em></span> <span class='ocrx_word' id='word_1_345' title='bbox 2358 1754 2411 1807; x_wconf 58' lang='grc' dir='ltr'><em>ἒξ·</em></span> 
     </span>
     <span class='ocr_line' id='line_1_25' title="bbox 311 1803 2410 1855; baseline -0.002 -15"><span class='ocrx_word' id='word_1_346' title='bbox 311 1805 436 1852; x_wconf 86' lang='lat' dir='ltr'><em>pellam</em></span> <span class='ocrx_word' id='word_1_347' title='bbox 459 1808 500 1841; x_wconf 91' lang='lat' dir='ltr'><em>ad</em></span> <span class='ocrx_word' id='word_1_348' title='bbox 512 1805 648 1847; x_wconf 81' lang='lat' dir='ltr'><em>nostram</em></span> <span class='ocrx_word' id='word_1_349' title='bbox 659 1810 829 1843; x_wconf 86' lang='lat' dir='ltr'><em>Dominam</em></span> <span class='ocrx_word' id='word_1_350' title='bbox 840 1820 861 1842; x_wconf 92' lang='lat' dir='ltr'><em>a</em></span> <span class='ocrx_word' id='word_1_351' title='bbox 872 1812 1012 1842; x_wconf 89' lang='lat' dir='ltr'><em>Laureto</em></span> <span class='ocrx_word' id='word_1_352' title='bbox 1034 1809 1152 1842; x_wconf 65' lang='lat' dir='ltr'><em>ditiam</em></span> <span class='ocrx_word' id='word_1_353' title='bbox 1165 1831 1175 1848; x_wconf 85' lang='lat'><strong>,</strong></span> <span class='ocrx_word' id='word_1_354' title='bbox 1190 1809 1222 1843; x_wconf 91' lang='lat' dir='ltr'><em>in</em></span> <span class='ocrx_word' id='word_1_355' title='bbox 1236 1808 1414 1850; x_wconf 85' lang='lat' dir='ltr'><em>Hradschin</em></span> <span class='ocrx_word' id='word_1_356' title='bbox 1432 1815 1687 1855; x_wconf 56' lang='lat' dir='ltr'><em>praememorata</em></span> <span class='ocrx_word' id='word_1_357' title='bbox 1714 1805 1821 1851; x_wconf 74' lang='lat' dir='ltr'><em>Regia</em></span> <span class='ocrx_word' id='word_1_358' title='bbox 1837 1806 1989 1842; x_wconf 86' lang='lat' dir='ltr'><em>Civitatis</em></span> <span class='ocrx_word' id='word_1_359' title='bbox 2004 1803 2175 1852; x_wconf 82' lang='lat' dir='ltr'><em>Pragensis</em></span> <span class='ocrx_word' id='word_1_360' title='bbox 2187 1828 2197 1845; x_wconf 93' lang='lat'><strong>,</strong></span> <span class='ocrx_word' id='word_1_361' title='bbox 2226 1812 2362 1838; x_wconf 90' lang='lat' dir='ltr'><em>unacum</em></span> <span class='ocrx_word' id='word_1_362' title='bbox 2376 1809 2410 1833; x_wconf 78' lang='lat' dir='ltr'><em>m</em></span> 
     </span>
     <span class='ocr_line' id='line_1_26' title="bbox 314 1851 2407 1903; baseline 0 -16"><span class='ocrx_word' id='word_1_363' title='bbox 314 1854 456 1888; x_wconf 87' lang='lat' dir='ltr'><em>circuitu</em></span> <span class='ocrx_word' id='word_1_364' title='bbox 472 1854 714 1890; x_wconf 67' lang='lat' dir='ltr'><em>adhaerentibus</em></span> <span class='ocrx_word' id='word_1_365' title='bbox 728 1855 848 1891; x_wconf 84' lang='lat' dir='ltr'><em>aedibus</em></span> <span class='ocrx_word' id='word_1_366' title='bbox 860 1881 870 1896; x_wconf 89' lang='lat'>‚</span> <span class='ocrx_word' id='word_1_367' title='bbox 892 1859 935 1892; x_wconf 88' lang='grc' dir='ltr'><em>Θ</em></span> <span class='ocrx_word' id='word_1_368' title='bbox 950 1853 1066 1889; x_wconf 85' lang='lat' dir='ltr'><em>abinde</em></span> <span class='ocrx_word' id='word_1_369' title='bbox 1091 1857 1132 1889; x_wconf 93' lang='lat' dir='ltr'><em>ad</em></span> <span class='ocrx_word' id='word_1_370' title='bbox 1148 1855 1298 1903; x_wconf 69' lang='lat' dir='ltr'><em>proxime</em></span> <span class='ocrx_word' id='word_1_371' title='bbox 1321 1855 1469 1902; x_wconf 88' lang='lat' dir='ltr'><em>adjacens</em></span> <span class='ocrx_word' id='word_1_372' title='bbox 1480 1854 1709 1896; x_wconf 75' lang='lat' dir='ltr'><em>Monasierium</em></span> <span class='ocrx_word' id='word_1_373' title='bbox 1722 1859 1780 1887; x_wconf 85' lang='lat' dir='ltr'><em>FF.</em></span> <span class='ocrx_word' id='word_1_374' title='bbox 1795 1856 1876 1889; x_wconf 87' lang='lat' dir='ltr'><em>Min.</em></span> <span class='ocrx_word' id='word_1_375' title='bbox 1888 1855 2018 1890; x_wconf 88' lang='lat' dir='ltr'><em>Ordinis</em></span> <span class='ocrx_word' id='word_1_376' title='bbox 2029 1859 2060 1889; x_wconf 85' lang='lat' dir='ltr'><em>S.</em></span> <span class='ocrx_word' id='word_1_377' title='bbox 2073 1852 2235 1897; x_wconf 75' lang='lat' dir='ltr'><em>Francifii</em></span> <span class='ocrx_word' id='word_1_378' title='bbox 2246 1854 2312 1897; x_wconf 57' lang='lat' dir='ltr'><em>RK:</em></span> <span class='ocrx_word' id='word_1_379' title='bbox 2329 1851 2407 1882; x_wconf 76' lang='lat' dir='ltr'>&#39;PP-</span> 
     </span>
     <span class='ocr_line' id='line_1_27' title="bbox 317 1900 2405 1951; baseline -0.002 -16"><span class='ocrx_word' id='word_1_380' title='bbox 317 1903 549 1948; x_wconf 81' lang='lat' dir='ltr'><em>Capucinorum</em></span> <span class='ocrx_word' id='word_1_381' title='bbox 571 1903 664 1937; x_wconf 70' lang='lat' dir='ltr'><em>dubio</em></span> <span class='ocrx_word' id='word_1_382' title='bbox 690 1903 824 1948; x_wconf 81' lang='lat' dir='ltr'><em>transitu</em></span> <span class='ocrx_word' id='word_1_383' title='bbox 840 1928 849 1944; x_wconf 92' lang='lat'>‚</span> <span class='ocrx_word' id='word_1_384' title='bbox 863 1915 904 1938; x_wconf 85' lang='lat' dir='ltr'><em>ex</em></span> <span class='ocrx_word' id='word_1_385' title='bbox 918 1901 1158 1946; x_wconf 84' lang='lat' dir='ltr'><em>ferventissima</em></span> <span class='ocrx_word' id='word_1_386' title='bbox 1178 1916 1257 1951; x_wconf 86' lang='lat' dir='ltr'><em>erga</em></span> <span class='ocrx_word' id='word_1_387' title='bbox 1271 1903 1525 1947; x_wconf 77' lang='lat' dir='ltr'><em>Gloriofislz&#39;mam</em></span> <span class='ocrx_word' id='word_1_388' title='bbox 1543 1905 1709 1951; x_wconf 85' lang='lat' dir='ltr'><em>Virginem</em></span> <span class='ocrx_word' id='word_1_389' title='bbox 1727 1903 1786 1937; x_wconf 90' lang='lat' dir='ltr'><em>Dei</em></span> <span class='ocrx_word' id='word_1_390' title='bbox 1796 1903 1995 1939; x_wconf 87' lang='lat' dir='ltr'><em>Genitricem</em></span> <span class='ocrx_word' id='word_1_391' title='bbox 2007 1903 2152 1938; x_wconf 91' lang='lat' dir='ltr'><em>Mariam</em></span> <span class='ocrx_word' id='word_1_392' title='bbox 2177 1900 2348 1936; x_wconf 86' lang='lat' dir='ltr'><em>devotione</em></span> <span class='ocrx_word' id='word_1_393' title='bbox 2362 1905 2405 1931; x_wconf 81' lang='lat' dir='ltr'><em>ex</em></span> 
     </span>
     <span class='ocr_line' id='line_1_28' title="bbox 313 1948 2410 1999; baseline -0.001 -16"><span class='ocrx_word' id='word_1_394' title='bbox 313 1948 387 1992; x_wconf 89' lang='lat' dir='ltr'><em>suis</em></span> <span class='ocrx_word' id='word_1_395' title='bbox 393 1951 539 1997; x_wconf 86' lang='lat' dir='ltr'><em>propriis</em></span> <span class='ocrx_word' id='word_1_396' title='bbox 549 1949 737 1997; x_wconf 78' lang='lat' dir='ltr'><em>sumptibus</em></span> <span class='ocrx_word' id='word_1_397' title='bbox 749 1951 961 1993; x_wconf 70' lang='lat' dir='ltr'><em>aedificaverit</em></span> <span class='ocrx_word' id='word_1_398' title='bbox 972 1975 983 1992; x_wconf 92' lang='lat'><strong>,</strong></span> <span class='ocrx_word' id='word_1_399' title='bbox 995 1959 1095 1997; x_wconf 90' lang='lat' dir='ltr'><em>atque</em></span> <span class='ocrx_word' id='word_1_400' title='bbox 1109 1977 1119 1993; x_wconf 89' lang='lat'>‚</span> <span class='ocrx_word' id='word_1_401' title='bbox 1144 1961 1181 1986; x_wconf 90' lang='lat' dir='ltr'><em>ut</em></span> <span class='ocrx_word' id='word_1_402' title='bbox 1190 1960 1276 1987; x_wconf 88' lang='lat' dir='ltr'><em>Deus</em></span> <span class='ocrx_word' id='word_1_403' title='bbox 1286 1954 1318 1988; x_wconf 91' lang='lat' dir='ltr'><em>in</em></span> <span class='ocrx_word' id='word_1_404' title='bbox 1329 1953 1452 1987; x_wconf 62' lang='lat' dir='ltr'><em>sanctis</em></span> <span class='ocrx_word' id='word_1_405' title='bbox 1468 1953 1540 1996; x_wconf 91' lang='lat' dir='ltr'><em>suis</em></span> <span class='ocrx_word' id='word_1_406' title='bbox 1549 1953 1678 1999; x_wconf 91' lang='lat' dir='ltr'><em>semper</em></span> <span class='ocrx_word' id='word_1_407' title='bbox 1696 1949 1832 1993; x_wconf 67' lang='lat' dir='ltr'><em>zelosiiis</em></span> <span class='ocrx_word' id='word_1_408' title='bbox 1845 1951 1973 1987; x_wconf 89' lang='lat' dir='ltr'><em>colatur</em></span> <span class='ocrx_word' id='word_1_409' title='bbox 1983 1977 1993 1993; x_wconf 95' lang='lat'>,</span> <span class='ocrx_word' id='word_1_410' title='bbox 2014 1951 2146 1986; x_wconf 89' lang='lat' dir='ltr'><em>devotio</em></span> <span class='ocrx_word' id='word_1_411' title='bbox 2158 1948 2319 1984; x_wconf 83' lang='lat' dir='ltr'><em>Fidelium</em></span> <span class='ocrx_word' id='word_1_412' title='bbox 2331 1953 2410 1991; x_wconf 77' lang='lat' dir='ltr'><em>erga</em></span> 
     </span>
     <span class='ocr_line' id='line_1_29' title="bbox 318 1993 2407 2048; baseline -0.002 -16"><span class='ocrx_word' id='word_1_413' title='bbox 318 1998 533 2040; x_wconf 79' lang='lat' dir='ltr'><em>Beatiffimam</em></span> <span class='ocrx_word' id='word_1_414' title='bbox 547 1997 699 2035; x_wconf 71' lang='lat' dir='ltr'><em>calorum</em></span> <span class='ocrx_word' id='word_1_415' title='bbox 713 2002 868 2047; x_wconf 79' lang='lat' dir='ltr'><em>Reginam</em></span> <span class='ocrx_word' id='word_1_416' title='bbox 894 2007 1055 2046; x_wconf 87' lang='lat' dir='ltr'><em>augeatur</em></span> <span class='ocrx_word' id='word_1_417' title='bbox 1068 2023 1079 2040; x_wconf 88' lang='lat'>‚</span> <span class='ocrx_word' id='word_1_418' title='bbox 1100 2001 1266 2048; x_wconf 59' lang='lat' dir='ltr'><em>praeditiis</em></span> <span class='ocrx_word' id='word_1_419' title='bbox 1281 2007 1348 2048; x_wconf 68' lang='lat' dir='ltr'><em>RR-</em></span> <span class='ocrx_word' id='word_1_420' title='bbox 1362 2006 1437 2044; x_wconf 76' lang='grc' dir='ltr'><em>ῬῬ.</em></span> <span class='ocrx_word' id='word_1_421' title='bbox 1451 2000 1624 2036; x_wconf 84' lang='lat' dir='ltr'><em>Fratribus</em></span> <span class='ocrx_word' id='word_1_422' title='bbox 1646 1997 1831 2035; x_wconf 88' lang='lat' dir='ltr'><em>Minoribus</em></span> <span class='ocrx_word' id='word_1_423' title='bbox 1855 2000 1985 2035; x_wconf 75' lang='lat' dir='ltr'><em>Ordinis</em></span> <span class='ocrx_word' id='word_1_424' title='bbox 2009 2005 2042 2034; x_wconf 74' lang='lat'><em>,5-</em></span> <span class='ocrx_word' id='word_1_425' title='bbox 2055 1998 2217 2042; x_wconf 77' lang='lat' dir='ltr'><em>Francifti</em></span> <span class='ocrx_word' id='word_1_426' title='bbox 2243 1993 2407 2042; x_wconf 81' lang='lat' dir='ltr'><em>Capucinis</em></span> 
     </span>
     <span class='ocr_line' id='line_1_30' title="bbox 317 2043 2412 2096; baseline -0.002 -16"><span class='ocrx_word' id='word_1_427' title='bbox 317 2047 521 2093; x_wconf 89' lang='lat' dir='ltr'><em>nuncupatis,</em></span> <span class='ocrx_word' id='word_1_428' title='bbox 534 2049 719 2083; x_wconf 74' lang='lat' dir='ltr'><em>Provincia:</em></span> <span class='ocrx_word' id='word_1_429' title='bbox 733 2050 843 2084; x_wconf 90' lang='lat' dir='ltr'><em>Boemi</em></span> <span class='ocrx_word' id='word_1_430' title='bbox 844 2060 874 2094; x_wconf 66' lang='lat' dir='ltr'><em>g,</em></span> <span class='ocrx_word' id='word_1_431' title='bbox 881 2049 1003 2083; x_wconf 89' lang='lat' dir='ltr'><em>intuitu</em></span> <span class='ocrx_word' id='word_1_432' title='bbox 1016 2050 1178 2085; x_wconf 89' lang='lat' dir='ltr'><em>evidentis</em></span> <span class='ocrx_word' id='word_1_433' title='bbox 1190 2050 1399 2096; x_wconf 86' lang='lat' dir='ltr'><em>experientiae</em></span> <span class='ocrx_word' id='word_1_434' title='bbox 1413 2074 1424 2090; x_wconf 94' lang='lat'>,</span> <span class='ocrx_word' id='word_1_435' title='bbox 1446 2047 1545 2096; x_wconf 78' lang='lat' dir='ltr'><em>qudm</em></span> <span class='ocrx_word' id='word_1_436' title='bbox 1554 2048 1723 2092; x_wconf 73' lang='lat' dir='ltr'><em>salutaria</em></span> <span class='ocrx_word' id='word_1_437' title='bbox 1750 2049 1792 2083; x_wconf 83' lang='grc' dir='ltr'><em>Θ</em></span> <span class='ocrx_word' id='word_1_438' title='bbox 1815 2046 1919 2093; x_wconf 77' lang='lat' dir='ltr'><em>juxta</em></span> <span class='ocrx_word' id='word_1_439' title='bbox 1946 2055 2130 2094; x_wconf 87' lang='lat' dir='ltr'><em>conceptam</em></span> <span class='ocrx_word' id='word_1_440' title='bbox 2139 2045 2288 2090; x_wconf 66' lang='lat' dir='ltr'><em>sanilam</em></span> <span class='ocrx_word' id='word_1_441' title='bbox 2304 2043 2412 2077; x_wconf 85' lang='lat' dir='ltr'><em>inten-</em></span> 
     </span>
     <span class='ocr_line' id='line_1_31' title="bbox 317 2094 2411 2144; baseline -0.001 -16"><span class='ocrx_word' id='word_1_442' title='bbox 317 2095 439 2129; x_wconf 84' lang='lat' dir='ltr'><em>tionem</em></span> <span class='ocrx_word' id='word_1_443' title='bbox 452 2118 462 2133; x_wconf 90' lang='lat'>‚</span> <span class='ocrx_word' id='word_1_444' title='bbox 484 2095 594 2129; x_wconf 88' lang='lat' dir='ltr'><em>cultus</em></span> <span class='ocrx_word' id='word_1_445' title='bbox 602 2096 736 2131; x_wconf 87' lang='lat' dir='ltr'><em>divinus</em></span> <span class='ocrx_word' id='word_1_446' title='bbox 747 2121 758 2137; x_wconf 92' lang='lat'><strong>,</strong></span> <span class='ocrx_word' id='word_1_447' title='bbox 776 2099 819 2133; x_wconf 92' lang='grc' dir='ltr'><em>Θ</em></span> <span class='ocrx_word' id='word_1_448' title='bbox 827 2096 967 2143; x_wconf 86' lang='lat' dir='ltr'><em>pietatis</em></span> <span class='ocrx_word' id='word_1_449' title='bbox 979 2099 1141 2133; x_wconf 78' lang='lat' dir='ltr'><em>exercitia</em></span> <span class='ocrx_word' id='word_1_450' title='bbox 1156 2097 1245 2144; x_wconf 84' lang='lat' dir='ltr'><em>(per</em></span> <span class='ocrx_word' id='word_1_451' title='bbox 1260 2109 1396 2144; x_wconf 90' lang='lat' dir='ltr'><em>quorum</em></span> <span class='ocrx_word' id='word_1_452' title='bbox 1411 2096 1720 2138; x_wconf 79' lang='lat' dir='ltr'><em>administrationem</em></span> <span class='ocrx_word' id='word_1_453' title='bbox 1737 2096 1769 2130; x_wconf 91' lang='lat' dir='ltr'><em>in</em></span> <span class='ocrx_word' id='word_1_454' title='bbox 1779 2094 2019 2142; x_wconf 81' lang='lat' dir='ltr'><em>spiritualibus</em></span> <span class='ocrx_word' id='word_1_455' title='bbox 2035 2095 2165 2130; x_wconf 86' lang='lat' dir='ltr'><em>devotio</em></span> <span class='ocrx_word' id='word_1_456' title='bbox 2194 2103 2306 2140; x_wconf 91' lang='lat' dir='ltr'><em>ergam</em></span> <span class='ocrx_word' id='word_1_457' title='bbox 2325 2097 2411 2136; x_wconf 81' lang='lat' dir='ltr'><em>prae·</em></span> 
     </span>
     <span class='ocr_line' id='line_1_32' title="bbox 314 2140 2413 2194; baseline -0.002 -17"><span class='ocrx_word' id='word_1_458' title='bbox 314 2142 436 2177; x_wconf 64' lang='lat' dir='ltr'><em>dilium</em></span> <span class='ocrx_word' id='word_1_459' title='bbox 452 2141 613 2188; x_wconf 85' lang='lat' dir='ltr'><em>Capellam</em></span> <span class='ocrx_word' id='word_1_460' title='bbox 625 2142 819 2180; x_wconf 86' lang='lat' dir='ltr'><em>notabiliter</em></span> <span class='ocrx_word' id='word_1_461' title='bbox 832 2145 927 2179; x_wconf 68' lang='lat' dir='ltr'><em>aucta</em></span> <span class='ocrx_word' id='word_1_462' title='bbox 940 2142 1009 2189; x_wconf 82' lang='lat' dir='ltr'><em>esi)</em></span> <span class='ocrx_word' id='word_1_463' title='bbox 1030 2145 1174 2193; x_wconf 82' lang='lat' dir='ltr'><em>proficua</em></span> <span class='ocrx_word' id='word_1_464' title='bbox 1187 2146 1320 2190; x_wconf 85' lang='lat' dir='ltr'><em>fuerint</em></span> <span class='ocrx_word' id='word_1_465' title='bbox 1330 2172 1340 2188; x_wconf 89' lang='lat'>‚</span> <span class='ocrx_word' id='word_1_466' title='bbox 1355 2148 1441 2194; x_wconf 74' lang='lat' dir='ltr'><em>sape</em></span> <span class='ocrx_word' id='word_1_467' title='bbox 1468 2147 1700 2182; x_wconf 77' lang='lat' dir='ltr'><em>mentionatam</em></span> <span class='ocrx_word' id='word_1_468' title='bbox 1721 2143 1882 2191; x_wconf 85' lang='lat' dir='ltr'><em>Capellam</em></span> <span class='ocrx_word' id='word_1_469' title='bbox 1897 2147 1932 2179; x_wconf 87' lang='lat' dir='ltr'><em>B.</em></span> <span class='ocrx_word' id='word_1_470' title='bbox 1939 2144 2084 2192; x_wconf 83' lang='lat' dir='ltr'><em>Virginis</em></span> <span class='ocrx_word' id='word_1_471' title='bbox 2104 2140 2125 2176; x_wconf 83' lang='lat' dir='ltr'><em>d</em></span> <span class='ocrx_word' id='word_1_472' title='bbox 2138 2141 2285 2180; x_wconf 89' lang='lat' dir='ltr'><em>Laureto</em></span> <span class='ocrx_word' id='word_1_473' title='bbox 2297 2163 2308 2180; x_wconf 91' lang='lat'>‚</span> <span class='ocrx_word' id='word_1_474' title='bbox 2334 2146 2413 2172; x_wconf 86' lang='lat' dir='ltr'><em>cum</em></span> 
     </span>
     <span class='ocr_line' id='line_1_33' title="bbox 312 2183 2411 2241; baseline 0.003 -17"><span class='ocrx_word' id='word_1_475' title='bbox 312 2188 464 2224; x_wconf 81' lang='lat' dir='ltr'><em>omnibus</em></span> <span class='ocrx_word' id='word_1_476' title='bbox 477 2192 509 2225; x_wconf 90' lang='lat' dir='ltr'><em>in</em></span> <span class='ocrx_word' id='word_1_477' title='bbox 521 2191 661 2226; x_wconf 89' lang='lat' dir='ltr'><em>circuitu</em></span> <span class='ocrx_word' id='word_1_478' title='bbox 674 2193 791 2227; x_wconf 69' lang='lat' dir='ltr'><em>erettis</em></span> <span class='ocrx_word' id='word_1_479' title='bbox 803 2191 963 2228; x_wconf 86' lang='lat' dir='ltr'><em>cubiculis</em></span> <span class='ocrx_word' id='word_1_480' title='bbox 977 2218 987 2234; x_wconf 89' lang='lat'>‚</span> <span class='ocrx_word' id='word_1_481' title='bbox 1014 2193 1134 2229; x_wconf 85' lang='lat' dir='ltr'><em>aedibus</em></span> <span class='ocrx_word' id='word_1_482' title='bbox 1146 2219 1156 2235; x_wconf 90' lang='lat'>,</span> <span class='ocrx_word' id='word_1_483' title='bbox 1178 2193 1304 2230; x_wconf 90' lang='lat' dir='ltr'><em>ambitu</em></span> <span class='ocrx_word' id='word_1_484' title='bbox 1321 2197 1354 2231; x_wconf 92' lang='lat' dir='ltr'><em>in</em></span> <span class='ocrx_word' id='word_1_485' title='bbox 1368 2194 1514 2231; x_wconf 91' lang='lat' dir='ltr'><em>omnibus</em></span> <span class='ocrx_word' id='word_1_486' title='bbox 1518 2192 1766 2241; x_wconf 86' lang='lat' dir='ltr'><em>spiritualibus,</em></span> <span class='ocrx_word' id='word_1_487' title='bbox 1780 2191 1913 2235; x_wconf 79' lang='lat' dir='ltr'><em>futuris</em></span> <span class='ocrx_word' id='word_1_488' title='bbox 1929 2218 1939 2234; x_wconf 90' lang='lat'><strong>‚</strong></span> <span class='ocrx_word' id='word_1_489' title='bbox 1951 2196 1996 2231; x_wconf 86' lang='grc' dir='ltr'><em>Θ</em></span> <span class='ocrx_word' id='word_1_490' title='bbox 2011 2193 2180 2240; x_wconf 69' lang='lat' dir='ltr'><em>perpetui-⁴</em></span> <span class='ocrx_word' id='word_1_491' title='bbox 2203 2183 2411 2235; x_wconf 58' lang='lat' dir='ltr'><em>tempvribffl</em></span> 
     </span>
     <span class='ocr_line' id='line_1_34' title="bbox 317 2232 2409 2291; baseline -0.003 -15"><span class='ocrx_word' id='word_1_492' title='bbox 317 2239 459 2272; x_wconf 78' lang='lat' dir='ltr'><em>tradidit</em></span> <span class='ocrx_word' id='word_1_493' title='bbox 471 2262 482 2279; x_wconf 89' lang='lat'><strong>,</strong></span> <span class='ocrx_word' id='word_1_494' title='bbox 504 2242 548 2276; x_wconf 90' lang='grc' dir='ltr'><em>Θ</em></span> <span class='ocrx_word' id='word_1_495' title='bbox 567 2238 617 2274; x_wconf 90' lang='lat' dir='ltr'><em>ita</em></span> <span class='ocrx_word' id='word_1_496' title='bbox 628 2241 787 2275; x_wconf 86' lang='lat' dir='ltr'><em>traditam</em></span> <span class='ocrx_word' id='word_1_497' title='bbox 799 2239 919 2276; x_wconf 82' lang='lat' dir='ltr'><em>habere</em></span> <span class='ocrx_word' id='word_1_498' title='bbox 931 2242 1042 2277; x_wconf 85' lang='lat' dir='ltr'><em>voluit</em></span> <span class='ocrx_word' id='word_1_499' title='bbox 1051 2267 1061 2283; x_wconf 90' lang='lat'>‚</span> <span class='ocrx_word' id='word_1_500' title='bbox 1075 2251 1113 2277; x_wconf 89' lang='lat' dir='ltr'><em>ut</em></span> <span class='ocrx_word' id='word_1_501' title='bbox 1120 2244 1278 2290; x_wconf 67' lang='lat' dir='ltr'><em>pradilia</em></span> <span class='ocrx_word' id='word_1_502' title='bbox 1296 2243 1424 2291; x_wconf 84' lang='lat' dir='ltr'><em>Capella</em></span> <span class='ocrx_word' id='word_1_503' title='bbox 1437 2247 1622 2278; x_wconf 81' lang='lat' dir='ltr'><em>Lauretana</em></span> <span class='ocrx_word' id='word_1_504' title='bbox 1635 2252 1706 2276; x_wconf 88' lang='lat' dir='ltr'><em>cum</em></span> <span class='ocrx_word' id='word_1_505' title='bbox 1719 2253 1739 2276; x_wconf 91' lang='lat' dir='ltr'><em>a</em></span> <span class='ocrx_word' id='word_1_506' title='bbox 1757 2241 2004 2287; x_wconf 84' lang='lat' dir='ltr'><em>pertinentibus</em></span> <span class='ocrx_word' id='word_1_507' title='bbox 2017 2265 2026 2281; x_wconf 85' lang='lat'>‚</span> <span class='ocrx_word' id='word_1_508' title='bbox 2038 2236 2276 2275; x_wconf 82' lang='lat' dir='ltr'><em>adhaerentibus</em></span> <span class='ocrx_word' id='word_1_509' title='bbox 2298 2232 2409 2274; x_wconf 84' lang='lat' dir='ltr'><em>rebus,</em></span> 
     </span>
     <span class='ocr_line' id='line_1_35' title="bbox 317 2282 2406 2339; baseline -0.002 -16"><span class='ocrx_word' id='word_1_510' title='bbox 317 2288 364 2322; x_wconf 79' lang='grc' dir='ltr'><em>Θ</em></span> <span class='ocrx_word' id='word_1_511' title='bbox 376 2284 496 2322; x_wconf 85' lang='lat' dir='ltr'><em>aedibus</em></span> <span class='ocrx_word' id='word_1_512' title='bbox 510 2311 520 2328; x_wconf 93' lang='lat'>,</span> <span class='ocrx_word' id='word_1_513' title='bbox 540 2299 650 2323; x_wconf 88' lang='lat' dir='ltr'><em>eorum</em></span> <span class='ocrx_word' id='word_1_514' title='bbox 662 2290 859 2329; x_wconf 84' lang='lat' dir='ltr'><em>conventui,</em></span> <span class='ocrx_word' id='word_1_515' title='bbox 878 2292 922 2326; x_wconf 89' lang='grc' dir='ltr'><em>Θ</em></span> <span class='ocrx_word' id='word_1_516' title='bbox 933 2289 1125 2331; x_wconf 85' lang='lat' dir='ltr'><em>Monasterio</em></span> <span class='ocrx_word' id='word_1_517' title='bbox 1135 2292 1268 2339; x_wconf 72' lang='lat' dir='ltr'><em>proprie</em></span> <span class='ocrx_word' id='word_1_518' title='bbox 1282 2294 1487 2339; x_wconf 84' lang='lat' dir='ltr'><em>incorporata</em></span> <span class='ocrx_word' id='word_1_519' title='bbox 1503 2315 1513 2330; x_wconf 89' lang='lat'><strong>‚</strong></span> <span class='ocrx_word' id='word_1_520' title='bbox 1540 2294 1584 2328; x_wconf 81' lang='grc' dir='ltr'><em>Θ</em></span> <span class='ocrx_word' id='word_1_521' title='bbox 1599 2291 1632 2325; x_wconf 91' lang='lat' dir='ltr'><em>in</em></span> <span class='ocrx_word' id='word_1_522' title='bbox 1645 2290 1731 2324; x_wconf 85' lang='lat' dir='ltr'><em>omni</em></span> <span class='ocrx_word' id='word_1_523' title='bbox 1755 2299 1791 2323; x_wconf 91' lang='lat' dir='ltr'><em>us</em></span> <span class='ocrx_word' id='word_1_524' title='bbox 1805 2292 1849 2325; x_wconf 80' lang='grc' dir='ltr'><em>Θ</em></span> <span class='ocrx_word' id='word_1_525' title='bbox 1856 2287 1992 2336; x_wconf 86' lang='lat' dir='ltr'><em>singulis</em></span> <span class='ocrx_word' id='word_1_526' title='bbox 1999 2284 2238 2335; x_wconf 72' lang='lat' dir='ltr'><em>spiritualibus</em></span> <span class='ocrx_word' id='word_1_527' title='bbox 2264 2282 2406 2318; x_wconf 83' lang='lat' dir='ltr'><em>admini-</em></span> 
     </span>
     <span class='ocr_line' id='line_1_36' title="bbox 312 2329 2407 2387; baseline -0.002 -20"><span class='ocrx_word' id='word_1_528' title='bbox 312 2332 549 2375; x_wconf 82' lang='lat' dir='ltr'><em>strationibus,</em></span> <span class='ocrx_word' id='word_1_529' title='bbox 574 2335 855 2378; x_wconf 85' lang='lat' dir='ltr'><em>ordinationibus,</em></span> <span class='ocrx_word' id='word_1_530' title='bbox 883 2338 1139 2385; x_wconf 76' lang='lat' dir='ltr'><em>dispositionibus</em></span> <span class='ocrx_word' id='word_1_531' title='bbox 1153 2364 1164 2380; x_wconf 91' lang='lat'><strong>,</strong></span> <span class='ocrx_word' id='word_1_532' title='bbox 1190 2342 1233 2376; x_wconf 67' lang='grc' dir='ltr'><em>Θ</em></span> <span class='ocrx_word' id='word_1_533' title='bbox 1254 2341 1423 2376; x_wconf 79' lang='lat' dir='ltr'><em>exercitiis</em></span> <span class='ocrx_word' id='word_1_534' title='bbox 1445 2339 1608 2387; x_wconf 66' lang='lat' dir='ltr'><em>praedibiae</em></span> <span class='ocrx_word' id='word_1_535' title='bbox 1629 2336 1807 2384; x_wconf 71' lang='lat' dir='ltr'><em>Religionis</em></span> <span class='ocrx_word' id='word_1_536' title='bbox 1823 2338 2076 2383; x_wconf 90' lang='lat' dir='ltr'><em>Capucinorum,</em></span> <span class='ocrx_word' id='word_1_537' title='bbox 2103 2337 2146 2372; x_wconf 90' lang='grc' dir='ltr'><em>Θ</em></span> <span class='ocrx_word' id='word_1_538' title='bbox 2173 2334 2206 2367; x_wconf 83' lang='grc' dir='ltr'><em>ἰη</em></span> <span class='ocrx_word' id='word_1_539' title='bbox 2222 2329 2407 2374; x_wconf 85' lang='lat' dir='ltr'><em>Hradschin</em></span> 
     </span>
     <span class='ocr_line' id='line_1_37' title="bbox 314 2377 2406 2435; baseline -0.002 -20"><span class='ocrx_word' id='word_1_540' title='bbox 314 2389 352 2428; x_wconf 88' lang='lat' dir='ltr'><em>p.</em></span> <span class='ocrx_word' id='word_1_541' title='bbox 365 2389 389 2415; x_wconf 92' lang='lat' dir='ltr'><em>t.</em></span> <span class='ocrx_word' id='word_1_542' title='bbox 402 2383 568 2429; x_wconf 84' lang='lat' dir='ltr'><em>praeposito</em></span> <span class='ocrx_word' id='word_1_543' title='bbox 579 2386 764 2420; x_wconf 85' lang='lat' dir='ltr'><em>Guardiano</em></span> <span class='ocrx_word' id='word_1_544' title='bbox 777 2387 947 2432; x_wconf 84' lang='lat' dir='ltr'><em>Superiori</em></span> <span class='ocrx_word' id='word_1_545' title='bbox 962 2411 973 2427; x_wconf 87' lang='lat'>,</span> <span class='ocrx_word' id='word_1_546' title='bbox 998 2389 1056 2422; x_wconf 87' lang='lat' dir='ltr'><em>vel</em></span> <span class='ocrx_word' id='word_1_547' title='bbox 1065 2388 1167 2422; x_wconf 83' lang='lat' dir='ltr'><em>alteri</em></span> <span class='ocrx_word' id='word_1_548' title='bbox 1178 2386 1220 2422; x_wconf 87' lang='lat' dir='ltr'><em>ab</em></span> <span class='ocrx_word' id='word_1_549' title='bbox 1236 2393 1285 2423; x_wconf 70' lang='grc' dir='ltr'><em>Λ.</em></span> <span class='ocrx_word' id='word_1_550' title='bbox 1302 2395 1339 2435; x_wconf 68' lang='lat' dir='ltr'><em>R.</em></span> <span class='ocrx_word' id='word_1_551' title='bbox 1354 2393 1396 2422; x_wconf 78' lang='grc' dir='ltr'><em>Ῥ.</em></span> <span class='ocrx_word' id='word_1_552' title='bbox 1414 2384 1624 2423; x_wconf 73' lang='lat' dir='ltr'><em>Provinciali</em></span> <span class='ocrx_word' id='word_1_553' title='bbox 1644 2385 1790 2433; x_wconf 80' lang='lat' dir='ltr'><em>Capucin.</em></span> <span class='ocrx_word' id='word_1_554' title='bbox 1806 2385 1848 2419; x_wconf 80' lang='lat' dir='ltr'><em>ad</em></span> <span class='ocrx_word' id='word_1_555' title='bbox 1861 2384 1919 2419; x_wconf 90' lang='lat' dir='ltr'><em>hoc</em></span> <span class='ocrx_word' id='word_1_556' title='bbox 1933 2386 2089 2432; x_wconf 88' lang='lat' dir='ltr'><em>deputato</em></span> <span class='ocrx_word' id='word_1_557' title='bbox 2103 2381 2240 2420; x_wconf 80' lang='lat' dir='ltr'><em>Priori,</em></span> <span class='ocrx_word' id='word_1_558' title='bbox 2261 2377 2406 2425; x_wconf 76' lang='lat' dir='ltr'><em>ejusdem</em></span> 
     </span>
     <span class='ocr_line' id='line_1_38' title="bbox 321 2427 2405 2482; baseline 0.001 -19"><span class='ocrx_word' id='word_1_559' title='bbox 321 2431 457 2464; x_wconf 86' lang='lat' dir='ltr'><em>Ordinis</em></span> <span class='ocrx_word' id='word_1_560' title='bbox 471 2455 481 2471; x_wconf 88' lang='lat'>,</span> <span class='ocrx_word' id='word_1_561' title='bbox 491 2431 588 2477; x_wconf 65' lang='lat' dir='ltr'><em>pleno</em></span> <span class='ocrx_word' id='word_1_562' title='bbox 607 2431 760 2477; x_wconf 64' lang='lat' dir='ltr'><em>fiibjetia</em></span> <span class='ocrx_word' id='word_1_563' title='bbox 786 2432 843 2478; x_wconf 74' lang='lat' dir='ltr'><em>effe</em></span> <span class='ocrx_word' id='word_1_564' title='bbox 857 2433 975 2470; x_wconf 88' lang='lat' dir='ltr'><em>debeat</em></span> <span class='ocrx_word' id='word_1_565' title='bbox 988 2459 999 2475; x_wconf 90' lang='lat'><strong>,</strong></span> <span class='ocrx_word' id='word_1_566' title='bbox 1023 2437 1092 2476; x_wconf 88' lang='lat' dir='ltr'><em>ita,</em></span> <span class='ocrx_word' id='word_1_567' title='bbox 1115 2444 1153 2471; x_wconf 89' lang='lat' dir='ltr'><em>ut</em></span> <span class='ocrx_word' id='word_1_568' title='bbox 1166 2435 1208 2471; x_wconf 91' lang='lat' dir='ltr'><em>ab</em></span> <span class='ocrx_word' id='word_1_569' title='bbox 1221 2437 1279 2472; x_wconf 88' lang='lat' dir='ltr'><em>hoc</em></span> <span class='ocrx_word' id='word_1_570' title='bbox 1296 2443 1394 2472; x_wconf 84' lang='lat' dir='ltr'><em>Sacro</em></span> <span class='ocrx_word' id='word_1_571' title='bbox 1405 2437 1523 2472; x_wconf 88' lang='lat' dir='ltr'><em>Ordine</em></span> <span class='ocrx_word' id='word_1_572' title='bbox 1535 2445 1712 2482; x_wconf 87' lang='lat' dir='ltr'><em>nunquam,</em></span> <span class='ocrx_word' id='word_1_573' title='bbox 1718 2431 1804 2477; x_wconf 85' lang='lat' dir='ltr'><em>sicut</em></span> <span class='ocrx_word' id='word_1_574' title='bbox 1812 2443 1915 2480; x_wconf 80' lang='lat' dir='ltr'><em>neque</em></span> <span class='ocrx_word' id='word_1_575' title='bbox 1928 2432 2061 2468; x_wconf 92' lang='lat' dir='ltr'><em>illorum</em></span> <span class='ocrx_word' id='word_1_576' title='bbox 2080 2427 2316 2470; x_wconf 79' lang='lat' dir='ltr'><em>Monasterium</em></span> <span class='ocrx_word' id='word_1_577' title='bbox 2331 2449 2343 2466; x_wconf 60' lang='grc' dir='ltr'>ω</span> <span class='ocrx_word' id='word_1_578' title='bbox 2358 2427 2405 2462; x_wconf 74' lang='lat'><em>&amp;⁹</em></span> 
     </span>
     <span class='ocr_line' id='line_1_39' title="bbox 321 2471 2406 2529; baseline -0.002 -15"><span class='ocrx_word' id='word_1_579' title='bbox 321 2476 460 2521; x_wconf 74' lang='lat' dir='ltr'><em>Ecclesia</em></span> <span class='ocrx_word' id='word_1_580' title='bbox 483 2502 494 2518; x_wconf 93' lang='lat'><strong><em>‚</em></strong></span> <span class='ocrx_word' id='word_1_581' title='bbox 510 2487 572 2525; x_wconf 90' lang='lat' dir='ltr'><em>per</em></span> <span class='ocrx_word' id='word_1_582' title='bbox 590 2479 739 2526; x_wconf 85' lang='lat' dir='ltr'><em>aliquam</em></span> <span class='ocrx_word' id='word_1_583' title='bbox 758 2480 929 2527; x_wconf 89' lang='lat' dir='ltr'><em>personam</em></span> <span class='ocrx_word' id='word_1_584' title='bbox 949 2482 1025 2517; x_wconf 89' lang='lat' dir='ltr'><em>tolli</em></span> <span class='ocrx_word' id='word_1_585' title='bbox 1048 2487 1092 2520; x_wconf 85' lang='grc' dir='ltr'><em>Θ</em></span> <span class='ocrx_word' id='word_1_586' title='bbox 1114 2485 1192 2519; x_wconf 90' lang='lat' dir='ltr'><em>aliis</em></span> <span class='ocrx_word' id='word_1_587' title='bbox 1212 2484 1441 2520; x_wconf 84' lang='lat' dir='ltr'><em>Sacerdotibus</em></span> <span class='ocrx_word' id='word_1_588' title='bbox 1465 2508 1475 2523; x_wconf 91' lang='lat'>‚</span> <span class='ocrx_word' id='word_1_589' title='bbox 1501 2482 1559 2519; x_wconf 84' lang='lat' dir='ltr'><em>vel</em></span> <span class='ocrx_word' id='word_1_590' title='bbox 1587 2480 1752 2529; x_wconf 66' lang='lat' dir='ltr'><em>Religiosis</em></span> <span class='ocrx_word' id='word_1_591' title='bbox 1775 2480 2007 2528; x_wconf 88' lang='lat' dir='ltr'><em>cujuscumque</em></span> <span class='ocrx_word' id='word_1_592' title='bbox 2027 2479 2166 2514; x_wconf 90' lang='lat' dir='ltr'><em>Ordinis</em></span> <span class='ocrx_word' id='word_1_593' title='bbox 2181 2502 2191 2518; x_wconf 91' lang='lat'>‚</span> <span class='ocrx_word' id='word_1_594' title='bbox 2219 2477 2316 2515; x_wconf 89' lang='lat' dir='ltr'><em>dari,</em></span> <span class='ocrx_word' id='word_1_595' title='bbox 2346 2471 2406 2510; x_wconf 85' lang='lat' dir='ltr'><em>vel</em></span> 
     </span>
     <span class='ocr_line' id='line_1_40' title="bbox 319 2522 2410 2582; baseline -0.001 -20"><span class='ocrx_word' id='word_1_596' title='bbox 319 2527 410 2582; x_wconf 67' lang='lat' dir='ltr'><em>tradi</em></span> <span class='ocrx_word' id='word_1_597' title='bbox 438 2550 451 2582; x_wconf 91' lang='lat'><em>.’</em></span> <span class='ocrx_word' id='word_1_598' title='bbox 484 2537 589 2573; x_wconf 89' lang='lat' dir='ltr'><em>neque</em></span> <span class='ocrx_word' id='word_1_599' title='bbox 610 2527 669 2562; x_wconf 92' lang='lat' dir='ltr'><em>ille</em></span> <span class='ocrx_word' id='word_1_600' title='bbox 693 2525 715 2562; x_wconf 77' lang='lat' dir='ltr'><em>d</em></span> <span class='ocrx_word' id='word_1_601' title='bbox 733 2529 886 2575; x_wconf 89' lang='lat' dir='ltr'><em>quopiam</em></span> <span class='ocrx_word' id='word_1_602' title='bbox 915 2531 948 2564; x_wconf 86' lang='lat' dir='ltr'><em>in</em></span> <span class='ocrx_word' id='word_1_603' title='bbox 966 2530 1031 2573; x_wconf 82' lang='lat' dir='ltr'><em>fiia</em></span> <span class='ocrx_word' id='word_1_604' title='bbox 1052 2530 1328 2571; x_wconf 76' lang='lat' dir='ltr'><em>administratione</em></span> <span class='ocrx_word' id='word_1_605' title='bbox 1353 2557 1365 2574; x_wconf 89' lang='lat'>‚</span> <span class='ocrx_word' id='word_1_606' title='bbox 1399 2532 1599 2567; x_wconf 86' lang='lat' dir='ltr'><em>ordinatione</em></span> <span class='ocrx_word' id='word_1_607' title='bbox 1622 2554 1633 2570; x_wconf 91' lang='lat'>‚</span> <span class='ocrx_word' id='word_1_608' title='bbox 1657 2529 1854 2578; x_wconf 76' lang='lat' dir='ltr'><em>dispositione</em></span> <span class='ocrx_word' id='word_1_609' title='bbox 1877 2553 1887 2570; x_wconf 94' lang='lat'>,</span> <span class='ocrx_word' id='word_1_610' title='bbox 1912 2533 1956 2568; x_wconf 85' lang='grc' dir='ltr'><em>Θ</em></span> <span class='ocrx_word' id='word_1_611' title='bbox 1979 2528 2149 2565; x_wconf 82' lang='lat' dir='ltr'><em>exercitiis</em></span> <span class='ocrx_word' id='word_1_612' title='bbox 2175 2526 2316 2561; x_wconf 89' lang='lat' dir='ltr'><em>omnium</em></span> <span class='ocrx_word' id='word_1_613' title='bbox 2335 2522 2410 2570; x_wconf 56' lang='grc' dir='ltr'><em>[βίῃ</em></span> 
     </span>
     <span class='ocr_line' id='line_1_41' title="bbox 323 2573 2405 2627; baseline -0.005 -11"><span class='ocrx_word' id='word_1_614' title='bbox 323 2573 500 2610; x_wconf 68' lang='lat' dir='ltr'><em>rttuallum</em></span> <span class='ocrx_word' id='word_1_615' title='bbox 525 2576 709 2622; x_wconf 66' lang='lat' dir='ltr'><em>inquietari</em></span> <span class='ocrx_word' id='word_1_616' title='bbox 729 2599 740 2616; x_wconf 77' lang='lat'><em>2</em></span> <span class='ocrx_word' id='word_1_617' title='bbox 773 2579 899 2613; x_wconf 89' lang='lat' dir='ltr'><em>tentari</em></span> <span class='ocrx_word' id='word_1_618' title='bbox 923 2602 935 2619; x_wconf 69' lang='lat'><em>2</em></span> <span class='ocrx_word' id='word_1_619' title='bbox 958 2580 1002 2615; x_wconf 88' lang='grc' dir='ltr'><em>Θ</em></span> <span class='ocrx_word' id='word_1_620' title='bbox 1025 2578 1159 2614; x_wconf 87' lang='lat' dir='ltr'><em>turbari</em></span> <span class='ocrx_word' id='word_1_621' title='bbox 1174 2578 1266 2627; x_wconf 84' lang='lat' dir='ltr'><em>poffit</em></span> <span class='ocrx_word' id='word_1_622' title='bbox 1277 2605 1288 2616; x_wconf 83' lang='grc'><strong>.</strong></span> <span class='ocrx_word' id='word_1_623' title='bbox 1313 2585 1484 2617; x_wconf 83' lang='lat' dir='ltr'><em>&#39;Praeterea</em></span> <span class='ocrx_word' id='word_1_624' title='bbox 1518 2587 1749 2615; x_wconf 89' lang='lat' dir='ltr'><em>mentionatam</em></span> <span class='ocrx_word' id='word_1_625' title='bbox 1774 2578 1936 2626; x_wconf 87' lang='lat' dir='ltr'><em>Capellam</em></span> <span class='ocrx_word' id='word_1_626' title='bbox 1952 2582 2130 2613; x_wconf 88' lang='lat' dir='ltr'><em>Lauretum</em></span> <span class='ocrx_word' id='word_1_627' title='bbox 2158 2574 2278 2610; x_wconf 63' lang='lat' dir='ltr'><em>dinam</em></span> <span class='ocrx_word' id='word_1_628' title='bbox 2291 2595 2302 2612; x_wconf 82' lang='lat'>‚</span> <span class='ocrx_word' id='word_1_629' title='bbox 2328 2581 2405 2606; x_wconf 76' lang='lat' dir='ltr'><em>cum</em></span> 
     </span>
     <span class='ocr_line' id='line_1_42' title="bbox 324 2619 2406 2676; baseline -0.004 -14"><span class='ocrx_word' id='word_1_630' title='bbox 324 2620 474 2658; x_wconf 75' lang='lat' dir='ltr'><em>omnibus</em></span> <span class='ocrx_word' id='word_1_631' title='bbox 501 2622 742 2658; x_wconf 62' lang='lat' dir='ltr'><em>adhaerentibus</em></span> <span class='ocrx_word' id='word_1_632' title='bbox 762 2648 774 2664; x_wconf 84' lang='lat'>‚</span> <span class='ocrx_word' id='word_1_633' title='bbox 803 2627 847 2662; x_wconf 79' lang='grc' dir='ltr'><em>Θ</em></span> <span class='ocrx_word' id='word_1_634' title='bbox 873 2626 1153 2674; x_wconf 86' lang='lat' dir='ltr'><em>appertinentibus</em></span> <span class='ocrx_word' id='word_1_635' title='bbox 1176 2629 1218 2663; x_wconf 84' lang='lat' dir='ltr'><em>ad</em></span> <span class='ocrx_word' id='word_1_636' title='bbox 1234 2631 1456 2676; x_wconf 85' lang='lat' dir='ltr'><em>peragendum</em></span> <span class='ocrx_word' id='word_1_637' title='bbox 1480 2627 1606 2663; x_wconf 91' lang='lat' dir='ltr'><em>cultum</em></span> <span class='ocrx_word' id='word_1_638' title='bbox 1634 2629 1783 2663; x_wconf 88' lang='lat' dir='ltr'><em>divinum</em></span> <span class='ocrx_word' id='word_1_639' title='bbox 1808 2651 1818 2667; x_wconf 90' lang='lat'>,</span> <span class='ocrx_word' id='word_1_640' title='bbox 1858 2630 1900 2665; x_wconf 90' lang='grc' dir='ltr'><em>Θ</em></span> <span class='ocrx_word' id='word_1_641' title='bbox 1925 2626 1994 2662; x_wconf 93' lang='lat' dir='ltr'><em>alia</em></span> <span class='ocrx_word' id='word_1_642' title='bbox 2015 2622 2214 2674; x_wconf 88' lang='lat' dir='ltr'><em>spiritualia</em></span> <span class='ocrx_word' id='word_1_643' title='bbox 2240 2619 2406 2657; x_wconf 82' lang='lat' dir='ltr'><em>exercitia</em></span> 
     </span>
     <span class='ocr_line' id='line_1_43' title="bbox 318 2667 2407 2727; baseline 0 -23"><span class='ocrx_word' id='word_1_644' title='bbox 318 2672 496 2727; x_wconf 76' lang='lat' dir='ltr'><em>providit,</em></span> <span class='ocrx_word' id='word_1_645' title='bbox 522 2674 566 2707; x_wconf 91' lang='grc' dir='ltr'><em>Θ</em></span> <span class='ocrx_word' id='word_1_646' title='bbox 593 2672 725 2708; x_wconf 83' lang='lat' dir='ltr'><em>dotavit</em></span> <span class='ocrx_word' id='word_1_647' title='bbox 740 2695 749 2710; x_wconf 82' lang='grc'><em>,</em></span> <span class='ocrx_word' id='word_1_648' title='bbox 771 2673 967 2719; x_wconf 79' lang='lat' dir='ltr'><em>specialiter</em></span> <span class='ocrx_word' id='word_1_649' title='bbox 988 2675 1067 2711; x_wconf 75' lang='lat' dir='ltr'><em>vero</em></span> <span class='ocrx_word' id='word_1_650' title='bbox 1086 2685 1147 2723; x_wconf 88' lang='lat' dir='ltr'><em>pro</em></span> <span class='ocrx_word' id='word_1_651' title='bbox 1179 2678 1410 2721; x_wconf 83' lang='lat' dir='ltr'><em>conservandis</em></span> <span class='ocrx_word' id='word_1_652' title='bbox 1423 2678 1531 2721; x_wconf 58' lang='lat' dir='ltr'><em>sartis</em></span> <span class='ocrx_word' id='word_1_653' title='bbox 1550 2677 1645 2712; x_wconf 68' lang='lat' dir='ltr'><em>tectis</em></span> <span class='ocrx_word' id='word_1_654' title='bbox 1669 2674 1768 2722; x_wconf 89' lang='lat' dir='ltr'><em>hujus</em></span> <span class='ocrx_word' id='word_1_655' title='bbox 1778 2680 1971 2712; x_wconf 81' lang='lat' dir='ltr'><em>Lauretanae</em></span> <span class='ocrx_word' id='word_1_656' title='bbox 1991 2674 2124 2721; x_wconf 78' lang='lat' dir='ltr'><em>Capella</em></span> <span class='ocrx_word' id='word_1_657' title='bbox 2138 2698 2148 2713; x_wconf 96' lang='lat'><strong>,</strong></span> <span class='ocrx_word' id='word_1_658' title='bbox 2179 2673 2222 2708; x_wconf 91' lang='grc' dir='ltr'><em>Θ</em></span> <span class='ocrx_word' id='word_1_659' title='bbox 2236 2669 2290 2705; x_wconf 93' lang='lat' dir='ltr'><em>illi</em></span> <span class='ocrx_word' id='word_1_660' title='bbox 2301 2667 2407 2705; x_wconf 42' lang='lat' dir='ltr'><em>aab&amp;</em></span> 
     </span>
     <span class='ocr_line' id='line_1_44' title="bbox 257 2717 2406 2775; baseline -0.001 -22"><span class='ocrx_word' id='word_1_661' title='bbox 257 2736 267 2741; x_wconf 44' lang='lat'><em>*</em></span> <span class='ocrx_word' id='word_1_662' title='bbox 317 2717 467 2775; x_wconf 75' lang='lat' dir='ltr'><em>rentibus</em></span> <span class='ocrx_word' id='word_1_663' title='bbox 478 2743 488 2759; x_wconf 86' lang='lat'>‚</span> <span class='ocrx_word' id='word_1_664' title='bbox 510 2727 611 2765; x_wconf 76' lang='lat' dir='ltr'><em>atque</em></span> <span class='ocrx_word' id='word_1_665' title='bbox 625 2721 725 2775; x_wconf 72' lang='lat' dir='ltr'><em>etiam</em></span> <span class='ocrx_word' id='word_1_666' title='bbox 736 2729 794 2766; x_wconf 83' lang='lat' dir='ltr'><em>pro</em></span> <span class='ocrx_word' id='word_1_667' title='bbox 802 2724 1016 2767; x_wconf 89' lang='lat' dir='ltr'><em>procurandis</em></span> <span class='ocrx_word' id='word_1_668' title='bbox 1026 2725 1069 2759; x_wconf 90' lang='lat' dir='ltr'><em>ad</em></span> <span class='ocrx_word' id='word_1_669' title='bbox 1077 2733 1270 2772; x_wconf 88' lang='lat' dir='ltr'><em>perpetuam</em></span> <span class='ocrx_word' id='word_1_670' title='bbox 1286 2727 1393 2763; x_wconf 88' lang='lat' dir='ltr'><em>divini</em></span> <span class='ocrx_word' id='word_1_671' title='bbox 1407 2726 1518 2761; x_wconf 86' lang='lat' dir='ltr'><em>Cultus</em></span> <span class='ocrx_word' id='word_1_672' title='bbox 1534 2726 1805 2761; x_wconf 86' lang='lat' dir='ltr'><em>continuationem</em></span> <span class='ocrx_word' id='word_1_673' title='bbox 1825 2749 1834 2764; x_wconf 92' lang='lat'>‚</span> <span class='ocrx_word' id='word_1_674' title='bbox 1852 2728 1895 2762; x_wconf 86' lang='grc' dir='ltr'><em>Θ</em></span> <span class='ocrx_word' id='word_1_675' title='bbox 1911 2725 2052 2758; x_wconf 90' lang='lat' dir='ltr'><em>aliorum</em></span> <span class='ocrx_word' id='word_1_676' title='bbox 2062 2719 2291 2769; x_wconf 79' lang='lat' dir='ltr'><em>spiritualium</em></span> <span class='ocrx_word' id='word_1_677' title='bbox 2308 2727 2406 2751; x_wconf 86' lang='lat' dir='ltr'><em>exer-</em></span> 
     </span>
     <span class='ocr_line' id='line_1_45' title="bbox 319 2764 2409 2821; baseline 0 -20"><span class='ocrx_word' id='word_1_678' title='bbox 319 2775 474 2802; x_wconf 75' lang='lat' dir='ltr'><em>citiorum</em></span> <span class='ocrx_word' id='word_1_679' title='bbox 489 2765 671 2812; x_wconf 73' lang='lat' dir='ltr'><em>neceffizriis</em></span> <span class='ocrx_word' id='word_1_680' title='bbox 683 2767 845 2815; x_wconf 87' lang='lat' dir='ltr'><em>requisitis</em></span> <span class='ocrx_word' id='word_1_681' title='bbox 855 2794 866 2810; x_wconf 92' lang='lat'>‚</span> <span class='ocrx_word' id='word_1_682' title='bbox 889 2773 1172 2821; x_wconf 69' lang='lat' dir='ltr'><em>quomodocunque</em></span> <span class='ocrx_word' id='word_1_683' title='bbox 1185 2776 1391 2811; x_wconf 68' lang='lat' dir='ltr'><em>nominentur</em></span> <span class='ocrx_word' id='word_1_684' title='bbox 1410 2800 1420 2816; x_wconf 78' lang='lat'><strong>‚</strong></span> <span class='ocrx_word' id='word_1_685' title='bbox 1442 2775 1559 2818; x_wconf 71' lang='lat' dir='ltr'><em>defids</em></span> <span class='ocrx_word' id='word_1_686' title='bbox 1574 2776 1606 2809; x_wconf 86' lang='lat' dir='ltr'><em>in</em></span> <span class='ocrx_word' id='word_1_687' title='bbox 1621 2775 1755 2811; x_wconf 72' lang='lat' dir='ltr'><em>‘Praedio</em></span> <span class='ocrx_word' id='word_1_688' title='bbox 1774 2773 1983 2817; x_wconf 52' lang='lat' dir='ltr'><em>&#39;Poslgqvvitz</em></span> <span class='ocrx_word' id='word_1_689' title='bbox 1994 2770 2057 2816; x_wconf 86' lang='lat' dir='ltr'><em>fibi</em></span> <span class='ocrx_word' id='word_1_690' title='bbox 2071 2780 2132 2817; x_wconf 87' lang='lat' dir='ltr'><em>per</em></span> <span class='ocrx_word' id='word_1_691' title='bbox 2145 2768 2262 2814; x_wconf 72' lang='lat' dir='ltr'><em>Regias</em></span> <span class='ocrx_word' id='word_1_692' title='bbox 2277 2764 2409 2800; x_wconf 79' lang='lat' dir='ltr'><em>Boemi·</em></span> 
     </span>
     <span class='ocr_line' id='line_1_46' title="bbox 317 2813 2410 2869; baseline -0.001 -20"><span class='ocrx_word' id='word_1_693' title='bbox 317 2826 373 2850; x_wconf 84' lang='lat' dir='ltr'><em>cas</em></span> <span class='ocrx_word' id='word_1_694' title='bbox 387 2817 571 2851; x_wconf 73' lang='lat' dir='ltr'><em>Provincia</em></span> <span class='ocrx_word' id='word_1_695' title='bbox 587 2813 721 2850; x_wconf 89' lang='lat' dir='ltr'><em>tabulas</em></span> <span class='ocrx_word' id='word_1_696' title='bbox 733 2815 921 2861; x_wconf 73' lang='lat' dir='ltr'><em>assecuratis</em></span> <span class='ocrx_word' id='word_1_697' title='bbox 946 2821 1185 2868; x_wconf 89' lang='lat' dir='ltr'><em>quinquaginta</em></span> <span class='ocrx_word' id='word_1_698' title='bbox 1212 2823 1360 2860; x_wconf 90' lang='lat' dir='ltr'><em>millibus</em></span> <span class='ocrx_word' id='word_1_699' title='bbox 1378 2822 1580 2868; x_wconf 87' lang='lat' dir='ltr'><em>florenorum</em></span> <span class='ocrx_word' id='word_1_700' title='bbox 1594 2823 1818 2869; x_wconf 72' lang='lat' dir='ltr'><em>Rhenanorum</em></span> <span class='ocrx_word' id='word_1_701' title='bbox 1831 2845 1842 2862; x_wconf 92' lang='lat'>,</span> <span class='ocrx_word' id='word_1_702' title='bbox 1868 2821 1993 2866; x_wconf 86' lang='lat' dir='ltr'><em>viginti</em></span> <span class='ocrx_word' id='word_1_703' title='bbox 2009 2819 2117 2854; x_wconf 89' lang='lat' dir='ltr'><em>millia</em></span> <span class='ocrx_word' id='word_1_704' title='bbox 2133 2844 2144 2859; x_wconf 90' lang='lat'>‚</span> <span class='ocrx_word' id='word_1_705' title='bbox 2169 2814 2273 2852; x_wconf 70' lang='lat' dir='ltr'><em>libere</em></span> <span class='ocrx_word' id='word_1_706' title='bbox 2285 2816 2318 2849; x_wconf 89' lang='lat' dir='ltr'><em>in</em></span> <span class='ocrx_word' id='word_1_707' title='bbox 2331 2823 2410 2848; x_wconf 61' lang='lat' dir='ltr'><em>cen*</em></span> 
     </span>
     <span class='ocr_line' id='line_1_47' title="bbox 312 2862 2405 2917; baseline 0.001 -20"><span class='ocrx_word' id='word_1_708' title='bbox 312 2863 389 2907; x_wconf 86' lang='lat' dir='ltr'><em>sum</em></span> <span class='ocrx_word' id='word_1_709' title='bbox 401 2871 600 2912; x_wconf 80' lang='lat' dir='ltr'><em>perpetuum</em></span> <span class='ocrx_word' id='word_1_710' title='bbox 635 2863 790 2910; x_wconf 85' lang='lat' dir='ltr'><em>affignare</em></span> <span class='ocrx_word' id='word_1_711' title='bbox 815 2889 826 2906; x_wconf 90' lang='lat'>,</span> <span class='ocrx_word' id='word_1_712' title='bbox 846 2868 978 2902; x_wconf 89' lang='lat' dir='ltr'><em>tradere</em></span> <span class='ocrx_word' id='word_1_713' title='bbox 1000 2893 1011 2909; x_wconf 95' lang='lat'><strong>,</strong></span> <span class='ocrx_word' id='word_1_714' title='bbox 1050 2872 1094 2906; x_wconf 77' lang='grc' dir='ltr'><em>Θ</em></span> <span class='ocrx_word' id='word_1_715' title='bbox 1114 2869 1279 2917; x_wconf 88' lang='lat' dir='ltr'><em>applicare</em></span> <span class='ocrx_word' id='word_1_716' title='bbox 1306 2872 1419 2909; x_wconf 86' lang='lat' dir='ltr'><em>voluit</em></span> <span class='ocrx_word' id='word_1_717' title='bbox 1446 2897 1456 2911; x_wconf 89' lang='lat'><em>‚</em></span> <span class='ocrx_word' id='word_1_718' title='bbox 1492 2874 1536 2907; x_wconf 83' lang='grc' dir='ltr'><em>Θ</em></span> <span class='ocrx_word' id='word_1_719' title='bbox 1557 2879 1734 2917; x_wconf 88' lang='lat' dir='ltr'><em>propterea</em></span> <span class='ocrx_word' id='word_1_720' title='bbox 1767 2881 1826 2904; x_wconf 87' lang='lat' dir='ltr'><em>non</em></span> <span class='ocrx_word' id='word_1_721' title='bbox 1842 2867 1952 2913; x_wconf 69' lang='lat' dir='ltr'><em>solum</em></span> <span class='ocrx_word' id='word_1_722' title='bbox 1990 2865 2236 2908; x_wconf 83' lang='lat' dir='ltr'><em>instrumentum</em></span> <span class='ocrx_word' id='word_1_723' title='bbox 2264 2862 2405 2910; x_wconf 77' lang='lat' dir='ltr'><em>apponi,</em></span> 
     </span>
     <span class='ocr_line' id='line_1_48' title="bbox 321 2907 2408 2968; baseline -0.004 -14"><span class='ocrx_word' id='word_1_724' title='bbox 321 2912 364 2945; x_wconf 72' lang='lat' dir='ltr'><em>‘ld</em></span> <span class='ocrx_word' id='word_1_725' title='bbox 382 2916 620 2967; x_wconf 64' lang='lat' dir='ltr'><em>‘Pf&#39;rgamenum</em></span> <span class='ocrx_word' id='word_1_726' title='bbox 634 2914 785 2968; x_wconf 76' lang='lat' dir='ltr'><em>mundari</em></span> <span class='ocrx_word' id='word_1_727' title='bbox 797 2939 808 2954; x_wconf 81' lang='lat'><em>‚</em></span> <span class='ocrx_word' id='word_1_728' title='bbox 829 2918 873 2952; x_wconf 87' lang='grc' dir='ltr'><em>Θ</em></span> <span class='ocrx_word' id='word_1_729' title='bbox 885 2913 926 2949; x_wconf 93' lang='lat' dir='ltr'><em>ab</em></span> <span class='ocrx_word' id='word_1_730' title='bbox 939 2915 1032 2951; x_wconf 90' lang='lat' dir='ltr'><em>illius</em></span> <span class='ocrx_word' id='word_1_731' title='bbox 1045 2920 1200 2964; x_wconf 89' lang='lat' dir='ltr'><em>temporis</em></span> <span class='ocrx_word' id='word_1_732' title='bbox 1213 2924 1254 2954; x_wconf 84' lang='lat' dir='ltr'><em>P.</em></span> <span class='ocrx_word' id='word_1_733' title='bbox 1271 2919 1482 2956; x_wconf 80' lang='lat' dir='ltr'><em>Provinciali</em></span> <span class='ocrx_word' id='word_1_734' title='bbox 1495 2921 1725 2966; x_wconf 84' lang='lat' dir='ltr'><em>Capucinorum</em></span> <span class='ocrx_word' id='word_1_735' title='bbox 1741 2919 1868 2953; x_wconf 74' lang='lat' dir='ltr'><em>Vienna</em></span> <span class='ocrx_word' id='word_1_736' title='bbox 1883 2927 1946 2965; x_wconf 90' lang='lat' dir='ltr'><em>pro</em></span> <span class='ocrx_word' id='word_1_737' title='bbox 1953 2916 2016 2961; x_wconf 93' lang='lat' dir='ltr'><em>sua</em></span> <span class='ocrx_word' id='word_1_738' title='bbox 2020 2923 2119 2963; x_wconf 89' lang='lat' dir='ltr'><em>parte</em></span> <span class='ocrx_word' id='word_1_739' title='bbox 2135 2907 2408 2966; x_wconf 50' lang='lat' dir='ltr'><em>aHualitersubj</em></span> 
     </span>
     <span class='ocr_line' id='line_1_49' title="bbox 313 2958 2404 3015; baseline 0.001 -16"><span class='ocrx_word' id='word_1_740' title='bbox 313 2958 448 3015; x_wconf 56' lang='lat' dir='ltr'><em>scribtf</em></span> <span class='ocrx_word' id='word_1_741' title='bbox 470 2964 513 2996; x_wconf 78' lang='grc' dir='ltr'><em>Θ</em></span> <span class='ocrx_word' id='word_1_742' title='bbox 527 2959 717 3014; x_wconf 66' lang='lat' dir='ltr'><em>appositione</em></span> <span class='ocrx_word' id='word_1_743' title='bbox 724 2960 830 3008; x_wconf 83' lang='lat' dir='ltr'><em>sigilli</em></span> <span class='ocrx_word' id='word_1_744' title='bbox 834 2963 890 3006; x_wconf 82' lang='lat' dir='ltr'><em>sui</em></span> <span class='ocrx_word' id='word_1_745' title='bbox 902 2965 1031 3000; x_wconf 91' lang='lat' dir='ltr'><em>Ordinis</em></span> <span class='ocrx_word' id='word_1_746' title='bbox 1042 2964 1194 3002; x_wconf 89' lang='lat' dir='ltr'><em>roborari</em></span> <span class='ocrx_word' id='word_1_747' title='bbox 1209 2970 1344 3004; x_wconf 89' lang='lat' dir='ltr'><em>curavit</em></span> <span class='ocrx_word' id='word_1_748' title='bbox 1356 2993 1366 3009; x_wconf 94' lang='lat'>,</span> <span class='ocrx_word' id='word_1_749' title='bbox 1382 2968 1442 3012; x_wconf 91' lang='lat' dir='ltr'><em>sed</em></span> <span class='ocrx_word' id='word_1_750' title='bbox 1453 2970 1553 3003; x_wconf 89' lang='lat' dir='ltr'><em>etiam</em></span> <span class='ocrx_word' id='word_1_751' title='bbox 1567 2969 1599 3002; x_wconf 92' lang='lat' dir='ltr'><em>in</em></span> <span class='ocrx_word' id='word_1_752' title='bbox 1606 2967 1668 3010; x_wconf 76' lang='lat' dir='ltr'><em>fiio</em></span> <span class='ocrx_word' id='word_1_753' title='bbox 1683 2965 1804 3002; x_wconf 68' lang='lat' dir='ltr'><em>leliulo</em></span> <span class='ocrx_word' id='word_1_754' title='bbox 1818 2968 1937 3002; x_wconf 88' lang='lat' dir='ltr'><em>mortis</em></span> <span class='ocrx_word' id='word_1_755' title='bbox 1945 2967 1978 3000; x_wconf 87' lang='lat' dir='ltr'><em>in</em></span> <span class='ocrx_word' id='word_1_756' title='bbox 1991 2964 2053 3008; x_wconf 88' lang='lat' dir='ltr'><em>suo</em></span> <span class='ocrx_word' id='word_1_757' title='bbox 2068 2964 2193 2998; x_wconf 76' lang='lat' dir='ltr'><em>condito</em></span> <span class='ocrx_word' id='word_1_758' title='bbox 2204 2985 2214 3002; x_wconf 67' lang='lat'><em>³</em></span> <span class='ocrx_word' id='word_1_759' title='bbox 2235 2963 2279 2998; x_wconf 54' lang='grc' dir='ltr'><em>Φ</em></span> <span class='ocrx_word' id='word_1_760' title='bbox 2293 2963 2404 3004; x_wconf 66' lang='lat' dir='ltr'><em>Regm</em></span> 
     </span>
     <span class='ocr_line' id='line_1_50' title="bbox 319 3007 2401 3064; baseline 0 -21"><span class='ocrx_word' id='word_1_761' title='bbox 319 3007 446 3043; x_wconf 80' lang='lat' dir='ltr'><em>tabulis</em></span> <span class='ocrx_word' id='word_1_762' title='bbox 460 3010 646 3043; x_wconf 70' lang='lat' dir='ltr'><em>‘Provincia</em></span> <span class='ocrx_word' id='word_1_763' title='bbox 664 3010 696 3043; x_wconf 91' lang='lat' dir='ltr'><em>in</em></span> <span class='ocrx_word' id='word_1_764' title='bbox 712 3010 828 3045; x_wconf 86' lang='lat' dir='ltr'><em>coloris</em></span> <span class='ocrx_word' id='word_1_765' title='bbox 839 3010 941 3047; x_wconf 86' lang='lat' dir='ltr'><em>olivci</em></span> <span class='ocrx_word' id='word_1_766' title='bbox 950 3017 1120 3063; x_wconf 76' lang='lat' dir='ltr'><em>Qaterno</em></span> <span class='ocrx_word' id='word_1_767' title='bbox 1134 3017 1341 3064; x_wconf 82' lang='lat' dir='ltr'><em>Emptionum</em></span> <span class='ocrx_word' id='word_1_768' title='bbox 1355 3024 1403 3052; x_wconf 61' lang='lat' dir='ltr'><em>A.</em></span> <span class='ocrx_word' id='word_1_769' title='bbox 1419 3021 1520 3062; x_wconf 86' lang='lat'>1653.</span> <span class='ocrx_word' id='word_1_770' title='bbox 1539 3027 1593 3061; x_wconf 89' lang='lat'><em>14.</em></span> <span class='ocrx_word' id='word_1_771' title='bbox 1608 3013 1799 3051; x_wconf 82' lang='lat' dir='ltr'><em>Decembris</em></span> <span class='ocrx_word' id='word_1_772' title='bbox 1809 3019 1846 3048; x_wconf 89' lang='lat' dir='ltr'><em>B.</em></span> <span class='ocrx_word' id='word_1_773' title='bbox 1864 3027 1876 3051; x_wconf 87' lang='lat'><strong>1</strong></span> <span class='ocrx_word' id='word_1_774' title='bbox 1884 3026 1918 3060; x_wconf 86' lang='lat'><em>3.</em></span> <span class='ocrx_word' id='word_1_775' title='bbox 1934 3016 2138 3059; x_wconf 84' lang='lat' dir='ltr'><em>incorporato</em></span> <span class='ocrx_word' id='word_1_776' title='bbox 2152 3008 2340 3049; x_wconf 78' lang='lat' dir='ltr'><em>testamento</em></span> <span class='ocrx_word' id='word_1_777' title='bbox 2355 3008 2401 3043; x_wconf 71' lang='grc' dir='ltr'><em>Θ</em></span> 
     </span>
     <span class='ocr_line' id='line_1_51' title="bbox 319 3053 2403 3112; baseline -0.003 -18"><span class='ocrx_word' id='word_1_778' title='bbox 319 3056 441 3091; x_wconf 85' lang='lat' dir='ltr'><em>ultima</em></span> <span class='ocrx_word' id='word_1_779' title='bbox 447 3055 670 3112; x_wconf 33' lang='lat' dir='ltr'><em>‘voluntatcw-</em></span> <span class='ocrx_word' id='word_1_780' title='bbox 685 3068 738 3091; x_wconf 85' lang='lat'><em>10·</em></span> <span class='ocrx_word' id='word_1_781' title='bbox 751 3059 849 3111; x_wconf 83' lang='lat' dir='ltr'><em>versu</em></span> <span class='ocrx_word' id='word_1_782' title='bbox 862 3059 983 3103; x_wconf 83' lang='lat' dir='ltr'><em>pariter</em></span> <span class='ocrx_word' id='word_1_783' title='bbox 997 3062 1173 3111; x_wconf 76' lang='lat' dir='ltr'><em>expressam</em></span> <span class='ocrx_word' id='word_1_784' title='bbox 1182 3067 1374 3102; x_wconf 90' lang='lat' dir='ltr'><em>mentionem</em></span> <span class='ocrx_word' id='word_1_785' title='bbox 1381 3066 1466 3109; x_wconf 85' lang='lat' dir='ltr'><em>fecit</em></span> <span class='ocrx_word' id='word_1_786' title='bbox 1480 3088 1490 3098; x_wconf 88' lang='lat'><strong>.</strong></span> <span class='ocrx_word' id='word_1_787' title='bbox 1504 3070 1675 3100; x_wconf 85' lang='lat' dir='ltr'><em>‘Praeterea</em></span> <span class='ocrx_word' id='word_1_788' title='bbox 1689 3065 1789 3099; x_wconf 87' lang='lat' dir='ltr'><em>etiam</em></span> <span class='ocrx_word' id='word_1_789' title='bbox 1804 3062 1972 3104; x_wconf 77' lang='lat' dir='ltr'><em>constantis</em></span> <span class='ocrx_word' id='word_1_790' title='bbox 1996 3060 2182 3095; x_wconf 87' lang='lat' dir='ltr'><em>intentionis</em></span> <span class='ocrx_word' id='word_1_791' title='bbox 2189 3055 2263 3100; x_wconf 83' lang='lat' dir='ltr'><em>fuit</em></span> <span class='ocrx_word' id='word_1_792' title='bbox 2276 3080 2286 3096; x_wconf 93' lang='lat'><strong>,</strong></span> <span class='ocrx_word' id='word_1_793' title='bbox 2310 3062 2349 3089; x_wconf 90' lang='lat' dir='ltr'><em>ut</em></span> <span class='ocrx_word' id='word_1_794' title='bbox 2361 3053 2403 3088; x_wconf 86' lang='lat' dir='ltr'><em>ad</em></span> 
     </span>
     <span class='ocr_line' id='line_1_52' title="bbox 316 3100 2405 3161; baseline -0.001 -9"><span class='ocrx_word' id='word_1_795' title='bbox 316 3105 404 3161; x_wconf 52' lang='grc' dir='ltr'><em>[θρίξ</em></span> <span class='ocrx_word' id='word_1_796' title='bbox 418 3104 540 3161; x_wconf 54' lang='grc' dir='ltr'><em>Α’,θκηῖ</em></span> <span class='ocrx_word' id='word_1_797' title='bbox 553 3109 730 3144; x_wconf 50' lang='grc' dir='ltr'><em>ὶακνῑῑΐωη</em></span> <span class='ocrx_word' id='word_1_798' title='bbox 746 3130 756 3147; x_wconf 72' lang='lat'><em>2</em></span> <span class='ocrx_word' id='word_1_799' title='bbox 778 3109 919 3152; x_wconf 77' lang='lat' dir='ltr'><em>ejusdem</em></span> <span class='ocrx_word' id='word_1_800' title='bbox 939 3113 1181 3156; x_wconf 81' lang='lat' dir='ltr'><em>appertinentia</em></span> <span class='ocrx_word' id='word_1_801' title='bbox 1192 3137 1204 3154; x_wconf 92' lang='lat'><strong>,</strong></span> <span class='ocrx_word' id='word_1_802' title='bbox 1230 3114 1487 3161; x_wconf 75' lang='lat' dir='ltr'><em>dispositionem,</em></span> <span class='ocrx_word' id='word_1_803' title='bbox 1509 3117 1552 3150; x_wconf 90' lang='grc' dir='ltr'><em>Θ</em></span> <span class='ocrx_word' id='word_1_804' title='bbox 1566 3114 1763 3148; x_wconf 89' lang='lat' dir='ltr'><em>dotationem</em></span> <span class='ocrx_word' id='word_1_805' title='bbox 1768 3110 1825 3157; x_wconf 89' lang='lat' dir='ltr'><em>jus</em></span> <span class='ocrx_word' id='word_1_806' title='bbox 1831 3116 2028 3159; x_wconf 79' lang='lat' dir='ltr'><em>patronatus</em></span> <span class='ocrx_word' id='word_1_807' title='bbox 2039 3133 2050 3149; x_wconf 72' lang='lat'>9</span> <span class='ocrx_word' id='word_1_808' title='bbox 2074 3108 2160 3155; x_wconf 73' lang='lat' dir='ltr'><em>apud</em></span> <span class='ocrx_word' id='word_1_809' title='bbox 2172 3104 2277 3153; x_wconf 64' lang='grc' dir='ltr'><em>ῬΟΡῑῙ</em></span> <span class='ocrx_word' id='word_1_810' title='bbox 2289 3121 2306 3130; x_wconf 90' lang='grc'>·</span> <span class='ocrx_word' id='word_1_811' title='bbox 2321 3100 2405 3138; x_wconf 73' lang='lat' dir='ltr'><em>L⁰b⁶</em></span> 
     </span>
     <span class='ocr_line' id='line_1_53' title="bbox 321 3153 2401 3209; baseline -0.004 -15"><span class='ocrx_word' id='word_1_812' title='bbox 321 3153 553 3198; x_wconf 65' lang='lat' dir='ltr'><em>lz9v¹t²²anam</em></span> <span class='ocrx_word' id='word_1_813' title='bbox 569 3159 706 3206; x_wconf 77' lang='lat' dir='ltr'><em>Domum</em></span> <span class='ocrx_word' id='word_1_814' title='bbox 719 3178 729 3194; x_wconf 76' lang='grc'><em>,</em></span> <span class='ocrx_word' id='word_1_815' title='bbox 752 3157 796 3191; x_wconf 75' lang='grc' dir='ltr'><em>Θ</em></span> <span class='ocrx_word' id='word_1_816' title='bbox 811 3157 941 3202; x_wconf 87' lang='lat' dir='ltr'><em>quidem</em></span> <span class='ocrx_word' id='word_1_817' title='bbox 955 3161 1074 3204; x_wconf 87' lang='lat' dir='ltr'><em>quavis</em></span> <span class='ocrx_word' id='word_1_818' title='bbox 1087 3162 1162 3195; x_wconf 87' lang='lat' dir='ltr'><em>vice</em></span> <span class='ocrx_word' id='word_1_819' title='bbox 1177 3185 1187 3200; x_wconf 89' lang='lat'>‚</span> <span class='ocrx_word' id='word_1_820' title='bbox 1208 3164 1294 3209; x_wconf 90' lang='lat' dir='ltr'><em>apud</em></span> <span class='ocrx_word' id='word_1_821' title='bbox 1304 3164 1468 3198; x_wconf 75' lang='lat' dir='ltr'><em>seniorem</em></span> <span class='ocrx_word' id='word_1_822' title='bbox 1495 3159 1592 3206; x_wconf 84' lang='lat' dir='ltr'><em>hujus</em></span> <span class='ocrx_word' id='word_1_823' title='bbox 1603 3157 1752 3195; x_wconf 81' lang='lat' dir='ltr'><em>Familiae</em></span> <span class='ocrx_word' id='word_1_824' title='bbox 1764 3183 1774 3200; x_wconf 93' lang='lat'><strong>,</strong></span> <span class='ocrx_word' id='word_1_825' title='bbox 1790 3162 1834 3196; x_wconf 90' lang='grc' dir='ltr'><em>Θ</em></span> <span class='ocrx_word' id='word_1_826' title='bbox 1844 3158 1886 3194; x_wconf 84' lang='lat' dir='ltr'><em>ab</em></span> <span class='ocrx_word' id='word_1_827' title='bbox 1900 3158 1961 3193; x_wconf 92' lang='lat' dir='ltr'><em>illa</em></span> <span class='ocrx_word' id='word_1_828' title='bbox 1975 3156 2180 3200; x_wconf 85' lang='lat' dir='ltr'><em>descendente</em></span> <span class='ocrx_word' id='word_1_829' title='bbox 2196 3154 2281 3189; x_wconf 83' lang='lat' dir='ltr'><em>linea</em></span> <span class='ocrx_word' id='word_1_830' title='bbox 2294 3161 2401 3187; x_wconf 84' lang='lat' dir='ltr'><em>rema-</em></span> 
     </span>
     <span class='ocr_line' id='line_1_54' title="bbox 321 3197 2401 3257; baseline -0.004 -15"><span class='ocrx_word' id='word_1_831' title='bbox 321 3213 398 3236; x_wconf 70' lang='lat' dir='ltr'><em>nere</em></span> <span class='ocrx_word' id='word_1_832' title='bbox 417 3198 534 3257; x_wconf 48' lang='lat' dir='ltr'><em>debeas</em></span> <span class='ocrx_word' id='word_1_833' title='bbox 544 3225 556 3242; x_wconf 73' lang='lat'><em>2</em></span> <span class='ocrx_word' id='word_1_834' title='bbox 576 3205 620 3238; x_wconf 72' lang='grc' dir='ltr'><em>Θ</em></span> <span class='ocrx_word' id='word_1_835' title='bbox 639 3212 712 3248; x_wconf 78' lang='lat' dir='ltr'><em>jam</em></span> <span class='ocrx_word' id='word_1_836' title='bbox 731 3204 851 3239; x_wconf 83' lang='lat' dir='ltr'><em>dudum</em></span> <span class='ocrx_word' id='word_1_837' title='bbox 875 3204 956 3239; x_wconf 88' lang='lat' dir='ltr'><em>hanc</em></span> <span class='ocrx_word' id='word_1_838' title='bbox 979 3205 1093 3244; x_wconf 86' lang='lat' dir='ltr'><em>bonam</em></span> <span class='ocrx_word' id='word_1_839' title='bbox 1119 3208 1326 3246; x_wconf 87' lang='lat' dir='ltr'><em>voluntatem</em></span> <span class='ocrx_word' id='word_1_840' title='bbox 1350 3211 1429 3247; x_wconf 85' lang='lat' dir='ltr'><em>olim</em></span> <span class='ocrx_word' id='word_1_841' title='bbox 1461 3207 1688 3253; x_wconf 81' lang='lat' dir='ltr'><em>Illustriffi&#39;mus</em></span> <span class='ocrx_word' id='word_1_842' title='bbox 1711 3214 1752 3243; x_wconf 86' lang='lat' dir='ltr'><em>D.</em></span> <span class='ocrx_word' id='word_1_843' title='bbox 1767 3214 1807 3243; x_wconf 88' lang='lat' dir='ltr'><em>D.</em></span> <span class='ocrx_word' id='word_1_844' title='bbox 1823 3205 2058 3253; x_wconf 73' lang='lat' dir='ltr'><em>christophorus</em></span> <span class='ocrx_word' id='word_1_845' title='bbox 2067 3203 2282 3240; x_wconf 80' lang='lat' dir='ltr'><em>Ferdinandus</em></span> <span class='ocrx_word' id='word_1_846' title='bbox 2296 3197 2401 3246; x_wconf 69' lang='lat' dir='ltr'><em>‘popel</em></span> 
     </span>
     <span class='ocr_line' id='line_1_55' title="bbox 320 3247 2397 3307; baseline -0.003 -17"><span class='ocrx_word' id='word_1_847' title='bbox 320 3251 360 3285; x_wconf 72' lang='lat' dir='ltr'><em>de</em></span> <span class='ocrx_word' id='word_1_848' title='bbox 373 3247 568 3294; x_wconf 59' lang='lat' dir='ltr'><em>LOthtz,</em></span> <span class='ocrx_word' id='word_1_849' title='bbox 581 3254 757 3306; x_wconf 68' lang='lat' dir='ltr'><em>Supremas</em></span> <span class='ocrx_word' id='word_1_850' title='bbox 770 3254 956 3289; x_wconf 74' lang='lat' dir='ltr'><em>Provincia</em></span> <span class='ocrx_word' id='word_1_851' title='bbox 971 3257 1152 3300; x_wconf 67' lang='lat' dir='ltr'><em>&#39;I’raeseltus</em></span> <span class='ocrx_word' id='word_1_852' title='bbox 1163 3258 1308 3294; x_wconf 62' lang='lat' dir='ltr'><em>Anticus</em></span> <span class='ocrx_word' id='word_1_853' title='bbox 1317 3260 1350 3296; x_wconf 92' lang='lat' dir='ltr'><em>in</em></span> <span class='ocrx_word' id='word_1_854' title='bbox 1364 3265 1469 3307; x_wconf 71' lang='lat' dir='ltr'><em>Regno</em></span> <span class='ocrx_word' id='word_1_855' title='bbox 1482 3258 1723 3298; x_wconf 83' lang='lat' dir='ltr'><em>Boemiae‚meus</em></span> <span class='ocrx_word' id='word_1_856' title='bbox 1735 3257 1890 3291; x_wconf 85' lang='lat' dir='ltr'><em>Dominus</em></span> <span class='ocrx_word' id='word_1_857' title='bbox 1910 3261 2049 3294; x_wconf 78' lang='lat' dir='ltr'><em>Pareiis,</em></span> <span class='ocrx_word' id='word_1_858' title='bbox 2064 3262 2220 3300; x_wconf 88' lang='lat' dir='ltr'><em>tanquam</em></span> <span class='ocrx_word' id='word_1_859' title='bbox 2237 3249 2315 3286; x_wconf 89' lang='lat' dir='ltr'><em>olim</em></span> <span class='ocrx_word' id='word_1_860' title='bbox 2329 3253 2397 3303; x_wconf 64' lang='lat' dir='ltr'><em>Dp-</em></span> 
     </span>
     <span class='ocr_line' id='line_1_56' title="bbox 323 3298 2398 3355; baseline -0.003 -14"><span class='ocrx_word' id='word_1_861' title='bbox 323 3300 418 3355; x_wconf 58' lang='lat' dir='ltr'><em>fm&#39;nae</em></span> <span class='ocrx_word' id='word_1_862' title='bbox 428 3299 632 3354; x_wconf 54' lang='lat' dir='ltr'><em>fundatrms</em></span> <span class='ocrx_word' id='word_1_863' title='bbox 640 3298 749 3341; x_wconf 62' lang='lat' dir='ltr'><em>filius&gt;</em></span> <span class='ocrx_word' id='word_1_864' title='bbox 758 3301 889 3346; x_wconf 65' lang='lat' dir='ltr'><em>primus</em></span> <span class='ocrx_word' id='word_1_865' title='bbox 897 3306 1069 3349; x_wconf 82' lang='lat' dir='ltr'><em>proximus</em></span> <span class='ocrx_word' id='word_1_866' title='bbox 1090 3305 1192 3343; x_wconf 86' lang='lat' dir='ltr'><em>haeres</em></span> <span class='ocrx_word' id='word_1_867' title='bbox 1204 3331 1213 3346; x_wconf 87' lang='lat'><strong><em>‚</em></strong></span> <span class='ocrx_word' id='word_1_868' title='bbox 1236 3310 1280 3344; x_wconf 86' lang='grc' dir='ltr'><em>Θ</em></span> <span class='ocrx_word' id='word_1_869' title='bbox 1302 3320 1337 3343; x_wconf 80' lang='lat' dir='ltr'><em>eo</em></span> <span class='ocrx_word' id='word_1_870' title='bbox 1350 3316 1494 3355; x_wconf 86' lang='lat' dir='ltr'><em>tempore</em></span> <span class='ocrx_word' id='word_1_871' title='bbox 1508 3308 1620 3341; x_wconf 85' lang='lat' dir='ltr'><em>Senior</em></span> <span class='ocrx_word' id='word_1_872' title='bbox 1634 3302 2193 3352; x_wconf 56' lang='lat' dir='ltr'><em>Popel-Lonvitzianistemmatis</em></span> <span class='ocrx_word' id='word_1_873' title='bbox 2203 3324 2213 3340; x_wconf 92' lang='lat'><strong>,</strong></span> <span class='ocrx_word' id='word_1_874' title='bbox 2237 3298 2374 3335; x_wconf 78' lang='lat' dir='ltr'><em>nominis</em></span> <span class='ocrx_word' id='word_1_875' title='bbox 2386 3318 2398 3334; x_wconf 75' lang='lat'>2</span> 
     </span>
     <span class='ocr_line' id='line_1_57' title="bbox 321 3345 2398 3435; baseline -0.001 -45"><span class='ocrx_word' id='word_1_876' title='bbox 321 3345 449 3392; x_wconf 72' lang='lat' dir='ltr'><strong><em>¹nfign¹5</em></strong></span> <span class='ocrx_word' id='word_1_877' title='bbox 461 3369 471 3385; x_wconf 75' lang='grc' dir='ltr'><strong>ι</strong></span> <span class='ocrx_word' id='word_1_878' title='bbox 494 3345 651 3393; x_wconf 63' lang='lat' dir='ltr'><em>&amp;galeae</em></span> <span class='ocrx_word' id='word_1_879' title='bbox 662 3372 672 3388; x_wconf 71' lang='lat'><em>2</em></span> <span class='ocrx_word' id='word_1_880' title='bbox 687 3352 730 3386; x_wconf 80' lang='grc' dir='ltr'><em>Θ</em></span> <span class='ocrx_word' id='word_1_881' title='bbox 744 3349 971 3397; x_wconf 86' lang='lat' dir='ltr'><em>consequenter</em></span> <span class='ocrx_word' id='word_1_882' title='bbox 977 3353 1046 3396; x_wconf 76' lang='lat' dir='ltr'><em>sua</em></span> <span class='ocrx_word' id='word_1_883' title='bbox 1060 3354 1223 3398; x_wconf 71' lang='lat' dir='ltr'><em>Defunbtae</em></span> <span class='ocrx_word' id='word_1_884' title='bbox 1239 3354 1406 3392; x_wconf 88' lang='lat' dir='ltr'><em>D.Matris</em></span> <span class='ocrx_word' id='word_1_885' title='bbox 1418 3355 1533 3393; x_wconf 89' lang='lat' dir='ltr'><em>bonam</em></span> <span class='ocrx_word' id='word_1_886' title='bbox 1549 3355 1760 3391; x_wconf 84' lang='lat' dir='ltr'><em>intentionem</em></span> <span class='ocrx_word' id='word_1_887' title='bbox 1774 3378 1784 3394; x_wconf 95' lang='lat'>,</span> <span class='ocrx_word' id='word_1_888' title='bbox 1809 3355 1851 3387; x_wconf 86' lang='lat' dir='ltr'><em>ad</em></span> <span class='ocrx_word' id='word_1_889' title='bbox 1861 3354 1992 3402; x_wconf 84' lang='lat' dir='ltr'><em>plenum</em></span> <span class='ocrx_word' id='word_1_890' title='bbox 2008 3377 2017 3393; x_wconf 91' lang='lat'>,</span> <span class='ocrx_word' id='word_1_891' title='bbox 2029 3351 2190 3386; x_wconf 64' lang='lat' dir='ltr'><em>actualem</em></span> <span class='ocrx_word' id='word_1_892' title='bbox 2202 3372 2213 3388; x_wconf 75' lang='lat'><em>2</em></span> <span class='ocrx_word' id='word_1_893' title='bbox 2228 3350 2271 3384; x_wconf 55' lang='grc' dir='ltr'><em>θ</em></span> <span class='ocrx_word' id='word_1_894' title='bbox 2281 3352 2398 3435; x_wconf 55' lang='lat' dir='ltr'>PfVe·</span> 
     </span>
     <span class='ocr_line' id='line_1_58' title="bbox 320 3393 2398 3452; baseline -0.004 -19"><span class='ocrx_word' id='word_1_895' title='bbox 320 3402 412 3450; x_wconf 66' lang='lat' dir='ltr'><em>tuum</em></span> <span class='ocrx_word' id='word_1_896' title='bbox 425 3393 741 3452; x_wconf 40' lang='lat' dir='ltr'><em>fielium-deducere</em></span> <span class='ocrx_word' id='word_1_897' title='bbox 754 3421 764 3438; x_wconf 90' lang='lat'>‚</span> <span class='ocrx_word' id='word_1_898' title='bbox 789 3405 900 3434; x_wconf 78' lang='lat' dir='ltr'><em>tenore</em></span> <span class='ocrx_word' id='word_1_899' title='bbox 913 3401 1007 3435; x_wconf 90' lang='lat' dir='ltr'><em>unius</em></span> <span class='ocrx_word' id='word_1_900' title='bbox 1020 3403 1052 3437; x_wconf 91' lang='lat' dir='ltr'><em>in</em></span> <span class='ocrx_word' id='word_1_901' title='bbox 1060 3404 1253 3448; x_wconf 82' lang='lat' dir='ltr'><em>suofirinio</em></span> <span class='ocrx_word' id='word_1_902' title='bbox 1276 3405 1400 3452; x_wconf 86' lang='lat' dir='ltr'><em>reperti</em></span> <span class='ocrx_word' id='word_1_903' title='bbox 1413 3429 1423 3445; x_wconf 91' lang='lat'>‚</span> <span class='ocrx_word' id='word_1_904' title='bbox 1449 3406 1586 3451; x_wconf 88' lang='lat' dir='ltr'><em>propria</em></span> <span class='ocrx_word' id='word_1_905' title='bbox 1597 3414 1694 3439; x_wconf 90' lang='lat' dir='ltr'><em>manu</em></span> <span class='ocrx_word' id='word_1_906' title='bbox 1705 3401 1844 3438; x_wconf 66' lang='lat' dir='ltr'><em>correbti·</em></span> <span class='ocrx_word' id='word_1_907' title='bbox 1863 3400 2000 3437; x_wconf 84' lang='lat' dir='ltr'><em>articuli</em></span> <span class='ocrx_word' id='word_1_908' title='bbox 2013 3397 2110 3445; x_wconf 90' lang='lat' dir='ltr'><em>hujus</em></span> <span class='ocrx_word' id='word_1_909' title='bbox 2121 3403 2309 3432; x_wconf 80' lang='lat' dir='ltr'><em>Lauretaicae</em></span> <span class='ocrx_word' id='word_1_910' title='bbox 2339 3403 2398 3426; x_wconf 78' lang='lat' dir='ltr'><em>un·</em></span> 
     </span>
     <span class='ocr_line' id='line_1_59' title="bbox 320 3443 2397 3500; baseline -0.002 -18"><span class='ocrx_word' id='word_1_911' title='bbox 320 3444 461 3497; x_wconf 61' lang='lat' dir='ltr'><em>dathnts</em></span> <span class='ocrx_word' id='word_1_912' title='bbox 486 3443 617 3499; x_wconf 67' lang='lat' dir='ltr'><em>voluit,</em></span> <span class='ocrx_word' id='word_1_913' title='bbox 637 3446 764 3481; x_wconf 83' lang='lat' dir='ltr'><em>interea</em></span> <span class='ocrx_word' id='word_1_914' title='bbox 787 3454 897 3483; x_wconf 89' lang='lat' dir='ltr'><em>autem</em></span> <span class='ocrx_word' id='word_1_915' title='bbox 924 3458 1028 3484; x_wconf 88' lang='lat' dir='ltr'><em>morte</em></span> <span class='ocrx_word' id='word_1_916' title='bbox 1057 3452 1179 3497; x_wconf 81' lang='lat' dir='ltr'><em>deceffi&#39;t</em></span> <span class='ocrx_word' id='word_1_917' title='bbox 1194 3475 1204 3486; x_wconf 86' lang='grc'><strong>.</strong></span> <span class='ocrx_word' id='word_1_918' title='bbox 1232 3452 1463 3500; x_wconf 66' lang='lat' dir='ltr'><em>‘Nihilominus</em></span> <span class='ocrx_word' id='word_1_919' title='bbox 1489 3461 1563 3488; x_wconf 87' lang='lat' dir='ltr'><em>ante</em></span> <span class='ocrx_word' id='word_1_920' title='bbox 1589 3452 1686 3497; x_wconf 82' lang='lat' dir='ltr'><em>suum</em></span> <span class='ocrx_word' id='word_1_921' title='bbox 1697 3449 1823 3487; x_wconf 85' lang='lat' dir='ltr'><em>obitum</em></span> <span class='ocrx_word' id='word_1_922' title='bbox 1846 3450 1905 3485; x_wconf 88' lang='lat' dir='ltr'><em>hoc</em></span> <span class='ocrx_word' id='word_1_923' title='bbox 1921 3447 2064 3495; x_wconf 85' lang='lat' dir='ltr'><em>Capitale</em></span> <span class='ocrx_word' id='word_1_924' title='bbox 2076 3446 2204 3482; x_wconf 86' lang='lat' dir='ltr'><em>virtute</em></span> <span class='ocrx_word' id='word_1_925' title='bbox 2212 3443 2328 3487; x_wconf 70' lang='lat' dir='ltr'><em>fabia,</em></span> <span class='ocrx_word' id='word_1_926' title='bbox 2351 3443 2397 3477; x_wconf 84' lang='grc' dir='ltr'><em>Θ</em></span> 
     </span>
     <span class='ocr_line' id='line_1_60' title="bbox 319 3488 2400 3545; baseline -0.002 -19"><span class='ocrx_word' id='word_1_927' title='bbox 319 3492 432 3537; x_wconf 70' lang='lat' dir='ltr'><em>Regiis</em></span> <span class='ocrx_word' id='word_1_928' title='bbox 449 3492 633 3528; x_wconf 74' lang='lat' dir='ltr'><em>Provincia</em></span> <span class='ocrx_word' id='word_1_929' title='bbox 649 3492 784 3529; x_wconf 84' lang='lat' dir='ltr'><em>Tabulis</em></span> <span class='ocrx_word' id='word_1_930' title='bbox 795 3496 827 3530; x_wconf 90' lang='lat' dir='ltr'><em>in</em></span> <span class='ocrx_word' id='word_1_931' title='bbox 835 3495 933 3540; x_wconf 72' lang='lat' dir='ltr'><em>J‘exto</em></span> <span class='ocrx_word' id='word_1_932' title='bbox 946 3498 1051 3533; x_wconf 90' lang='lat' dir='ltr'><em>viridi</em></span> <span class='ocrx_word' id='word_1_933' title='bbox 1065 3509 1223 3545; x_wconf 82' lang='lat' dir='ltr'><em>quaterno</em></span> <span class='ocrx_word' id='word_1_934' title='bbox 1237 3503 1498 3537; x_wconf 73' lang='lat' dir='ltr'><em>recordationum</em></span> <span class='ocrx_word' id='word_1_935' title='bbox 1512 3503 1651 3543; x_wconf 67' lang='lat' dir='ltr'><em>An.165</em></span> <span class='ocrx_word' id='word_1_936' title='bbox 1658 3502 1691 3534; x_wconf 88' lang='lat'><em>6.</em></span> <span class='ocrx_word' id='word_1_937' title='bbox 1711 3498 1763 3532; x_wconf 89' lang='lat' dir='ltr'><em>die</em></span> <span class='ocrx_word' id='word_1_938' title='bbox 1778 3497 1917 3534; x_wconf 82' lang='lat' dir='ltr'><em>Sabathi</em></span> <span class='ocrx_word' id='word_1_939' title='bbox 1929 3521 1939 3537; x_wconf 88' lang='lat'><strong>,</strong></span> <span class='ocrx_word' id='word_1_940' title='bbox 1953 3498 1985 3530; x_wconf 92' lang='lat' dir='ltr'><em>in</em></span> <span class='ocrx_word' id='word_1_941' title='bbox 2001 3496 2118 3530; x_wconf 65' lang='lat' dir='ltr'><em>ofiava</em></span> <span class='ocrx_word' id='word_1_942' title='bbox 2135 3493 2245 3527; x_wconf 62' lang='lat' dir='ltr'><em>santii</em></span> <span class='ocrx_word' id='word_1_943' title='bbox 2258 3488 2400 3526; x_wconf 80' lang='lat' dir='ltr'><em>Martini</em></span> 
     </span>
     <span class='ocr_line' id='line_1_61' title="bbox 324 3536 2398 3593; baseline -0.002 -17"><span class='ocrx_word' id='word_1_944' title='bbox 324 3551 338 3576; x_wconf 81' lang='lat'><strong>1</strong></span> <span class='ocrx_word' id='word_1_945' title='bbox 349 3541 380 3575; x_wconf 89' lang='lat'><em>8·</em></span> <span class='ocrx_word' id='word_1_946' title='bbox 393 3539 667 3586; x_wconf 68' lang='lat' dir='ltr'><em>‘Novembrisfiib</em></span> <span class='ocrx_word' id='word_1_947' title='bbox 683 3545 782 3578; x_wconf 87' lang='lat' dir='ltr'><em>Lit.C.</em></span> <span class='ocrx_word' id='word_1_948' title='bbox 799 3546 854 3578; x_wconf 86' lang='lat'><em>28.</em></span> <span class='ocrx_word' id='word_1_949' title='bbox 871 3554 1081 3592; x_wconf 76' lang='lat' dir='ltr'><em>incorporata</em></span> <span class='ocrx_word' id='word_1_950' title='bbox 1093 3548 1332 3593; x_wconf 67' lang='lat' dir='ltr'><em>transabiionis‚</em></span> <span class='ocrx_word' id='word_1_951' title='bbox 1347 3561 1418 3585; x_wconf 82' lang='lat' dir='ltr'><em>cum</em></span> <span class='ocrx_word' id='word_1_952' title='bbox 1432 3550 1510 3585; x_wconf 89' lang='lat' dir='ltr'><em>olim</em></span> <span class='ocrx_word' id='word_1_953' title='bbox 1529 3543 1796 3590; x_wconf 80' lang='lat' dir='ltr'><em>Excellentiffimo</em></span> <span class='ocrx_word' id='word_1_954' title='bbox 1809 3553 1848 3581; x_wconf 88' lang='lat' dir='ltr'><em>D.</em></span> <span class='ocrx_word' id='word_1_955' title='bbox 1864 3546 1903 3580; x_wconf 87' lang='lat' dir='ltr'><em>de</em></span> <span class='ocrx_word' id='word_1_956' title='bbox 1917 3542 2038 3591; x_wconf 58' lang='lat' dir='ltr'><em>chal</em></span> <span class='ocrx_word' id='word_1_957' title='bbox 2049 3566 2060 3583; x_wconf 91' lang='lat'><strong>,</strong></span> <span class='ocrx_word' id='word_1_958' title='bbox 2075 3542 2242 3578; x_wconf 66' lang='lat' dir='ltr'><em>Prndium</em></span> <span class='ocrx_word' id='word_1_959' title='bbox 2260 3536 2398 3581; x_wconf 66' lang='lat' dir='ltr'><em>‘Possko-</em></span> 
     </span>
     <span class='ocr_line' id='line_1_62' title="bbox 321 3584 2399 3644; baseline -0.002 -20"><span class='ocrx_word' id='word_1_960' title='bbox 321 3588 400 3624; x_wconf 84' lang='lat' dir='ltr'><em>vitz</em></span> <span class='ocrx_word' id='word_1_961' title='bbox 423 3586 465 3622; x_wconf 90' lang='lat' dir='ltr'><em>ab</em></span> <span class='ocrx_word' id='word_1_962' title='bbox 490 3588 634 3644; x_wconf 74' lang='lat' dir='ltr'><em>omnibus</em></span> <span class='ocrx_word' id='word_1_963' title='bbox 654 3592 757 3628; x_wconf 89' lang='lat' dir='ltr'><em>eidem</em></span> <span class='ocrx_word' id='word_1_964' title='bbox 780 3592 1019 3629; x_wconf 84' lang='lat' dir='ltr'><em>adhaerentibus</em></span> <span class='ocrx_word' id='word_1_965' title='bbox 1031 3597 1247 3644; x_wconf 75' lang='lat' dir='ltr'><em>Hypothecis‚</em></span> <span class='ocrx_word' id='word_1_966' title='bbox 1268 3597 1441 3635; x_wconf 72' lang='lat' dir='ltr'><em>&amp;debitis</em></span> <span class='ocrx_word' id='word_1_967' title='bbox 1455 3596 1649 3636; x_wconf 77' lang='lat' dir='ltr'><em>mundavit,</em></span> <span class='ocrx_word' id='word_1_968' title='bbox 1670 3597 1714 3631; x_wconf 70' lang='grc' dir='ltr'><em>Θ</em></span> <span class='ocrx_word' id='word_1_969' title='bbox 1729 3606 1768 3630; x_wconf 86' lang='lat' dir='ltr'><em>ea</em></span> <span class='ocrx_word' id='word_1_970' title='bbox 1779 3596 1818 3631; x_wconf 79' lang='lat' dir='ltr'><em>de</em></span> <span class='ocrx_word' id='word_1_971' title='bbox 1831 3594 1926 3637; x_wconf 74' lang='lat' dir='ltr'><em>causa</em></span> <span class='ocrx_word' id='word_1_972' title='bbox 1949 3593 1992 3626; x_wconf 92' lang='lat' dir='ltr'><em>ad</em></span> <span class='ocrx_word' id='word_1_973' title='bbox 2001 3596 2218 3626; x_wconf 85' lang='lat' dir='ltr'><em>Lauretanam</em></span> <span class='ocrx_word' id='word_1_974' title='bbox 2235 3584 2399 3633; x_wconf 83' lang='lat' dir='ltr'><em>Capellam</em></span> 
     </span>
     <span class='ocr_line' id='line_1_63' title="bbox 316 3632 2399 3689; baseline -0 -19"><span class='ocrx_word' id='word_1_975' title='bbox 316 3635 458 3680; x_wconf 83' lang='lat' dir='ltr'><em>fundata</em></span> <span class='ocrx_word' id='word_1_976' title='bbox 468 3638 594 3683; x_wconf 86' lang='lat' dir='ltr'><em>viginti</em></span> <span class='ocrx_word' id='word_1_977' title='bbox 602 3639 709 3674; x_wconf 78' lang='lat' dir='ltr'><em>millia</em></span> <span class='ocrx_word' id='word_1_978' title='bbox 715 3639 916 3685; x_wconf 84' lang='lat' dir='ltr'><em>florenorum</em></span> <span class='ocrx_word' id='word_1_979' title='bbox 929 3643 1153 3689; x_wconf 74' lang='lat' dir='ltr'><em>Rhenanorum</em></span> <span class='ocrx_word' id='word_1_980' title='bbox 1165 3643 1187 3681; x_wconf 78' lang='lat' dir='ltr'><em>d</em></span> <span class='ocrx_word' id='word_1_981' title='bbox 1199 3647 1394 3683; x_wconf 70' lang='lat' dir='ltr'><em>mentionata</em></span> <span class='ocrx_word' id='word_1_982' title='bbox 1410 3646 1540 3685; x_wconf 80' lang='lat' dir='ltr'><em>&#39;Praedio</em></span> <span class='ocrx_word' id='word_1_983' title='bbox 1551 3643 1744 3689; x_wconf 69' lang='lat' dir='ltr'><em>Posskqvitz</em></span> <span class='ocrx_word' id='word_1_984' title='bbox 1756 3642 1902 3686; x_wconf 79' lang='lat' dir='ltr'><em>abstulit,</em></span> <span class='ocrx_word' id='word_1_985' title='bbox 1918 3654 1956 3676; x_wconf 91' lang='lat' dir='ltr'><em>ac</em></span> <span class='ocrx_word' id='word_1_986' title='bbox 1970 3641 2012 3676; x_wconf 82' lang='lat' dir='ltr'><em>ad</em></span> <span class='ocrx_word' id='word_1_987' title='bbox 2022 3637 2215 3676; x_wconf 87' lang='lat' dir='ltr'><em>Dominium</em></span> <span class='ocrx_word' id='word_1_988' title='bbox 2231 3632 2399 3684; x_wconf 83' lang='lat' dir='ltr'><em>Byli&#39;nense</em></span> 
     </span>
     <span class='ocr_line' id='line_1_64' title="bbox 324 3683 2406 3736; baseline 0.003 -17"><span class='ocrx_word' id='word_1_989' title='bbox 324 3683 491 3726; x_wconf 80' lang='lat' dir='ltr'><em>transtulit</em></span> <span class='ocrx_word' id='word_1_990' title='bbox 501 3708 510 3725; x_wconf 87' lang='lat'>‚</span> <span class='ocrx_word' id='word_1_991' title='bbox 532 3689 575 3722; x_wconf 86' lang='grc' dir='ltr'><em>Θ</em></span> <span class='ocrx_word' id='word_1_992' title='bbox 590 3687 623 3721; x_wconf 90' lang='lat' dir='ltr'><em>in</em></span> <span class='ocrx_word' id='word_1_993' title='bbox 639 3687 696 3722; x_wconf 90' lang='lat' dir='ltr'><em>illo</em></span> <span class='ocrx_word' id='word_1_994' title='bbox 707 3689 939 3736; x_wconf 81' lang='lat' dir='ltr'><em>hypothecavit</em></span> <span class='ocrx_word' id='word_1_995' title='bbox 950 3714 959 3725; x_wconf 90' lang='lat'><em>.</em></span> <span class='ocrx_word' id='word_1_996' title='bbox 2355 3710 2358 3712; x_wconf 39' lang='lat' dir='ltr'><em>v</em></span> <span class='ocrx_word' id='word_1_997' title='bbox 2402 3705 2406 3710; x_wconf 96' lang='lat'><em>·</em></span> 
     </span>
     <span class='ocr_line' id='line_1_65' title="bbox 356 3730 2396 3792; baseline -0.007 -12"><span class='ocrx_word' id='word_1_998' title='bbox 356 3782 363 3791; x_wconf 64' lang='grc'><strong>,</strong></span> <span class='ocrx_word' id='word_1_999' title='bbox 421 3738 468 3767; x_wconf 67' lang='lat' dir='ltr'><em>Ea</em></span> <span class='ocrx_word' id='word_1_1000' title='bbox 481 3741 615 3790; x_wconf 63' lang='lat' dir='ltr'><em>Pr⁰ptf⁷</em></span> <span class='ocrx_word' id='word_1_1001' title='bbox 628 3737 758 3773; x_wconf 80' lang='lat' dir='ltr'><em>virtute</em></span> <span class='ocrx_word' id='word_1_1002' title='bbox 771 3738 887 3774; x_wconf 86' lang='lat' dir='ltr'><em>horum</em></span> <span class='ocrx_word' id='word_1_1003' title='bbox 897 3749 958 3787; x_wconf 89' lang='lat' dir='ltr'><em>pro</em></span> <span class='ocrx_word' id='word_1_1004' title='bbox 975 3746 1164 3789; x_wconf 79' lang='lat' dir='ltr'><em>exequenda</em></span> <span class='ocrx_word' id='word_1_1005' title='bbox 1183 3752 1440 3792; x_wconf 84' lang='lat' dir='ltr'><em>praememoratae</em></span> <span class='ocrx_word' id='word_1_1006' title='bbox 1453 3743 1596 3780; x_wconf 87' lang='lat' dir='ltr'><em>Dominae</em></span> <span class='ocrx_word' id='word_1_1007' title='bbox 1607 3747 1648 3778; x_wconf 89' lang='lat' dir='ltr'><em>D.</em></span> <span class='ocrx_word' id='word_1_1008' title='bbox 1663 3742 1809 3788; x_wconf 83' lang='lat' dir='ltr'><em>Benignae</em></span> <span class='ocrx_word' id='word_1_1009' title='bbox 1821 3740 1999 3776; x_wconf 85' lang='lat' dir='ltr'><em>Catharinae</em></span> <span class='ocrx_word' id='word_1_1010' title='bbox 2015 3736 2200 3785; x_wconf 83' lang='lat' dir='ltr'><em>‘Popelianae</em></span> <span class='ocrx_word' id='word_1_1011' title='bbox 2218 3736 2256 3771; x_wconf 89' lang='lat' dir='ltr'><em>de</em></span> <span class='ocrx_word' id='word_1_1012' title='bbox 2272 3730 2396 3774; x_wconf 67' lang='lat' dir='ltr'><em>Lobko·</em></span> 
     </span>
     <span class='ocr_line' id='line_1_66' title="bbox 323 3780 2398 3840; baseline -0.003 -17"><span class='ocrx_word' id='word_1_1013' title='bbox 323 3789 401 3818; x_wconf 73' lang='lat' dir='ltr'><em>vltz</em></span> <span class='ocrx_word' id='word_1_1014' title='bbox 421 3806 431 3823; x_wconf 72' lang='lat'><em>2</em></span> <span class='ocrx_word' id='word_1_1015' title='bbox 459 3784 502 3818; x_wconf 54' lang='grc' dir='ltr'><em>θ</em></span> <span class='ocrx_word' id='word_1_1016' title='bbox 517 3793 580 3816; x_wconf 68' lang='lat' dir='ltr'><em>mel</em></span> <span class='ocrx_word' id='word_1_1017' title='bbox 595 3788 633 3816; x_wconf 86' lang='lat' dir='ltr'><em>D·</em></span> <span class='ocrx_word' id='word_1_1018' title='bbox 650 3788 804 3820; x_wconf 81' lang='lat' dir='ltr'><em>Parentis</em></span> <span class='ocrx_word' id='word_1_1019' title='bbox 818 3788 993 3824; x_wconf 87' lang='lat' dir='ltr'><em>intentione</em></span> <span class='ocrx_word' id='word_1_1020' title='bbox 1013 3798 1072 3836; x_wconf 85' lang='lat' dir='ltr'><em>per</em></span> <span class='ocrx_word' id='word_1_1021' title='bbox 1084 3793 1143 3828; x_wconf 87' lang='lat' dir='ltr'><em>hoc</em></span> <span class='ocrx_word' id='word_1_1022' title='bbox 1156 3791 1328 3840; x_wconf 87' lang='lat' dir='ltr'><em>publicum</em></span> <span class='ocrx_word' id='word_1_1023' title='bbox 1348 3793 1591 3834; x_wconf 82' lang='lat' dir='ltr'><em>instrumentum</em></span> <span class='ocrx_word' id='word_1_1024' title='bbox 1611 3791 1813 3826; x_wconf 84' lang='lat' dir='ltr'><em>mentionata</em></span> <span class='ocrx_word' id='word_1_1025' title='bbox 1829 3789 1925 3836; x_wconf 91' lang='lat' dir='ltr'><em>prius</em></span> <span class='ocrx_word' id='word_1_1026' title='bbox 1939 3786 2167 3831; x_wconf 47' lang='lat' dir='ltr'><em>‘Posslgovitzio</em></span> <span class='ocrx_word' id='word_1_1027' title='bbox 2182 3780 2372 3820; x_wconf 76' lang='lat' dir='ltr'><em>inhaercntia</em></span> <span class='ocrx_word' id='word_1_1028' title='bbox 2387 3801 2398 3817; x_wconf 75' lang='lat'><em>2</em></span> 
     </span>
    </p>
   </div>
   <div class='ocr_carea' id='block_1_6' title="bbox 317 3828 2399 3916">
    <p class='ocr_par' dir='ltr' id='par_1_7' title="bbox 317 3828 2399 3916">
     <span class='ocr_line' id='line_1_67' title="bbox 317 3828 2399 3916; baseline -0.005 -39"><span class='ocrx_word' id='word_1_1029' title='bbox 317 3828 392 3877; x_wconf 61' lang='lat' dir='ltr'><em>jflm</em></span> <span class='ocrx_word' id='word_1_1030' title='bbox 406 3829 484 3868; x_wconf 59' lang='grc' dir='ltr'><em>Ψθῒὸ</em></span> <span class='ocrx_word' id='word_1_1031' title='bbox 494 3830 536 3866; x_wconf 70' lang='lat' dir='ltr'><em>“d</em></span> <span class='ocrx_word' id='word_1_1032' title='bbox 547 3830 708 3879; x_wconf 64' lang='lat' dir='ltr'><em>Bylim&#39;um</em></span> <span class='ocrx_word' id='word_1_1033' title='bbox 720 3832 889 3883; x_wconf 83' lang='lat' dir='ltr'><em>affumpta,</em></span> <span class='ocrx_word' id='word_1_1034' title='bbox 901 3840 944 3875; x_wconf 68' lang='grc' dir='ltr'><em>Θ</em></span> <span class='ocrx_word' id='word_1_1035' title='bbox 958 3839 991 3885; x_wconf 73' lang='lat' dir='ltr'><em>in</em></span> <span class='ocrx_word' id='word_1_1036' title='bbox 1004 3838 1063 3877; x_wconf 84' lang='lat' dir='ltr'><em>illo</em></span> <span class='ocrx_word' id='word_1_1037' title='bbox 1078 3841 1293 3889; x_wconf 67' lang='lat' dir='ltr'><em>hypothemisa</em></span> <span class='ocrx_word' id='word_1_1038' title='bbox 1305 3842 1430 3890; x_wconf 71' lang='lat' dir='ltr'><em>viginti</em></span> <span class='ocrx_word' id='word_1_1039' title='bbox 1444 3841 1554 3879; x_wconf 86' lang='lat' dir='ltr'><em>millia</em></span> <span class='ocrx_word' id='word_1_1040' title='bbox 1559 3837 1760 3884; x_wconf 83' lang='lat' dir='ltr'><em>florenorum</em></span> <span class='ocrx_word' id='word_1_1041' title='bbox 1774 3837 1998 3884; x_wconf 72' lang='lat' dir='ltr'><em>Rhenanorum</em></span> <span class='ocrx_word' id='word_1_1042' title='bbox 2013 3837 2046 3870; x_wconf 89' lang='lat' dir='ltr'><em>in</em></span> <span class='ocrx_word' id='word_1_1043' title='bbox 2056 3834 2182 3879; x_wconf 85' lang='lat' dir='ltr'><em>censum</em></span> <span class='ocrx_word' id='word_1_1044' title='bbox 2189 3837 2399 3916; x_wconf 55' lang='lat' dir='ltr'><em>Perg&#39;f‘um’</em></span> 
     </span>
     <span class='ocr_line' id='line_1_68' title="bbox 2306 3889 2353 3912; baseline -0.021 0"><span class='ocrx_word' id='word_1_1045' title='bbox 2306 3889 2353 3912; x_wconf 75' lang='lat' dir='ltr'><em>tr·</em></span> 
     </span>
    </p>
   </div>
  </div>
 </body>
</html>
