2658 4256
385 1294 390 1326 ς
520 1284 565 1303 ‘2
687 1285 788 1331 ³33⁵,-
810 1300 848 1333 ft
939 1265 1090 1333 Elgicae
1105 1266 1358 1318 ‘Provinciae
1375 1301 1391 1323 ‚
1407 1282 1474 1312 ceu
1489 1262 1690 1329 foecundae
1709 1263 1886 1311 Arboris
1903 1263 2074 1313 ultimus
2101 1269 2271 1322 ramus}
2310 1263 2365 1310 ὑ·
2380 1263 2446 1310 di-

425 1342 460 1379 n?
524 1357 545 1371 0·
759 1372 793 1395 k*-
814 1339 820 1355 ³
838 1330 894 1394 Βξεί.
954 1336 1132 1403 visionis
1157 1335 1349 1384 Sterculus
1366 1336 1417 1400 cst
1438 1332 1669 1385 Provincia
1689 1332 1918 1400 Leodienfis
1937 1368 1952 1391 ‚
1991 1352 2076 1400 quae
2096 1334 2282 1403 Augustae
2305 1340 2357 1384 ἔθ’
2376 1330 2446 1380 Se-

542 1423 545 1435 *
605 1407 612 1417 ‘
801 1407 836 1442 >L
858 1431 896 1465 ΞΞ
954 1407 1165 1471 reniffi‘mae
1205 1403 1364 1454 Damas
1392 1403 1616 1453 Bavaricae
1647 1401 1907 1469 Principibus
1933 1439 1950 1461 ,
1988 1403 2222 1464 Leodienfi's
2259 1404 2380 1454 Eccle
2397 1420 2444 1452 τι

959 1476 1165 1542 Epifiopis
1183 1509 1198 1531 ,
1214 1475 1334 1541 sicam
1361 1477 1468 1539 aequ&
1484 1474 1660 1520 radicem
1676 1508 1692 1530 ,
1728 1491 1774 1521 ac
1794 1473 2081 1539 fieccedaneum
2102 1472 2255 1540 florem
2280 1472 2446 1540 potiffi'-

859 1574 899 1602 3
957 1564 1063 1594 mum
1087 1545 1203 1594 debet
1219 1580 1232 1592 .
1270 1543 1349 1593 Ad
1363 1541 1645 1608 Principatum
1675 1545 1779 1590 enim
1806 1542 2066 1609 Leodiensem
2083 1544 2270 1610 Ernestus
2287 1580 2303 1602 ,
2339 1547 2446 1591 utri-

809 1614 832 1639 '2
847 1608 899 1667 Ψ,
957 1616 1076 1687 usque
1102 1612 1319 1665 ‘Bavariae
1338 1612 1474 1669 Dux,
1510 1618 1563 1661 ξεῖ
1587 1610 1818 1678 Leodienst's
1842 1610 2037 1678 Princeps
2055 1613 2271 1683 Episcopus
2291 1649 2306 1671 ,
2344 1613 2445 1661 Fra-

767 1731 793 1741 ὲ,
824 1731 834 1738 2
855 1694 859 1696 ’
885 1710 887 1712 ·
958 1702 1043 1734 tres
1059 1685 1218 1734 nos‘lros
1245 1702 1346 1739 anno
1365 1683 1588 1731 Dominicae
1613 1679 1915 1733 Incarnationis
1942 1683 2154 1750 millefimo
2180 1682 2445 1751 quingentaefi-

801 1753 815 1803 ᾇ
878 1762 900 1797 ἴ
958 1775 1021 1805 mo
1038 1755 1282 1822 nonagefimo
1316 1752 1467 1804 oflavo
1495 1749 1694 1819 S‘Belgio
1719 1757 1936 1812 vocavit,
1972 1753 2100 1821 iffque
2127 1757 2170 1800 in
2198 1754 2286 1820 ipsit
2315 1752 2444 1803 Civi-

949 1842 1036 1874 tate
1062 1824 1280 1884 Leodienfi
1280 1824 1461 1893 fundum
1471 1838 1551 1889 pro
1567 1840 1736 1889 congruo
1762 1824 1945 1871 incolatu
1963 1829 2224 1887 comparavit
2246 1859 2258 1870 .
2292 1823 2443 1871 Exem-

370 1890 487 1955 plum
509 1893 659 1963 Ernesti
676 1895 839 1961 ficutus
865 1897 932 1945 εΗ
954 1895 1284 1945 Maximilianus
1309 1932 1324 1952 ,
1355 1898 1517 1959 pariter
1543 1891 1751 1959 utriusque
1780 1893 1980 1944 Βατανέα
2009 1892 2128 1942 Dux
2164 1928 2179 1951 ,
2220 1893 2438 1959 Episcopus

375 1966 429 2008 d&
463 1961 654 2029 Princeps
673 1965 905 2034 Leodtctfis
925 2003 940 2025 ,
973 1969 1066 2020 dum
1092 1971 1137 2015 in
1151 1965 1351 2015 Suburbio
1382 1964 1557 2034 eJusdem
1576 1961 1791 2017 Civitatis
1823 1963 2046 2018 Fratribus
2074 1964 2249 2015 alterum
2278 1963 2439 2015 ‘Domi-

375 2030 516 2098 ciliimg
539 2035 721 2104 concfft
739 2071 757 2097 ,
791 2037 1011 2103 d1plomate
1025 2039 1242 2105 fiquenti:

940 2180 1389 2244 Maximilianus
1429 2179 1728 2241 Henricus
1757 2176 1865 2240 &a

515 2329 641 2377 Cum
668 2325 815 2376 Nobis
831 2327 1086 2378 humillime
1115 2328 1254 2379 fuerit
1270 2324 1521 2395 expofitum
1548 2344 1600 2376 ex
1631 2338 1759 2394 parte
1787 2323 2136 2374 inhabitantium
2154 2323 2435 2375 Suburbium

368 2394 551 2445 ἱδειηὲὶειιε
582 2399 905 2465 Margarithae,
943 2400 1159 2449 Civitatis
1190 2398 1346 2448 nostrae
1376 2395 1630 2446 Leodienfis
1666 2414 1691 2452 ,·
1717 2394 1840 2461 quod
1871 2393 2198 2444 considerantes
2234 2398 2433 2444 maxima

380 2466 742 2514 inconvenientia
759 2502 775 2523 ,
812 2486 911 2534 quae
941 2466 996 2515 de
1012 2469 1083 2517 die
1110 2473 1155 2517 in
1181 2469 1304 2517 diem
1332 2470 1376 2515 in
1401 2467 1523 2516 disto
1545 2464 1778 2516 Suburbio
1804 2461 2064 2514 accrescunt
2080 2501 2097 2523 ‚
2132 2462 2312 2514 defeciu
2326 2470 2430 2515 Per-

379 2532 592 2584 sonarum
619 2535 952 2604 Religiosarum
968 2572 984 2595 ,
1021 2556 1115 2604 quae
1135 2539 1303 2587 ibidem
1323 2536 1455 2586 saluti
1482 2537 1735 2585 animarum
1763 2537 1999 2604 invigilare
2023 2532 2193 2603 poffent
2207 2535 2428 2592 docendo,

380 2603 429 2654 ὅ(
456 2603 709 2653 instruendo
729 2611 1050 2668 juventutem,
1087 2607 1436 2658 administrando
1451 2612 1740 2658 Sacramenta
1757 2641 1773 2663 ,
1811 2604 2044 2655 affistendo
2063 2604 2281 2664 infirmis,
2319 2615 2438 2674 praei

377 2673 533 2723 sertim
563 2676 607 2721 in
631 2677 822 2725 articulo
857 2679 1021 2726 mortis
1048 2715 1062 2736 ,
1102 2678 1199 2728 imo
1229 2678 1275 2730 &
1307 2677 1529 2727 accideret
1558 2677 1613 2726 de
1640 2676 1771 2725 noc'te
1808 2678 1956 2743 plures
1986 2677 2105 2725 mori
2141 2675 2304 2741 absque
2335 2677 2433 2725 ullo

377 2741 597 2811 spirituali
628 2742 836 2794 succursu
858 2749 1045 2808 alicujus
1075 2747 1316 2818 Religiosae
1345 2746 1542 2798 Personae
1570 2748 1631 2797 ob
1662 2761 1815 2814 portas
1836 2749 2051 2796 Civitatis
2082 2745 2250 2795 clausas
2270 2781 2286 2803 ,
2323 2762 2434 2794 con-

379 2816 579 2881 ceperint
603 2813 766 2862 bonam
798 2814 846 2864 &
877 2815 1114 2866 salutarem
1159 2818 1478 2868 resolutionem
1506 2817 1778 2884 procurandi
1822 2815 1903 2864 sub
1934 2817 2212 2880 beneplacito
2248 2814 2396 2881 nostro
2415 2850 2432 2873 ,

382 2883 431 2934 ὅ(
460 2883 727 2932 austeritate
770 2883 918 2933 nostra
945 2888 1326 2937 introductionem
1363 2887 1411 2939 &
1442 2887 1714 2936 erectionem
1746 2883 2018 2934 Conventus
2056 2884 2435 2954 Religiosorum.»

380 2954 743 3004 Mendicantium
776 2956 819 3002 in
837 2955 960 3004 disto
986 2956 1216 3007 Suburbio
1233 2958 1292 3007 ob
1319 2955 1452 3025 supra
1482 2956 1627 3004 dicios
1662 2952 1801 3012 fines,
1838 2954 1886 3005 (Sc
1913 2954 1971 3003 ad
1994 2957 2111 3005 hunc
2139 2954 2348 3004 effetium
2372 2973 2436 3002 re·

382 3023 589 3090 quirendi
616 3026 767 3072 Patres
793 3026 1054 3092 Capucinos
1082 3027 1138 3076 ad
1164 3028 1278 3079 illud
1301 3046 1414 3077 onus
1433 3023 1647 3080 consensu
1670 3023 1824 3074 nostro
1842 3023 2069 3092 supposito
2087 3025 2431 3092 acceptandum.

382 3100 443 3145 Et
468 3092 649 3162 insuper
664 3093 801 3144 iidem
821 3095 1116 3146 inhabitantes
1143 3097 1291 3147 Nobis
1320 3097 1700 3166 supplicaverint,
1737 3109 1954 3161 quatenus
1981 3094 2111 3146 dictae
2137 3094 2434 3145 introdustio-

382 3167 448 3215 nis
475 3164 774 3216 &erefflonis
800 3168 998 3235 gratiam
1026 3165 1128 3234 ipfis
1154 3168 1400 3217 concedere
1430 3167 1751 3236 dignaremur.
2160 3211 2164 3214 ,

521 3238 621 3284 Νοε
650 3250 760 3305 ergo
787 3235 1114 3287 considerantes
1149 3241 1256 3287 tales
1290 3237 1585 3288 resolutiones
1617 3271 1632 3294 ,
1670 3236 1938 3285 intentiones
1957 3269 1972 3292 ,
2009 3233 2058 3285 ὅ(
2087 3233 2432 3304 supplicationes

381 3324 471 3356 non
497 3305 683 3356 tendere
701 3341 716 3364 ,
753 3304 834 3355 nisi
861 3307 917 3356 ad
946 3311 1125 3370 majoris
1149 3310 1306 3376 gloriae
1327 3311 1413 3358 Dei
1441 3321 1738 3376 augmentum
1757 3342 1771 3365 ,
1808 3307 2076 3370 cultumque
2095 3341 2110 3363 ,
2148 3305 2194 3355 ὅ(
2221 3321 2431 3372 procura-

383 3379 551 3426 tionem
578 3374 729 3425 salutis
748 3378 1002 3427 animarum
1019 3413 1034 3436 ,
1070 3380 1180 3429 nihil
1199 3380 1323 3429 aliud
1338 3393 1542 3445 optantes
1563 3413 1577 3434 ,
1614 3375 1751 3444 quim
1770 3375 1929 3425 nostris
1955 3374 2137 3425 Officiis
2162 3377 2352 3442 paternis
2373 3374 2430 3422 ad

381 3462 477 3497 tam
516 3447 657 3496 bonos
689 3445 797 3496 fines
825 3447 1111 3498 contribuere
1144 3487 1160 3508 ,
1196 3449 1437 3518 praehabita‘i
1473 3447 1795 3498 informatione
1823 3481 1838 3503 ,
1875 3445 1923 3496 ὅ(
1959 3443 2173 3494 consensu
2206 3441 2433 3493 conformi

381 3520 585 3584 Capituli
624 3515 759 3566 nostri
787 3518 1069 3567 cathedralis
1090 3555 1104 3576 ,
1141 3519 1189 3570 ὅ(
1220 3522 1432 3570 certiores
1471 3517 1574 3567 fasti
1593 3553 1607 3575 ,
1646 3521 1732 3567 ΡΡ.
1762 3517 2049 3583 Capucin0s‚
2092 3530 2141 3564 ut
2167 3513 2296 3582 supra
2316 3554 2329 3574 ‚
2368 3534 2435 3563 re.

380 3588 564 3655 quilitos
587 3586 822 3637 obtinuiffe
847 3590 892 3636 in
921 3591 1088 3638 ultimo
1112 3606 1274 3639 eorum
1297 3591 1514 3653 Capitulo
1536 3588 1808 3638 Provinciali
1822 3622 1838 3644 ,
1875 3603 2015 3651 nuper
2044 3583 2207 3634 Infulis
2240 3588 2283 3633 in
2302 3587 2435 3635 Flan-

381 3659 477 3707 dria
503 3657 760 3715 celebrato,
797 3657 1061 3725 potestatem
1090 3659 1264 3710 distum
1296 3678 1406 3710 onus
1436 3658 1699 3726 acceptandi
1718 3693 1733 3714 ,
1769 3654 1818 3706 ὃ(
1846 3654 2024 3706 defacto
2051 3654 2293 3721 acceptziffe
2310 3690 2326 3712 ,
2361 3656 2434 3704 be-

379 3727 514 3797 nigne
546 3727 838 3778 conceffimus
854 3764 868 3786 ‚
907 3744 1044 3797 prout
1073 3748 1152 3798 per
1176 3729 1408 3799 praeientes
1427 3728 1719 3779 concedimus
1736 3763 1752 3785 ‚
1776 3727 1969 3795 gratiam
1988 3726 2189 3794 erigendi
2222 3744 2431 3776 novum...

379 3803 673 3854 Conventum
703 3801 788 3851 ΡΡ.
810 3803 1149 3869 Capucinorum
1178 3803 1223 3852 in
1249 3801 1372 3855 dieto
1399 3799 1626 3854 Suburbio
1656 3796 1903 3871 secundum
1921 3799 2128 3868 regulam,
2167 3796 2215 3848 ἅ.-
2233 3795 2430 3845 instituta

2240 3880 2375 3910 eorum
