2658 4256
491 179 657 268 186

406 313 680 368 deliquerint:
706 322 781 352 nec
797 309 891 354 illos
913 337 928 358 2
947 311 1014 367 qui
1039 307 1415 367 judicialiter-*abju-

405 375 613 420 caverint,
640 370 710 412 nisi
737 368 797 411 isti
826 372 908 412 nati
927 371 996 412 lint
1013 399 1026 420 ,
1051 372 1114 410 ubi
1133 370 1292 423 impune
1308 366 1413 423 gras-

408 426 541 474 santur
558 428 722 472 haereses
737 456 750 478 ,
771 429 810 469 δε
836 430 919 485 post
942 428 1172 486 judicialem
1189 425 1414 482 abjuratio-

405 505 501 534 nem
516 518 531 540 ,
559 488 653 530 illuc
669 489 814 529 reversi
831 487 984 530 fuerint
1005 487 1142 543 relapsi
1157 515 1173 536 ,
1207 486 1247 527 &
1272 485 1344 528 hos
1372 487 1413 529 in

409 548 502 591 soro
515 544 766 589 conscientiae
781 547 954 591 tantum.

406 603 409 605 ’
464 621 504 661 3.
536 603 785 648 Absolvendi
823 606 871 647 ab
908 605 1095 647 omnibus
1135 603 1283 646 casibus
1314 602 1413 646 Sedi

407 664 648 722 Apostolicae
673 662 907 715 reservatis,
933 666 1053 707 etiam
1079 664 1119 706 in
1147 663 1264 706 Bulla
1285 665 1413 706 Caenae

405 723 574 768 Domini
603 724 831 766 contentis.

464 795 508 836 4.
540 780 781 824 Absolvendi
805 784 845 825 δι
870 781 1119 838 dispensandi
1148 779 1170 822 ἃ
1198 779 1374 824 Simonia
1393 807 1408 830 ,

405 855 487 886 non
513 851 647 883 tamen
675 840 803 892 reali,
827 842 893 883 nisi
922 840 1080 883 dimiffis
1106 838 1313 883 beneficiis
1331 867 1345 890 ,
1370 840 1410 880 &

406 900 600 944 fructibus
615 913 663 942 ex
684 900 742 942 eis
761 899 862 942 male
877 901 1078 956 perceptis
1092 928 1106 951 ,
1128 899 1295 940 arbitrio
1310 902 1408 941 San—

405 959 553 1003 &itatis
568 963 653 1002 Suae
679 959 899 1010 restitutis,
934 959 957 1000 si
976 958 1100 1001 facilis
1124 959 1202 1000 erit
1227 955 1406 999 recursus

405 1019 455 1061 ad
473 1017 616 1061 Sedem
632 1017 926 1072 Apostolicam:
956 1017 979 1059 fi
1001 1018 1098 1059 vero
1117 1015 1313 1066 difficilis,
1340 1014 1405 1057 vel

404 1078 458 1120 ob
471 1075 693 1119 distantiam
710 1075 911 1128 locorum,
926 1086 994 1118 aut
1008 1076 1103 1118 alias
1123 1073 1406 1125 causas,etiam

404 1137 444 1179 in
463 1135 588 1186 reali,
620 1134 778 1175 dimiffis
793 1133 995 1178 beneficiis
1010 1160 1023 1181 ,
1037 1135 1077 1174 δι
1091 1133 1203 1188 super
1218 1133 1406 1175 frut‘tibus

403 1195 510 1237 male
536 1193 766 1247 perceptis,
795 1191 969 1248 injuncia
992 1191 1125 1247 aliqua
1151 1189 1407 1246 elemosynzi,

403 1254 469 1297 vel
487 1250 725 1308 poenitentia
746 1249 931 1300 salutari,
947 1251 1116 1293 arbitrio
1129 1249 1408 1305 dispensantis:

402 1312 468 1355 vel
486 1313 604 1352 etiarn
621 1309 792 1350 retentis
809 1308 1012 1351 beneficiis
1028 1335 1042 1357 ,
1069 1311 1095 1354 si
1117 1308 1266 1352 fuerint
1282 1313 1408 1352 Paro-

402 1370 575 1421 chialia,
602 1370 639 1410 δι
656 1381 735 1409 non
750 1366 902 1415 defiat,
935 1368 1001 1427 qui
1030 1369 1236 1413 Parochiis
1259 1365 1404 1424 praefici

430 1427 544 1469 offint
561 1456 572 1469 .

400 1444 427 1486 p
461 1497 501 1534 5.
536 1484 719 1528 Tenendi
746 1487 786 1526 δε
810 1485 1007 1539 legendi,
1042 1499 1120 1527 non
1148 1493 1281 1529 tamen
1313 1483 1403 1526 aliis

397 1543 646 1589 concedendi
663 1572 676 1594 ,
709 1543 836 1585 libros
851 1546 1126 1587 haereticorum
1143 1573 1157 1595 ,
1176 1545 1238 1586 vel
1255 1541 1403 1586 infide-

401 1605 530 1653 lium,
555 1602 607 1648 de
639 1616 780 1644 eorum
797 1602 1012 1658 Religione
1037 1605 1292 1645 tractantium
1308 1630 1322 1652 ,
1354 1601 1404 1643 ad

399 1663 583 1705 effectum
601 1674 668 1703 eos
686 1662 941 1717 impugnandi
959 1691 974 1712 ,
1004 1662 1040 1702 &
1064 1662 1162 1702 alios
1178 1659 1402 1716 quomodo-

399 1722 501 1764 libet
520 1720 763 1775 prohibitos,
778 1731 922 1774 praeter
934 1734 1054 1774 opera
1066 1720 1205 1762 Caroli
1219 1719 1402 1769 Molinei,

401 1780 570 1823 Nicolai
601 1777 892 1828 Macbiavelli‚
921 1779 960 1819 δι
984 1780 1106 1820 libros
1136 1778 1187 1820 de
1214 1777 1399 1822 Astrolo-

397 1839 462 1893 gia
472 1836 687 1894 Judic'iaria
704 1836 980 1890 principaliter
997 1837 1059 1879 vel
1076 1837 1320 1887 incidenter,
1335 1836 1398 1878 vel

396 1897 498 1938 alios
516 1895 656 1952 quovis
669 1895 790 1937 modo
804 1895 854 1939 de
871 1908 917 1936 ea
936 1897 1166 1944 trac'tantes,
1181 1896 1233 1936 ita
1248 1904 1398 1942 tamen,

398 1966 446 1998 ut
462 1955 555 1996 libri
567 1966 618 1995 ex
634 1952 712 1994 illis
733 1953 954 1996 Provinciis
977 1968 1053 1995 non
1071 1953 1310 1997 efferantur.

454 2014 497 2055 6.
528 2010 777 2055 Celebrandi
797 2013 950 2057 Missam
967 2026 1204 2069 quocunque
1223 2012 1316 2055 loco
1328 2011 1397 2053 de·

395 2070 507 2116 centi
522 2098 536 2123 ,
558 2069 681 2114 etiam
693 2069 763 2112 sub
778 2069 848 2112 dio
863 2098 876 2123 ,
890 2070 956 2116 sub
974 2072 1176 2122 terra,una
1191 2070 1290 2117 hori
1304 2081 1399 2114 ante

395 2142 579 2175 auroram
594 2155 609 2178 ,
630 2129 670 2171 &
688 2127 763 2170 alia
780 2129 865 2183 post
882 2130 1088 2173 meridiem
1101 2157 1116 2181 ,
1144 2132 1252 2174 bisin
1268 2132 1332 2172 die
1348 2131 1400 2181 ,si

396 2187 600 2232 neceffitas
614 2197 735 2240 cogat
750 2217 765 2238 ,
787 2188 812 2227 si
826 2197 964 2230 tamen
990 2189 1028 2233 in
1045 2190 1169 2244 prima
1190 2186 1302 2232 Missa
1321 2202 1397 2229 non

397 2247 606 2301 sumpserit
621 2246 868 2288 ablutionem
886 2274 900 2297 ,
926 2247 966 2291 δι
980 2246 1091 2301 super
1109 2248 1238 2292 Altari
1267 2257 1399 2300 porta-

397 2305 479 2355 tili,
493 2305 614 2348 etiam
630 2303 755 2347 fracto
772 2315 841 2347 aut
869 2303 957 2346 laeso
970 2334 985 2356 ,
1007 2306 1044 2346 &
1068 2306 1147 2351 sine
1164 2309 1397 2349 Sanctorum

399 2363 603 2421 Reliquiis
617 2389 631 2412 ,
645 2364 680 2405 ὃ(
694 2362 950 2417 praesentibus
969 2365 1181 2408 Haereticis
1198 2393 1211 2418 ,
1235 2363 1398 2419 aliisque

397 2421 754 2466 excommunicatis
771 2450 784 2471 ,
804 2422 826 2463 si
855 2422 973 2464 aliter
986 2423 1187 2479 celebrari
1208 2436 1289 2467 non
1312 2421 1396 2481 pos?-

399 2482 473 2529 sit,
499 2481 538 2521 &
552 2493 630 2521 non
643 2481 685 2519 sit
706 2479 927 2533 periculum
944 2481 1166 2535 sacrilegii,
1181 2482 1396 2525 dummodo

399 2539 621 2582 inserviens
640 2536 758 2581 Miffae
784 2550 865 2581 non
895 2537 941 2582 sit
969 2539 1207 2592 haereticus,
1237 2538 1300 2585 vel
1328 2553 1399 2584 ex-

397 2606 726 2641 communicatus.

457 2669 497 2706 7.
533 2654 818 2710 Dispensandi,
833 2655 898 2700 vel
913 2656 1187 2700 commutandi
1203 2668 1295 2700 vota
1311 2656 1397 2698 sim-

397 2715 514 2771 plicia
529 2741 542 2763 ,
571 2715 693 2757 eiiam
709 2714 972 2763 castitatis2ex
987 2716 1213 2762 rationabili
1229 2718 1339 2762 causa
1355 2718 1393 2760 in

397 2774 475 2816 alia
495 2772 556 2827 pia
572 2785 694 2825 opera
709 2799 722 2821 ,
737 2786 827 2818 ,non
841 2782 973 2816 tamen
989 2775 1242 2828 Religionis.

458 2832 498 2872 8.
535 2828 795 2884 Dispensandi
822 2829 860 2871 in
889 2827 978 2873 foro
1006 2832 1254 2878 conscientiae
1285 2835 1399 2889 super

396 2889 697 2943 irregularitate
726 2902 776 2930 ex
792 2887 943 2931 delicto
964 2891 1133 2933 occulto
1160 2893 1400 2947 provenien—

398 2961 468 2999 te,
494 2949 534 2988 &
557 2961 637 2989 non
651 2945 827 2989 deducio
852 2947 898 2990 ad
928 2946 1061 2990 forum
1077 2950 1367 2992 contentiosum
1385 2978 1399 3003 ,

398 3021 478 3051 non
503 3017 637 3051 tamen
660 3019 707 3051 ex
732 3005 948 3051 homicidio
964 3009 1196 3054 voluntario
1206 3037 1220 3063 ,
1246 3018 1314 3052 aut
1342 3008 1401 3052 bi·

425 3079 540 3109 amia.

396 3081 423 3124 g
454 3139 493 3181 9.
558 3122 815 3178 Dispensandi
832 3123 868 3164 in
885 3125 1035 3177 tertio,
1057 3127 1256 3182 &quarto
1269 3126 1398 3183 gradu

395 3181 745 3237 consanguinitatis
758 3210 771 3231 ,
786 3180 1039 3226 &affinitatis
1055 3185 1220 3239 simplici
1244 3188 1279 3227 &
1298 3186 1399 3229 mix-

399 3253 471 3293 to,
496 3243 535 3283 &
556 3242 593 3284 in
609 3242 810 3291 secundo,
837 3241 990 3294 terti0,
1010 3244 1049 3284 δι
1074 3254 1219 3300 quarto
1235 3245 1397 3300 mixtis,

397 3311 627 3354 nontamen
644 3302 681 3343 in
698 3298 875 3344 secundo
891 3299 1002 3354 solo,
1015 3302 1145 3357 quoad
1160 3301 1296 3347 futura
1310 3307 1398 3346 Ma.

396 3360 587 3402 trirnonia
601 3389 615 3411 ,
641 3374 722 3413 quo
737 3359 833 3401 vero
855 3358 903 3403 ad
922 3363 1129 3415 praeterita
1144 3388 1158 3412 ,
1183 3362 1306 3406 etiam
1323 3363 1395 3406 in..

395 3418 572 3461 secundo
594 3417 679 3460 solo
692 3431 784 3462 cum
801 3416 861 3460 his
879 3445 893 3468 ,
919 3419 985 3473 qui
1002 3419 1050 3461 ab
1067 3419 1196 3467 haeresi
1225 3421 1288 3464 vel
1312 3420 1399 3463 infi-

393 3476 568 3520 delitate
590 3486 889 3522 convertuntur
901 3477 951 3521 ad
969 3477 1108 3521 Fidem
1123 3479 1396 3532 Catholicam,

393 3537 431 3578 &
457 3535 493 3577 in
522 3536 715 3591 praedie'tis
743 3534 892 3581 casibus
909 3535 1072 3583 Prolem.
1091 3536 1309 3595 susceptam
1322 3538 1397 3584 de-

387 3595 571 3637 clarandi
587 3594 820 3650 legitimam.

459 3665 521 3696 ιο.
556 3653 812 3708 Dispensandi
827 3654 941 3710 super
958 3654 1248 3712 impedimento
1263 3657 1397 3700 crimi-

395 3711 456 3755 nis
471 3740 484 3763 ,
513 3723 658 3755 neutro
669 3723 802 3756 tamen
815 3714 1044 3770 Conjugum
1060 3714 1317 3759 machinante
1330 3731 1342 3762 z
1353 3731 1399 3762 ae

397 3770 630 3817 restituendi
642 3771 702 3830 jus
715 3772 882 3831 petendi
895 3774 1078 3820 debitum
1092 3773 1284 3835 amissum·

1159 171 1749 261 Provincia

1539 321 1554 350 1
1568 319 1602 363 t.
1637 301 1897 360 Dispensandi
1911 303 2029 361 super
2045 306 2332 361 impedimento
2346 314 2482 369 publi..

1472 381 1525 409 cae
1541 366 1759 409 honestatis
1785 364 1939 422 justitiae
1961 379 2008 408 ex
2033 368 2272 421 sponsalibus
2291 373 2486 431 proveni.

1474 437 1568 469 ente
1583 453 1595 466 .

1536 499 1596 527 12.
1630 482 1892 540 Dispensandi
1908 483 1947 524 in
1962 483 2259 536 impedimento
2272 495 2482 546 cognatim·

1475 544 1533 587 nis
1556 542 1769 600 spiritualis
1786 571 1800 594 ,
1821 554 2085 600 praeterquam
2103 543 2213 586 inter
2226 544 2425 593 levantem
2442 552 2482 593 δε

1474 603 1655 647 levatum
1667 632 1679 644 .

1537 676 1599 718 ¹3·
1630 664 1699 705 Hae
1716 660 1815 703 vero
1828 659 2140 717 dispensationes
2159 662 2477 712 Matrimoniales

1469 719 1643 772 ultimae,
1668 733 1775 764 nona
1790 748 1804 772 ,
1826 719 2012 772 decima,
2030 721 2240 763 undecima
2266 723 2303 763 &
2324 725 2480 770 duode-

1470 780 1573 822 cima
1587 809 1602 830 ‚
1622 794 1700 822 non
1717 779 2081 832 concedantur,nisi
2101 782 2151 823 de
2168 780 2359 825 consensu
2385 786 2479 839 Epi.

1468 839 1676 895 scopotum
1692 866 1706 888 ,
1723 837 1747 880 si
1765 837 1819 879 ibi
1836 851 1954 881 erunt
1970 866 1982 886 ,
1997 841 2036 882 &
2049 853 2138 882 cum
2152 839 2482 892 clausula,dum.

1467 897 1592 940 modo
1621 897 1767 939 mulier
1798 909 1907 952 rapta
1923 913 2000 940 non
2027 898 2150 940 fuerit
2164 925 2176 947 ,
2207 899 2246 942 in
2278 899 2479 953 potestate

1466 956 1641 1013 raptoris
1658 970 1737 997 non
1755 957 1923 1008 existat,
1936 958 2027 1000 &in
2041 955 2338 1012 dispensatione
2356 968 2475 1003 tenor

1468 1012 1694 1072 hujusmodi
1720 1013 1954 1057 facultatum
1981 1014 2182 1059 inseratur
2204 1031 2297 1059 cum
2314 1017 2482 1073 expres-

1469 1073 1577 1116 sione
1595 1074 1784 1128 temporis
1802 1103 1815 1125 ,
1834 1074 1882 1116 ad
1898 1075 2006 1130 quod
2032 1073 2180 1118 fuerint
2198 1075 2409 1118 conceffae.

1531 1145 1595 1185 ¹4·
1629 1132 1884 1186 Dispensandi
1901 1147 1993 1175 cum
2008 1134 2266 1186 Gentilibus,
2285 1137 2320 1176 δι
2336 1134 2481 1177 inside-

1469 1191 1570 1234 libus
1585 1219 1598 1239 ‚
1612 1190 1748 1245 plures
1766 1204 1911 1231 uxores
1926 1192 2161 1233 habentibus
2176 1220 2191 1243 ,
2212 1202 2256 1236 ut
2269 1193 2354 1245 post
2371 1207 2475 1235 con·

1469 1249 1692 1291 versionem
1708 1277 1722 1299 ,
1748 1250 1788 1289 δι
1802 1249 2049 1303 Baptismum
2067 1278 2080 1300 ,
2095 1263 2212 1303 quam
2228 1265 2278 1294 ex
2295 1251 2372 1293 illis
2388 1267 2477 1293 ma-

1466 1309 1621 1350 luerint
1636 1334 1649 1356 ,
1672 1308 1843 1350 litamen
1863 1308 1942 1360 ipsa
1958 1307 2090 1350 fidelis
2107 1307 2175 1350 fiat
2192 1338 2207 1358 ,
2242 1309 2474 1356 retinere-³

1465 1366 1608 1424 possint
1622 1392 1636 1414 a
1662 1364 1728 1408 nisi
1755 1367 1881 1422 prima
1898 1366 2070 1415 noluerit
2085 1369 2274 1409 converti
2289 1398 2301 1408 .

1526 1438 1588 1474 15.
1651 1425 1914 1468 Concedendi
1928 1425 2230 1481 Indulgentiam
2243 1426 2472 1470 Plenariam

1465 1486 1593 1543 primo
1619 1487 1818 1527 conversis
1835 1484 1885 1525 ab
1901 1484 2032 1527 haerefi
2050 1510 2064 1532 a
2096 1493 2217 1540 atque
2238 1486 2357 1529 etiam
2373 1484 2479 1528 fide-

1466 1545 1571 1586 libus
1586 1543 1882 1598 quibuscunque
1897 1543 1935 1584 in
1954 1542 2131 1587 articulo
2145 1546 2284 1586 mortis
2296 1571 2310 1594 2
2338 1542 2476 1589 saltem

1465 1602 1673 1653 contritis,
1689 1602 1714 1641 si
1729 1599 1916 1643 confiteri
1931 1616 2011 1644 non
2029 1611 2236 1656 poterunt.

1526 1661 1587 1703 16.
1621 1659 1887 1703 Concedendi
1911 1660 2214 1716 indulgentiam
2248 1658 2474 1703 plenariam

1466 1718 1502 1759 in
1517 1718 1711 1761 Oratione
1725 1719 1990 1773 quadraginta
2006 1720 2220 1769 horarum,
2235 1729 2299 1762 ter
2312 1721 2353 1762 in
2368 1733 2475 1762 anno

1460 1777 1511 1819 de
1526 1775 1710 1818 consensu
1727 1776 2046 1831 Episcoporum,
2069 1780 2095 1819 fi
2120 1778 2174 1819 ibi
2190 1788 2311 1820 erunt
2332 1807 2346 1830 ,
2369 1778 2476 1820 indi-

1458 1835 1586 1878 'cenda
1598 1835 1740 1877 diebus
1769 1835 1956 1877 benevilis
1970 1864 1982 1886 ,
2014 1835 2195 1878 contritis
2211 1865 2224 1887 ,
2252 1839 2290 1879 &
2317 1834 2473 1879 confes-

1459 1894 1505 1935 sis
1521 1923 1534 1944 ,
1555 1895 1594 1935 δι
1617 1898 1740 1936 Sacra
1755 1895 2056 1937 Communione
2086 1893 2266 1946 refectis,
2295 1894 2318 1936 fi
2334 1904 2470 1938 tamen

1459 1967 1505 1995 ex
1523 1954 1717 1995 concursu
1734 1952 1904 2007 Populi,
1937 1952 1999 1995 vel
2027 1954 2277 2007 expositione
2303 1957 2373 1996 SS.
2397 1957 2473 1996 Sa-

1459 2011 1656 2054 cramenti
1670 2010 1779 2053 nulla
1791 2011 2010 2065 probabilis
2025 2012 2191 2067 suspicio
2206 2012 2250 2053 sit
2267 2011 2468 2067 sacrilegii

1461 2072 1510 2114 ab
1525 2069 1734 2112 Haereticis
1751 2097 1765 2119 ,
1781 2068 2014 2114 Infidelibus
2034 2097 2048 2120 ,
2074 2079 2144 2114 aut
2161 2070 2469 2126 Magistratnm„

1459 2127 1649 2172 offensum
1669 2128 1739 2170 iri.

1523 2202 1585 2237 17.
1617 2187 1885 2230 Concedendi
1901 2186 2057 2243 singulis
2074 2186 2298 2231 Dominicis
2309 2188 2372 2236 ,δι
2385 2186 2472 2230 aliis

1458 2246 1599 2289 diebus
1627 2245 1772 2287 festivis
1788 2246 1933 2289 decem
1947 2248 2143 2290 ann'orum
2177 2245 2472 2301 indulgentiam

1458 2305 1502 2346 iis
1521 2333 1535 2356 ,
1559 2305 1625 2362 qui
1652 2303 1738 2360 ejus
1762 2305 2022 2348 concionibus
2054 2305 2349 2346 intervenerint
2377 2330 2391 2352 ‚
2431 2306 2471 2345 &

1460 2364 1685 2422 plenariam
1707 2364 1751 2404 iis
1766 2391 1780 2414 ,
1802 2364 1869 2418 qui
1900 2364 2043 2416 praevia
2058 2363 2348 2406 sacramentali
2374 2375 2473 2416 pec·

1458 2434 1637 2466 catorum
1652 2419 1811 2464 suorum
1827 2418 2074 2464 confeffione
2090 2424 2250 2464 Sacram
2272 2420 2471 2463 Euchari-

1457 2482 1566 2525 stiam
1583 2480 1736 2523 sument
1750 2484 1790 2524 in
1807 2477 1908 2522 festis
1922 2480 2076 2524 Natalis
2095 2480 2275 2531 Domini,
2290 2479 2463 2522 Pascha-

1457 2542 1536 2591 tis,
1562 2541 1597 2581 δι
1616 2538 1900 2595 Affumptionis
1931 2542 1973 2581 Β.
1983 2541 2033 2582 V.
2053 2540 2202 2583 Mariae.

1519 2601 1584 2641 18-
1619 2598 1823 2643 Lucrandi
1846 2597 1914 2639 sibi
1930 2597 2092 2640 easdem
2110 2596 2408 2652 Indulgentias.

1519 2671 1583 2717 19-
1617 2658 1790 2713 bingulis
1816 2656 1999 2699 secundis
2023 2657 2132 2698 feriis
2154 2669 2239 2698 non
2262 2653 2468 2709 impeditis

1456 2715 1591 2760 officio
1605 2729 1745 2759 novem
1761 2716 1975 2761 lec'lionum
1989 2744 2002 2768 ,
2018 2715 2082 2757 vel
2097 2717 2151 2756 eis
2166 2712 2390 2767 impeditis,
2401 2711 2468 2753 die

1459 2775 1692 2818 immediate
1714 2775 1894 2830 sequenti
1921 2773 2168 2815 celebrando
2194 2768 2350 2814 Missam
2375 2769 2468 2814 dea

1459 2834 1661 2890 Requiem
1690 2833 1728 2874 in
1744 2845 1985 2887 quocunque
1999 2832 2133 2873 Altari
2148 2860 2164 2881 ,
2189 2830 2313 2871 etiam
2328 2838 2470 2884 porta-

1460 2894 1524 2937 tili
1539 2921 1553 2943 ,
1569 2891 1771 2933 liberandi
1786 2891 1974 2931 Animam
1996 2889 2211 2933 secundum
2226 2889 2309 2944 ejus
2334 2889 2469 2933 inten-

1459 2952 1613 2994 tionem
1636 2951 1660 2996 ὲ
1687 2947 1916 3009 Purgatorii
1929 2951 2087 3007 poenis,
2107 2962 2180 3006 per
2192 2942 2356 2989 modum
2386 2943 2466 2988 suf-

1460 3007 1519 3054 fra
1553 3008 1578 3049 ii
1591 3035 1604 3051 .
2288 3047 2291 3050 .

1519 3023 1589 3112 zgo-
1624 3062 1845 3109 Deferendi
1857 3063 2142 3109 Sanffiffimum
2159 3067 2465 3108 Sacramentum

1458 3125 1623 3170 occulte
1640 3126 1690 3166 ad
1709 3124 1893 3167 Infirmos
1910 3124 1986 3166 sine
2005 3122 2155 3165 lumine
2172 3152 2187 3173 ‚
2221 3120 2464 3176 illudque„-

1458 3185 1535 3231 sine
1553 3183 1696 3227 eodem
1712 3183 1915 3227 retinendi
1943 3197 2018 3238 pro
2032 3181 2180 3225 eisdem
2199 3180 2367 3223 infirmis
2384 3207 2399 3231 ,
2426 3178 2466 3222 in

1457 3244 1551 3289 loco
1566 3253 1695 3289 tamen
1721 3241 1909 3294 decenti,
1940 3240 1964 3282 si
1983 3242 2033 3283 ab
2062 3240 2258 3284 haereticis
2282 3249 2349 3282 aut
2371 3236 2465 3282 infi-

1457 3302 1615 3352 delibus
1631 3304 1676 3344 fit
1694 3302 1916 3357 periculum
1933 3299 2147 3357 sacrilegii.

1519 3376 1539 3403 2
1552 3377 1583 3404 ι.
1615 3361 1816 3405 Induendi
1847 3359 2017 3402 vestibus
2034 3357 2279 3401 saecularibus
2293 3384 2307 3407 ,
2338 3356 2361 3398 si
2385 3355 2461 3397 ali-

1457 3430 1520 3466 ter
1536 3420 1598 3466 vel
1614 3420 1785 3463 transire
1796 3449 1813 3472 ,
1828 3418 1891 3461 vel
1904 3431 2134 3475 permanere
2148 3429 2230 3461 non
2239 3416 2406 3474 poterit,
2417 3415 2460 3456 in

1459 3480 1558 3527 locis
1576 3478 1801 3523 Miffionnm
1818 3505 1830 3519 .

1516 3552 1581 3581 22.
1614 3534 1828 3581 Recitandi
1846 3534 2059 3579 Rosarium
2070 3562 2084 3584 ,
2100 3534 2165 3576 vel
2181 3532 2276 3575 alias
2290 3546 2430 3588 preces
2444 3559 2460 3582 ,

1457 3598 1482 3641 si
1501 3596 1747 3641 Breviarium
1765 3593 1895 3636 secum
1910 3591 2071 3635 deferre
2093 3606 2173 3635 non
2190 3594 2364 3643 poterit,
2393 3590 2460 3634 vel

1458 3657 1648 3702 Divinum
1664 3653 1849 3696 Officium
1866 3652 2036 3695 recitare
2053 3664 2133 3693 non
2149 3651 2281 3693 valeat
2297 3681 2308 3691 .

1521 3730 1588 3770 ²3·
1622 3711 1888 3755 Benedicendi
1906 3719 2135 3766 paramenta
2153 3739 2167 3760 ,
2193 3711 2232 3751 &
2258 3710 2334 3752 alia
2348 3716 2464 3750 uten-

1459 3773 1544 3820 silia
1561 3771 1611 3817 ad
1625 3772 1744 3831 Miffae
1757 3770 2005 3827 Sacrificium
2020 3768 2236 3814 necessaria
2251 3798 2267 3823 ,
2298 3768 2364 3809 ubi
2385 3779 2463 3808 non

2276 3835 2405 3870 intet-
