2638 4204
457 240 634 329 350

1219 198 1705 316 Custodia

386 351 577 405 pauentem
591 373 604 393 ,
631 348 674 389 &¹
695 342 827 381 rationi
839 336 1060 389 institutisui
1072 336 1224 382 Ordinis
1259 318 1372 384 magis
1385 334 1583 392 eonformem
1603 332 1846 392 jadicavern'nt
1858 357 1868 368 .
1885 330 2044 391 ‘Major
2065 330 2314 389 dein-Fratrum
2340 338 2454 377 nm.

389 413 450 442 ,Ἢ
461 424 475 446 ‚
500 399 532 447 fi
541 394 736 447 hiscestatio
756 388 803 423 ad
814 385 1060 434 votasuccedar
1073 409 1094 444 ³„-
1111 398 1188 434 cuy73
1215 394 1366 434 rumpere
1382 381 1465 427 zlluc
1478 381 1694 433 ablegabttur
1703 406 1715 422 0
1742 382 1804 421 Me
1813 381 1960 431 demque
1971 380 2016 417 ad
2026 379 2180 433 obsequen
2194 382 2290 433 offero
2301 385 2377 435 ὰς,

488 441 743 496 Dominatiom‘s
759 434 799 475 V
795 434 888 487 estne
900 461 915 478 .,

1168 553 1233 592 vti
1252 552 1375 595 Frater

1102 664 1339 721 Cardinalis
1372 665 1656 738 Ludow'fius.>

502 916 694 968 Exemplar.
713 919 751 954 z'n
772 917 859 955 dieto
874 915 1026 956 Archiv·
1048 914 1306 957 &firmana

398 1057 859 1074 ——-——=-—-
1264 1059 1380 1072 —

398 1172 599 1220 Litteras
628 1166 731 1220 suas.
753 1167 1038 1235 Apostolicas
1072 1167 1128 1217 de
1157 1166 1400 1235 calepodiis

471 1241 498 1289 a
532 1244 638 1289 RR.
654 1239 862 1288 Patribus
897 1237 1128 1296 striftioris
1144 1236 1399 1287 Observan-

472 1315 548 1360 tiae
566 1306 881 1358 reaffumendis
897 1344 912 1366 ,
948 1308 997 1360 δε
1021 1307 1276 1377 praescripta
1295 1309 1402 1358 alias

469 1377 672 1432 Habitus
686 1377 832 1428 forma
851 1378 1097 1438 servanda,
1108 1378 1166 1428 ad
1186 1384 1401 1448 Regnum

468 1451 668 1500 Poloniae
686 1450 888 1500 extendit
902 1485 915 1498 .

398 1591 434 1634 A
456 1590 620 1644 Tergo:
650 1590 865 1632 Venerabili
880 1591 1398 1641 Fratr1,Antonio,Arcbie-

452 1647 607 1706 pist-opo
626 1647 878 1703 seleuciensi,
905 1649 1011 1704 apud
1025 1648 1289 1705 Charifflmum
1300 1652 1343 1691 in

491 1705 642 1762 Chrtsso
659 1706 807 1750 Filium
821 1706 1315 1763 nostrum‚5igtsmundum,

527 1765 693 1806 Poloniae
708 1763 761 1813 ὠ·
777 1768 918 1806 Sveciae
932 1768 1068 1818 Regem
1084 1766 1274 1818 Illustrem

590 1821 715 1878 noslro
736 1849 750 1873 ,
781 1822 829 1869 ζῇ·
857 1821 1081 1877 Apostolicae
1111 1823 1216 1864 sedis

819 1883 971 1923 Nuncio
988 1906 999 1918 .

404 2006 854 2062 URBANUS
942 2009 1162 2059 PAPA
1246 2011 1397 2060 VIII.

433 2143 665 2189 Venerabilis
683 2146 830 2188 Frater
830 2146 1008 2201 seluta-ns
1022 2175 1035 2198 ,
1052 2149 1101 2196 θ’
1114 2148 1368 2207 Aposteh'cam

714 2202 1028 2247 Benedifflonem.

547 2330 638 2375 Lias
657 2332 681 2376 a
697 2331 823 2374 Nobis
844 2335 1082 2380 emanarunt
1101 2337 1226 2380 literae
1240 2342 1396 2383 tenoris

560 2389 1041 2445 subsequenti82videlicet
1055 2399 1302 2440 :Urbanus
1320 2400 1396 2439 Pa-

404 2460 453 2502 pa
484 2447 600 2488 VIII.
626 2449 693 2490 Ad
719 2462 955 2506 perpetuam
994 2457 1051 2497 rei
1076 2457 1311 2499 memoriam
1338 2474 1395 2500 =

399 2506 453 2572 In
470 2504 651 2571 sup-remo
677 2508 940 2561 Apostola'tt'is
957 2511 1097 2564 solio,.
1113 2516 1266 2558 meritis
1294 2516 1394 2557 licet

404 2564 622 2617 imparibus
637 2592 650 2616 ,
663 2563 800 2608 divina
821 2568 1079 2623 dispositione
1091 2572 1393 2621 constituti‚cir-

401 2636 447 2664 ce
467 2622 610 2663 statum
647 2622 944 2679 Religiosorum
969 2628 1170 2673 ordinum
1202 2645 1391 2687 quorum-

399 2694 567 2737 cumque
587 2680 625 2722 in
642 2681 822 2726 Ecclefia
840 2685 917 2727 Dei
943 2686 1205 2730 militantium
1230 2689 1393 2745 prospe·

398 2739 443 2805 re
459 2737 713 2794 dirigendum
726 2769 741 2790 ‚
769 2743 918 2785 mentis
934 2744 1071 2788 nostrae
1104 2748 1231 2790 aciem
1248 2747 1394 2791 affidue

396 2798 641 2841 mtendimus
654 2827 670 2849 ‚
705 2813 831 2854 eaque
846 2801 1049 2847 statuimus
1078 2807 1118 2847 δι
1133 2801 1365 2850 ordinamus
1380 2837 1394 2860 ,

400 2870 478 2912 per
500 2871 587 2912 quae
613 2856 804 2911 prospero
828 2859 1016 2915 felicique
1040 2878 1179 2908 eorum
1207 2866 1320 2910 statui
1337 2871 1400 2909 ata·

401 2929 477 2971 que
502 2915 712 2958 directioni
738 2917 959 2962 consulitur
984 2950 996 2973 ‚
1044 2934 1166 2978 prout
1201 2925 1396 2981 conspici·

402 2987 490 3016 mus
519 2975 557 3016 in
584 2974 764 3016 Domino
785 2975 1005 3022 salubriter
1027 2983 1223 3037 expedire
1246 3013 1257 3025 .
1287 2988 1394 3028 Cum

397 3032 533 3099 itaque
549 3032 664 3075 causa
687 3033 792 3076 inter
815 3034 985 3079 dileetos
1000 3040 1123 3084 Filios
1141 3045 1303 3086 Fratres
1317 3045 1395 3086 Or.

399 3090 504 3132 dinis
533 3093 736 3134 Minorum
762 3095 1021 3138 S-l‘ranciffi
1043 3102 1273 3155 Capucinos
1300 3117 1394 3147 nun.

399 3157 565 3214 cupatos
598 3163 647 3191 ex
663 3163 738 3191 una
753 3179 766 3202 ‚
791 3164 839 3193 ac
859 3154 1020 3197 Fratres
1034 3159 1199 3203 Ordinis
1228 3162 1397 3206 strietio-

399 3221 455 3249 ris
470 3206 731 3250 observantia:
755 3223 802 3251 ex
829 3210 956 3256 altera
980 3218 1158 3267 partibus
1183 3221 1260 3273 de,
1285 3223 1321 3262 δε
1338 3221 1397 3262 su·

400 3279 476 3334 per
498 3264 810 3337 reassumptione
825 3270 1147 3328 Calepodiorum
1162 3309 1178 3330 ,
1198 3282 1236 3322 &
1267 3278 1400 3322 distin-

398 3326 529 3391 stione
544 3324 714 3368 Habitus
736 3326 787 3368 ad
809 3331 1078 3386 praescriptum
1102 3337 1303 3380 Bullarum
1326 3351 1398 3393 per

404 3382 581 3424 dwersos
617 3385 821 3428 Romanos
848 3388 1062 3434 Pontifices
1090 3395 1396 3441 Praedeceffores

407 3441 558 3484 nostros
586 3452 863 3488 emanatarum
882 3475 895 3498 ,
927 3447 996 3490 diu
1024 3450 1173 3506 agitata
1192 3483 1204 3504 ,
1235 3470 1280 3498 ac
1305 3455 1397 3500 de)

400 3500 587 3564 mandato
600 3502 735 3544 nostro
758 3503 799 3545 in
817 3506 1149 3563 Congregatione
1175 3515 1398 3556 Venerabi-

401 3555 501 3623 lium
518 3560 701 3602 Fratrum
718 3562 956 3607 Nostrorum
973 3594 986 3616 ,
1007 3570 1048 3610 S·
1067 3570 1115 3611 R.
1132 3572 1179 3611 E.
1197 3572 1394 3614 Cardina-

402 3613 705 3671 lium,negociis
723 3622 984 3675 Regularium
1000 3627 1300 3682 pra-politorum
1323 3631 1400 3672 ite-

406 3677 802 3740 rum'propofitaffler
818 3681 980 3724 eosdem
995 3685 1235 3731 Cardinales
1249 3689 1396 3730 auditis

404 3731 613 3787 partibus,
644 3735 807 3792 vifisque
823 3737 1024 3796 scripturis
1040 3773 1054 3796 ,
1079 3747 1236 3790 mature
1253 3746 1403 3790 &dili-

412 3788 634 3846 gentiffime
662 3797 856 3849 perpensa
883 3827 898 3853 ,
934 3802 974 3842 δι
999 3805 1226 3850 examinata
1251 3806 1401 3857 fuerit,

1659 791 1888 854 Franciscus
1910 793 2061 854 lngolus
2080 796 2220 836 secret.

1814 1051 2055 1069 ——

1461 1166 1549 1208 Nos
1566 1161 1788 1205 eorundem
1804 1156 2105 1214 Religiosorum
2129 1160 2218 1214 paci
2239 1160 2277 1200 &
2299 1158 2460 1215 quieti,

1461 1221 1654 1276 felicique
1667 1234 1709 1261 ac
1729 1220 1926 1274 prosperae
1939 1217 2151 1260 directioni
2167 1244 2181 1267 ,
2203 1218 2394 1272 quantum
2417 1217 2459 1258 in

1461 1280 1590 1325 Nobis
1618 1278 1672 1321 est
1695 1305 1709 1328 ‚
1743 1277 1957 1332 providere
1982 1275 2197 1324 volentes,
2222 1274 2273 1315 de
2296 1287 2462 1316 eorum-

1462 1339 1556 1382 dem
1574 1335 1851 1381 Cardinalium
1874 1333 2039 1377 consilio
2055 1363 2070 1385 ,
2099 1343 2213 1375 motu
2236 1333 2403 1387 proprio
2420 1333 2461 1373 δι

1462 1413 1513 1441 ex
1525 1406 1637 1441 certa
1666 1394 1850 1445 scientia,
1882 1407 1927 1435 ac
1944 1403 2099 1435 matura
2126 1391 2462 1436 deliberatione,

1463 1457 1603 1499 nostris
1618 1484 1632 1506 ‚
1663 1455 1796 1508 deque
1813 1452 2048 1507 Apostolicae
2063 1450 2269 1507 potestatis
2285 1449 2459 1504 plenitu-

1460 1511 1554 1558 dine
1572 1543 1586 1566 ,
1618 1511 1765 1556 eisdem
1783 1510 1985 1555 Fratribus
2012 1509 2214 1552 strictioris
2237 1506 2458 1551 observan—

1462 1574 1525 1615 tiae
1551 1601 1566 1623 ‚
1596 1581 1791 1628 quatenus
1828 1568 2054 1626 Calepodia
2084 1567 2324 1611 reassumere
2351 1594 2366 1618 ,
2396 1563 2458 1608 so·

1460 1630 1622 1687 leasque
1640 1629 1786 1684 ubique
1813 1643 1885 1684 per
1900 1638 2027 1671 totam
2045 1628 2205 1670 Italiam
2219 1626 2426 1679 deponere
2441 1649 2458 1671 2

1461 1702 1536 1732 nec
1548 1703 1613 1731 eas
1628 1686 1883 1742 imposterum
1900 1689 2084 1742 recipere
2097 1684 2366 1737 debeant,sub
2392 1697 2465 1726 ex-

1463 1745 1838 1791 communicationis
1866 1746 1954 1788 latae
1977 1746 2183 1789 sententiat
2203 1774 2216 1798 2
2254 1758 2299 1786 ac
2325 1741 2460 1799 priva·

1461 1806 1583 1847 tionis
1606 1805 1712 1847 vocis
1727 1804 1861 1845 aistivae
1887 1804 2088 1859 &paffivae
2104 1833 2117 1856 ,
2149 1816 2308 1846 nocnon
2331 1799 2461 1858 quoad

1461 1863 1720 1919 Superiores,
1752 1862 1874 1905 etiam
1890 1863 2145 1920 suspenfionis
2160 1863 2210 1904 ab
2226 1860 2370 1903 officiis
2396 1859 2461 1915 ip-

1458 1921 1500 1964 so
1515 1921 1618 1965 faeto
1637 1919 1889 1965 incurrendis
1904 1923 2196 1979 poenis,tenore
2210 1918 2456 1976 praesentium

1459 1981 1702 2037 iujungimus
1716 2009 1729 2032 ‚
1759 1996 1802 2023 ac
1823 1980 1979 2035 insuper
1994 1982 2176 2025 locorum
2199 1977 2452 2025 ordinariis,

1460 2050 1505 2082 ut
1527 2040 1565 2080 in
1581 2038 1670 2081 casu
1686 2038 1997 2094 transgreffionis
2012 2068 2026 2090 ,
2059 2039 2283 2094 Regulares
2297 2035 2461 2077 strietio-

1460 2098 1516 2142 ris
1534 2096 1807 2139 Observantiae
1834 2097 2043 2152 praedictos
2069 2098 2117 2140 ad
2139 2097 2178 2138 id
2205 2102 2352 2149 cogant
2375 2121 2390 2143 ,
2419 2091 2461 2132 δι

1462 2155 1714 2208 compellant
1735 2185 1746 2197 .
1792 2157 1992 2213 Qovero
2019 2155 2067 2199 ad
2092 2154 2268 2212 ejusdem
2295 2150 2465 2200 Ordinis,

1461 2219 1625 2260 Fratres
1642 2214 1901 2257 Recollestos
1922 2224 2180 2271 nuncupatos
2197 2210 2365 2259 Galliae,
2392 2207 2462 2264 qui

1460 2287 1542 2317 non
1557 2271 1744 2317 deferunt
1771 2272 1896 2314 soleas
1914 2301 1929 2323 ,
1967 2272 2032 2315 sed
2057 2270 2269 2328 calepodia
2285 2298 2300 2322 ,
2330 2281 2461 2310 cum-o*

1458 2333 1613 2375 constet
1641 2345 1710 2374 eos
1725 2331 1976 2386 Capuccium
2004 2328 2292 2385 aliquantisper
2307 2323 2460 2368 acumi-

1459 2402 1596 2435 natum
1619 2389 1778 2432 deferre
1794 2417 1807 2440 ,
1840 2388 2069 2431 Venerabili
2098 2389 2228 2431 Fratri
2243 2381 2461 2428 Bernardi-

1458 2465 1510 2494 no
1525 2478 1538 2502 ,
1553 2447 1869 2504 Archiepiscopo
1900 2447 2140 2489 Damiatenfi
2156 2471 2170 2494 ,
2195 2444 2394 2486 moderno
2416 2442 2458 2482 &

1455 2523 1535 2564 pro
1561 2519 1641 2550 tem
1650 2521 1754 2563 pore
1769 2506 1950 2548 existenti
1968 2505 2106 2548 nostro
2121 2534 2137 2556 ,
2169 2503 2209 2544 &
2223 2500 2460 2559 Apostolicae

1451 2567 1567 2610 Sedis
1587 2569 1626 2609 in
1642 2579 1766 2622 regno
1781 2565 1956 2608 Franciae
1973 2564 2150 2614 Nuncio,
2164 2577 2235 2618 per
2250 2561 2458 2618 praesentes

1454 2625 1636 2668 {imiliter
1666 2625 1898 2668 mandamus
1923 2651 1936 2674 ‚
1968 2633 2013 2665 ut
2045 2623 2274 2678 opportune
2299 2625 2450 2664 curet,

1453 2683 1563 2740 quod
1590 2684 1754 2726 omnino
1767 2681 1984 2725 rotundum
2001 2682 2202 2737 caputium
2225 2708 2240 2731 ‚
2272 2684 2456 2720 mozzet-

1455 2754 1616 2798 tamque
1657 2742 1870 2797 largiorem
1910 2738 2100 2782 assumant
2126 2769 2138 2780 .
2170 2741 2373 2780 Praeterea
2403 2732 2461 2776 ad·

1454 2801 1681 2858 pleniorem
1700 2802 1994 2855 certioremque
2008 2800 2270 2851 provisionem
2284 2825 2298 2848 ‚
2330 2794 2454 2836 inhae-

1455 2861 1590 2903 rendo
1615 2862 1834 2917 praesertim
1850 2859 1981 2902 literis
1998 2857 2070 2900 fel.
2087 2856 2249 2900 record.
2265 2854 2459 2899 Clemen-

1457 2920 1507 2962 tis
1531 2922 1625 2963 VII·
1659 2948 1672 2970 ‚
1715 2921 1755 2961 δε
1779 2918 1972 2974 Gregorii
2002 2919 2121 2959 XIII.
2147 2917 2459 2959 Romanorum,

1457 2982 1518 3022 Po
1530 2978 1852 3029 ntificum2etiam
1870 2977 2202 3019 praedecessorum
2217 2973 2462 3020 nostrorum,

1456 3051 1529 3095 per
1569 3036 1727 3080 easdem
1754 3036 1963 3092 praesentes
2005 3036 2158 3090 pariter
2197 3031 2427 3074 mandamus
2442 3054 2460 3079 ,

1455 3096 1665 3154 praedictos
1683 3098 1843 3139 Fratres
1859 3095 2078 3140 strictioris
2094 3091 2366 3134 Observantiae
2380 3100 2460 3130 non

1460 3154 1684 3205 molestari,
1700 3155 1796 3210 quin
1818 3154 2024 3196 vilioribus
2043 3179 2057 3201 ‚
2088 3153 2128 3193 &
2146 3150 2347 3207 repetiatis
2363 3161 2459 3203 pan-

1459 3216 1519 3258 nis
1533 3216 1572 3256 &
1587 3214 1772 3268 despecto
1795 3213 1933 3256 colore
1961 3222 2129 3254 utantur
2145 3240 2158 3263 ‚
2189 3209 2254 3253 sed
2274 3209 2456 3250 volumus

1457 3273 1528 3317 sub
1542 3273 1689 3316 eisdem
1717 3273 1848 3328 poenis
1862 3300 1875 3323 ‚
1906 3271 2015 3329 quod
2029 3283 2170 3313 eorum
2185 3269 2313 3310 forma
2330 3259 2454 3307 Ηιώίς

1459 3331 1521 3375 tfis
1544 3332 1675 3388 quoad
1692 3331 1910 3388 Caputium
1926 3328 2146 3373 rotundum
2163 3357 2178 3379 ‚
2209 3331 2451 3370 mozzetr‘am

1459 3390 1581 3434 latam
1611 3393 1648 3432 &
1683 3389 1921 3433 Mantellum
1949 3419 1965 3440 ,
1996 3389 2192 3442 perpetuo
2222 3380 2452 3441 protensum

1458 3452 1504 3492 fit
1520 3479 1532 3500 ,
1565 3452 1602 3491 &
1616 3448 1692 3492 effe
1709 3450 1851 3492 debeat
1862 3446 2133 3489 Observantiae
2148 3441 2349 3488 Fratribus
2364 3450 2453 3478 om·

1456 3510 1552 3551 nino
1567 3508 1811 3557 conformis,
1843 3506 2039 3561 illumque
2065 3505 2170 3547 iutra
2185 3494 2449 3564 duos-menses

1455 3578 1593 3623 aptare
1633 3582 1679 3610 ac
1706 3566 1856 3623 gestare
1884 3565 2055 3606 debeant
2082 3590 2096 3614 ,
2137 3569 2254 3613 atque
2290 3566 2345 3598 ιτα
2377 3567 2449 3609 per

1458 3629 1728 3682 quoscumque
1742 3618 1906 3682 Judices
1921 3622 2154 3666 Ordinatios
2168 3619 2207 3659 δι
2227 3615 2453 3682 dele-gatos,

1458 3686 1582 3729 etiam
1599 3685 1807 3727 causarum
1823 3682 1967 3724 Palatii
1981 3677 2197 3734 Apostolici
2219 3675 2453 3720 Auditor-esa

1462 3743 1660 3799 judicari,
1690 3744 1728 3785 &
1751 3740 1910 3785 definiri
1935 3739 2114 3786 debere,
2145 3750 2188 3778 ae
2206 3733 2387 3782 irritum,
2413 3730 2454 3774 &

1461 3804 1606 3856 inane,
1638 3801 1661 3845 fi
1689 3801 1799 3845 secus
1825 3799 1939 3856 super
1966 3797 2026 3840 his
2054 3798 2291 3853 &quoquam
2318 3787 2454 3893 <gravis

2275 3866 2320 3895 au
2359 3866 2405 3894 o·
