2658 4256
705 228 1287 320 Anterior‘s
1356 226 1764 344 Austriae
2115 241 2171 317 ‘6

232 365 470 404 manorum
488 347 578 399 &a
606 367 777 401 necnon
799 355 1011 417 Princeps
1034 350 1081 401 ἀ
1099 352 1322 399 Dominus
1346 348 1598 398 Antenoris
1613 350 1805 394 Auitriae
1825 345 2071 396 Ditionum
2086 382 2100 404 ‚
2117 350 2288 413 iprum,

223 421 277 473 ,ὅτ
307 423 460 469 omnia
483 418 561 469 fibi
589 420 784 484 subje&a
795 422 1069 471 Monasteria
1097 420 1346 469 Provinciae
1368 419 1622 468 Anterioris
1641 415 1833 465 Austriae
1858 421 1904 465 in
1925 415 2199 475 Caesaream,
2237 423 2285 472 ὅς

223 490 587 546 ΑκΑτεὴίἀυεειΙεηι
624 492 949 559 ρτοῑεὲὶίοηεω
978 490 1173 556 recipere
1198 487 1538 538 clementissime
1562 490 1854 555 dignaremur
1873 523 1884 535 .
1915 489 2050 536 Votis
2068 491 2207 556 igitur
2222 492 2290 537 di-

223 561 286 611 &i
324 564 374 613 Ρ.
398 564 611 631 Angelici
629 559 897 616 Wolffacen.
921 559 1156 615 inclinati,
1184 558 1385 610 &Sacro
1415 557 1612 620 eJusdem
1632 554 1800 609 ordini
1830 558 1934 604 alias
1957 562 2053 619 jam
2089 562 2198 606 bene
2230 558 2291 607 af-

218 630 361 690 festi,
398 636 551 681 animo
583 630 862 689 deliberato,
888 643 1074 680 maturo
1095 627 1310 686 confili0,
1338 626 1385 678 <Sc
1414 642 1609 694 excetra
1636 623 1819 675 scientia
1843 628 2033 676 eundem
2065 631 2116 676 P.
2133 632 2288 696 Ange-

221 704 367 753 licum
382 699 730 758 Wolffacensem
746 737 760 760 ,
787 703 1026 751 Vicarium
1047 700 1321 748 Generalem
1340 700 1684 764 Capucinorum
1709 696 1795 744 una
1814 713 1922 745 cum
1944 696 2176 747 commissa
2196 699 2280 747 fibi

218 775 463 824 Provincia
491 771 746 823 Anterioris
765 769 960 820 Austriae
977 771 1022 818 in
1043 767 1397 819 Archiducalem
1415 767 1742 833 proteffionem
1757 800 1771 821 ‚
1801 763 1849 814 ὅ(
1873 770 2062 816 tutelam
2084 766 2283 818 nostram

221 840 564 904 clementi-{fitne
581 841 823 907 recipimus
840 875 856 897 ,
894 839 1143 906 itaquidem
1159 869 1172 894 ‚
1209 852 1260 887 ut
1282 839 1449 904 pluries
1466 840 1697 885 nominata
1724 839 1810 886 ΡΡ.
1823 838 2171 901 Capucinorum
2188 845 2288 888 An-

218 915 398 963 terioris
420 911 613 961 Austriae
627 911 868 959 Provincia
887 946 902 967 ,
943 914 986 959 in
1014 907 1233 975 quantum
1261 925 1311 956 ea
1338 905 1382 954 se
1398 905 1624 963 extendit,
1654 906 1736 954 haic
1764 907 2076 972 protefiione,
2114 907 2162 958 ὃ(
2180 927 2287 976 prae-

216 982 330 1033 fidio
356 978 740 1048 nostroperpetuo
758 980 957 1046 gaudere
974 1013 990 1036 ,
1022 978 1077 1027 ab
1095 978 1305 1026 omnibus
1332 974 1527 1026 fideliter
1556 975 1605 1027 ὅ(
1633 976 1966 1043 imperturbate
1985 979 2291 1043 permittatur.

219 1109 222 1115 ,
355 1050 631 1101 Mandamus
658 1047 848 1115 proinde
880 1047 1092 1101 omnibus
1119 1047 1306 1105 nostris,
1330 1049 1417 1114 qua
1448 1044 1771 1096 Ecclefiasticis
1790 1083 1806 1105 ,
1839 1052 1926 1114 quit
1960 1046 2187 1097 Civilibus
2200 1050 2288 1115 Ju-

216 1121 393 1173 dicibus
411 1155 427 1178 ,
463 1118 511 1171 ἃ
538 1116 831 1170 officialibus
850 1155 867 1177 ,
903 1117 1141 1175 UrbibuS,
1171 1117 1399 1184 Oppidis,
1424 1119 1556 1186 Pagis
1573 1153 1587 1175 ,
1620 1117 1912 1168 Civitatibus
1932 1152 1949 1175 ‚
1982 1116 2031 1168 δι
2065 1116 2259 1167 Civibus
2275 1121 2305 1176 ,'

216 1206 271 1242 ut
292 1190 404 1260 saepe
429 1191 718 1240 nominatum
751 1193 800 1240 P.
826 1191 1099 1260 Angelicum
1115 1186 1456 1241 Wolffacensem
1473 1225 1487 1247 ,
1527 1190 1770 1238 Vicarium
1785 1190 2060 1239 Generalem
2089 1190 2293 1255 Capuci.

215 1279 415 1319 norum,
445 1279 553 1311 cum
570 1263 809 1311 Provincia
836 1259 910 1310 sua
926 1261 1182 1312 Anterioris
1207 1258 1398 1308 Austriae
1424 1257 1674 1311 secundum
1707 1259 1829 1308 dista
1855 1261 1902 1308 in
1930 1260 2013 1308 hac
2045 1257 2295 1326 proteffio·

216 1351 274 1381 ne
301 1332 450 1383 nostra
475 1346 800 1389 manutenere,
831 1330 879 1383 δε
903 1335 948 1381 in
976 1332 1061 1380 hac
1097 1331 1235 1380 tutela
1253 1327 1401 1378 nostra
1430 1327 1698 1381 conservare
1715 1328 1923 1399 satagant
1940 1365 1953 1378 .
1990 1332 2094 1378 Nec
2113 1326 2194 1396 ipfi
2212 1346 2295 1378 un-

217 1420 357 1469 quam
385 1405 542 1471 gratiae
571 1404 676 1452 huic
702 1400 860 1451 nostrae
887 1404 1112 1453 contraire
1143 1399 1446 1465 praesumant,
1483 1419 1566 1450 nec
1594 1402 1895 1469 permittant,
1927 1414 1977 1453 ut
2007 1401 2030 1448 ἓι
2060 1415 2294 1466 quoquam

216 1475 462 1534 temerario
490 1469 601 1522 ausu
623 1486 783 1522 contra
806 1474 994 1523 eandem
1022 1472 1269 1539 quidquam
1299 1485 1576 1529 attentetur,
1602 1470 1683 1523 nisi
1708 1487 1899 1539 gravem
1921 1469 2292 1537 indignationem

217 1542 414 1594 nostram
438 1544 667 1593 incurrere
693 1542 936 1593 deliberate
966 1545 1139 1594 velint:
1178 1544 1270 1590 haec
1302 1545 1423 1591 enim
1453 1541 1516 1590 est
1544 1558 1670 1589 mens
1710 1541 1760 1590 ὅς
1791 1542 2009 1589 voluntas
2040 1537 2189 1587 nostra
2229 1537 2294 1587 se-

217 1615 307 1663 ria.
348 1617 405 1663 In
444 1631 644 1681 quorum
679 1614 889 1663 omnium
931 1614 1066 1669 fidem
1104 1614 1182 1661 has
1216 1610 1386 1660 nostras
1422 1608 1577 1682 figillo
1614 1608 1823 1663 Caesareo
1849 1611 2047 1663 munitas
2078 1608 2291 1663 dedimus

218 1684 506 1752 Laxenburgi
531 1702 603 1733 ιν.
625 1686 742 1734 Maii
758 1701 913 1734 Moccr.
929 1684 1021 1735 ἃς.

358 1755 593 1804 Provincia
617 1755 704 1802 haec
727 1757 838 1802 inter
868 1759 1021 1804 varias
1045 1753 1341 1819 persicutiones
1357 1786 1373 1809 ,
1395 1751 1451 1800 &⁰
1474 1767 1756 1802 concatenatas
1784 1752 1904 1822 quast
1925 1767 2148 1819 temporum
2181 1753 2295 1803 cala-

216 1828 386 1874 mitates
412 1824 474 1872 ad
485 1822 638 1891 florem
652 1858 666 1881 ,
688 1842 765 1891 quo
789 1826 1157 1892 impraefintiarum
1184 1824 1371 1891 clarescit
1388 1858 1404 1881 ,
1437 1828 1639 1875 excrevit
1655 1860 1671 1881 ,
1708 1842 1854 1892 magna
1890 1844 1944 1874 ex
1967 1839 2091 1891 parte
2113 1824 2298 1876 Acathoe

200 1897 313 1961 'licis
331 1898 547 1961 permixta
572 1894 763 1962 indeseſjb
776 1897 937 1962 simper
953 1897 1094 1945 labore
1108 1895 1262 1945 ‘uberes
1294 1899 1338 1944 in
1375 1894 1504 1944 Vinea
1529 1895 1701 1943 Domini
1729 1898 1898 1964 collegit
1913 1930 1928 1953 ,
1968 1898 2023 1946 <7
2052 1895 2186 1944 adbuc
2216 1897 2301 1944 col-

217 1967 318 2034 ligit
333 2001 348 2024 ,
374 1966 497 2019 Fidei
514 1967 569 2015 &⁶
583 1969 768 2017 virtutis
783 1966 955 2032 sruc‘lus
974 2004 987 2017 .
1025 1965 1128 2016 Inde
1143 1985 1228 2016 eam
1257 1983 1347 2016 tum
1359 1965 1487 2014 Sacra
1510 1964 1631 2013 Sedes
1645 1966 1794 2033 solitis
1824 1966 2184 2032 Miffionariorum
2202 1965 2300 2016 Pri-

217 2038 396 2104 ·vilegiis
408 2072 423 2095 ,
444 2053 531 2085 tum
548 2036 766 2104 Celfiffimi
775 2073 791 2095 ,
818 2055 864 2086 ac
881 2038 1235 2103 Reverendiffi'mi
1251 2038 1441 2104 Epifiopi
1457 2072 1474 2095 ,
1496 2038 1752 2105 Augustanus
1765 2039 1972 2089 ¹videlicet
1985 2073 2001 2097 ‚
2027 2036 2268 2108 Bastleenst's
2281 2072 2298 2096 ‚

223 2106 533 2174 Constantienst's
557 2142 573 2165 ,
617 2107 821 2173 Curiensis
867 2110 959 2159 &a
995 2109 1213 2176 facultate
1254 2109 1422 2159 Fideles
1461 2113 1702 2174 paenitentes
1731 2113 1757 2157 ἃ
1793 2108 1946 2169 cafibus
1965 2107 2058 2178 fibi
2092 2110 2202 2158 alias
2235 2127 2301 2156 re·
2331 2159 2334 2162 ,

211 2177 410 2245 firvatis
446 2177 690 2244 absolvendi
725 2183 967 2228 communire
981 2180 1122 2246 solent
1144 2216 1159 2239 ,
1199 2196 1327 2247 prout
1364 2182 1622 2247 autographa
1644 2181 1898 2229 Documenta
1916 2184 1960 2228 in
1973 2180 2173 2229 Archivo
2193 2178 2297 2228 Pro-

222 2251 378 2300 vinciae
410 2249 698 2315 reconsirvata
715 2248 930 2315 probant,
960 2249 1319 2317 EHquefiecunda
1342 2252 1550 2301 Filiorum
1574 2250 1804 2301 illuft'rium
1822 2249 2002 2300 Mater:
2033 2247 2185 2302 Testis
2215 2250 2301 2298 ἱππ.»

226 2319 369 2368 Coelo
384 2317 550 2366 Fidelis
568 2354 585 2377 ,
621 2339 674 2367 ex
698 2317 960 2389 Sigmaringa
976 2357 991 2380 ,
1014 2323 1139 2384 hujus
1157 2322 1395 2374 Provincia
1412 2358 1427 2381 ‚
1444 2324 1498 2371 &¹
1512 2322 1907 2378 Hochenzolleriani
1928 2317 2194 2386 Principatits
2214 2320 2302 2385 Op-

218 2388 319 2455 pido
344 2423 360 2446 ‚
396 2386 687 2454 Miffi'onarius
699 2389 963 2456 Apostolicus
991 2427 1007 2449 ,
1044 2391 1091 2440 S.
1119 2391 1459 2462 Congregationis
1499 2393 1548 2442 de
1572 2392 1836 2461 propaganda
1868 2392 1973 2441 Fide
1996 2391 2116 2440 ditia
2155 2389 2300 2438 Proto-

225 2473 415 2523 martyr,
448 2463 521 2527 qui
548 2459 702 2526 nuperc'i
722 2458 806 2528 fidi
835 2462 1072 2530 Apotheost
1091 2481 1167 2511 non
1187 2463 1329 2531 sblitm
1353 2465 1534 2532 gloriam
1563 2466 1689 2529 hujus
1726 2464 1963 2514 Provincia·
1991 2498 2006 2522 ,
2033 2461 2116 2529 fid
2138 2464 2298 2513 etiarm.

225 2534 355 2578 totius
383 2529 560 2579 adauxit
575 2532 838 2600 Religionis.
875 2531 1017 2582 Semen
1042 2533 1263 2601 Sanguinis
1286 2533 1463 2603 gloriofi'
1481 2536 1626 2601 sterile
1653 2540 1698 2583 in
1734 2534 1967 2584 Provincia
2008 2551 2085 2580 non
2121 2531 2267 2599 manfit
2282 2568 2298 2589 ,

217 2600 300 2667 fid
311 2635 327 2657 ‚
361 2599 433 2648 ubi
451 2599 676 2666 Martyres
707 2621 785 2651 non
795 2607 940 2670 genuit
954 2640 970 2663 ,
994 2606 1141 2670 plures
1166 2605 1291 2654 beatae
1308 2606 1576 2674 Cotfiffionis
1589 2606 1720 2655 titulo
1745 2604 1919 2672 infignes
1940 2603 2172 2671 produxit.
2199 2601 2301 2659 Jam

226 2674 271 2717 in
284 2685 376 2718 ortu
391 2674 513 2720 unitae
534 2671 771 2724 Provincia
785 2672 867 2722 hac
878 2676 1031 2724 claruit
1070 2676 1146 2725 Fr.
1164 2677 1356 2744 ‘Joannes
1371 2675 1571 2742 Baptis‘i'a
1592 2676 1766 2726 Polonus
1783 2711 1800 2733 ,
1826 2674 1981 2743 Magni
1993 2675 2092 2723 olim
2120 2672 2299 2725 Poloniae

226 2738 477 2789 Cancellarii
493 2741 633 2791 Filius
648 2779 664 2801 ,
699 2761 747 2792 ac
770 2748 860 2807 J‘am
885 2749 929 2794 in
954 2746 1220 2812 adolescentia
1242 2747 1383 2815 Regni
1396 2747 1569 2796 Senator
1586 2782 1601 2804 ,
1627 2751 1743 2810 cujus
1761 2745 2028 2796 venerabilia
2043 2744 2296 2809 extasmfim

226 2808 460 2876 Constantig
476 2810 651 2878 Ecclesia
663 2848 677 2869 ,
696 2813 860 2863 diutina
870 2820 970 2879 jam
985 2817 1206 2867 devotione
1218 2818 1414 2884 discernit
1429 2854 1443 2876 ,
1461 2819 1565 2866 illue
1593 2817 1641 2866 de
1664 2819 1830 2867 veteris
1848 2811 2008 2861 Domas
2029 2811 2295 2880 Ecclfiasiab

213 2880 359 2949 sparsi
367 2879 614 2945 fhavffmi
638 2882 772 2928 odoris
787 2885 979 2950 prodigio
1004 2890 1240 2938 translata.
1263 2889 1361 2938 Hic
1375 2923 1389 2944 ,
1411 2888 1507 2937 dum
1538 2905 1624 2934 cum
1652 2886 1844 2948 Principe
1863 2882 1995 2950 Regis
2024 2881 2201 2932 Poloniae
2218 2884 2294 2932 Fi-

225 2953 287 2998 lio
314 2964 480 2998 exteras
506 2951 710 3016 lustravit
730 2949 963 3017 Regiones,
983 2955 1113 3017 filici
1134 2956 1246 3016 sorte
1280 2957 1517 3005 Mediolani
1535 2956 1593 3002 ad
1607 2954 1818 3001 Palatium
1855 2952 1900 3000 S.
1920 2952 2063 3001 Caroli
2078 2953 2294 3014 Borromgi

226 3021 416 3071 divertit
432 3054 449 3077 ,
484 3019 622 3087 ibique
637 3020 910 3069 Sanflitatem
929 3021 1066 3070 Archi
1085 3022 1268 3089 Prefizlis
1298 3043 1374 3072 non
1400 3023 1564 3071 tantiaem
1594 3028 1769 3071 miratus
1784 3058 1799 3080 ,
1824 3022 1907 3089 sed
1930 3024 1984 3071 ὼ·
2006 3024 2128 3071 illius
2152 3028 2210 3074 vi
2239 3025 2297 3074 ad

222 3090 470 3158 propcfitum
493 3091 686 3151 mutandg
711 3094 813 3150 vite
844 3091 1017 3139 alleHus
1031 3127 1046 3148 ,
1073 3096 1226 3160 regiam
1248 3094 1488 3160 societatem
1515 3093 1670 3160 dimisit
1686 3128 1702 3151 ‚
1737 3097 1846 3141 inter
1878 3093 2102 3159 Capucinos
2128 3093 2293 3143 Habitu

225 3165 475 3227 poenitentioe
507 3165 746 3211 vanitatem
781 3161 921 3209 mundi
950 3159 1100 3228 deflere
1128 3167 1248 3229 coepit
1262 3199 1277 3220 ,
1325 3171 1378 3214 ἐφ’
1409 3168 1454 3212 in
1473 3163 1627 3231 simila
1653 3167 1838 3213 virtutis
1868 3179 1954 3212 tam
1972 3162 2104 3230 felici
2134 3164 2292 3231 asienfit

231 3231 425 3282 adolevit
442 3267 458 3289 ,
496 3246 543 3278 ut
562 3231 733 3296 [aniius
772 3230 968 3279 Antissies
1008 3251 1094 3281 eum
1126 3237 1170 3280 in
1197 3249 1294 3299 opus
1315 3253 1435 3286 novae
1461 3250 1556 3282 tunc
1587 3233 1821 3284 Helveticae
1845 3234 2019 3284 Coloniae
2041 3233 2292 3299 ficerneret.

230 3299 352 3350 'Inter
380 3302 632 3366 Apostolicos
658 3301 818 3349 labores
848 3306 1058 3352 virtutem
1093 3305 1156 3350 ita
1180 3304 1310 3369 polilt
1329 3341 1342 3363 ‚
1383 3321 1430 3353 ut
1461 3306 1520 3353 ad
1544 3302 1850 3370 Definitoratits
1873 3322 2015 3352 munus
2028 3302 2172 3371 fiterit
2198 3325 2295 3355 eve-

236 3371 326 3420 &us
344 3407 357 3420 .
395 3371 558 3421 Habuit
588 3390 675 3421 cum
710 3370 753 3419 S.
786 3371 929 3419 Fidele
956 3373 1203 3437 peculiarem
1229 3374 1469 3440 societatem
1488 3410 1503 3433 ,
1534 3375 1627 3423 dum
1651 3375 1748 3442 suit
1781 3376 1901 3422 illius
1928 3376 1982 3421 (5
1998 3374 2259 3424 Guardianus
2278 3410 2295 3434 ,

238 3447 292 3489 δέ
322 3441 594 3509 Conftffltrius
621 3477 637 3500 ,
670 3460 717 3491 ac
744 3442 904 3491 tandem
938 3445 983 3489 in
1013 3442 1193 3510 procfft
1228 3444 1503 3511 Apotheosios
1529 3444 1648 3493 ecflis
1666 3481 1677 3493 .
1718 3442 1866 3492 Potens
1892 3458 2006 3509 opere
2028 3451 2080 3493 &5
2097 3445 2283 3511 sirmone

239 3515 354 3558 tanto
366 3512 633 3578 familiarior
659 3510 807 3561 enthec'i
828 3512 1134 3578 conversatione
1155 3516 1209 3561 (θ’
1235 3519 1391 3579 pietate
1419 3516 1515 3563 coelo
1539 3514 1766 3565 videbatur
1782 3549 1798 3572 ,
1826 3518 1973 3582 quanto
2002 3515 2158 3583 exofi'or
2174 3535 2263 3564 orco
2277 3550 2292 3572 ,

242 3583 355 3642 cujus
377 3587 552 3632 tentatio
581 3583 641 3631 ad
663 3599 831 3632 mortem
862 3582 985 3650 usque
1006 3583 1205 3648 proditi—la
1232 3585 1326 3632 dum
1354 3586 1535 3634 reddidit
1557 3589 1764 3636 virtutem
1782 3584 1815 3641 J
1819 3589 1959 3633 oannis
1974 3584 2168 3652 Baptistae
2192 3587 2293 3634 cele-

242 3647 414 3698 briorem
434 3687 449 3709 ,
474 3652 687 3719 praedic‘iio
706 3655 951 3722 fitturorum
978 3687 994 3710 ,
1024 3654 1168 3702 donum
1196 3657 1447 3704 curationum
1463 3691 1480 3714 ‚
1516 3655 1820 3723 &sandicum
1850 3658 1983 3722 opinio
2020 3656 2293 3705 commendant

242 3735 329 3766 eam
356 3722 550 3770 memorili
576 3722 830 3789 posterorum
855 3722 1127 3790 digniſjimam
1145 3759 1155 3771 .

381 3787 488 3860 ,Qui
517 3811 595 3860 non
619 3798 752 3845 minus
780 3795 925 3862 dignus
955 3792 1021 3842 essi
1046 3794 1123 3844 Fr.
1141 3792 1341 3860 Mathias
1372 3792 1589 3863 Augietfis
1604 3830 1621 3854 ,
1658 3813 1712 3844 ex
1743 3793 1921 3864 equestri
1955 3794 2292 3847 Herbfieniorum

2118 3885 2234 3935 gene·
