2658 4256
407 257 572 346 108

346 391 600 436 Dionantum
611 379 810 437 Gerpines
832 381 955 438 usque
970 380 1106 423 Bieme
1121 378 1322 422 exclusive
1338 392 1350 421 :

346 448 557 494 Distristus
572 440 825 488 Dionatenfis
841 441 979 485 versus
993 443 1240 483 Hamurcum
1252 452 1351 494 prae·

341 506 531 552 scribitur
545 502 736 548 Godinne
749 529 766 553 ,
785 501 946 544 Pur-nod
960 527 975 550 ,
993 502 1191 541 Doxenne
1213 525 1228 548 ,
1254 497 1357 539 Mia-

342 575 574 623 noytroupe
588 557 781 603 inclufive
795 587 810 611 ,
833 561 872 601 &
891 560 940 601 ab
954 557 1080 601 altera
1102 566 1217 612 parte
1230 558 1356 598 Mosae

343 628 507 670 Riverae
516 651 532 673 ,
545 624 674 668 Cour,
687 619 728 660 δε
741 618 943 662 §.Gerard
959 616 1157 659 exclusive
1171 642 1186 666 ,
1213 616 1351 658 versus

343 682 676 736 Luxemburgum
689 677 811 734 usque
824 677 871 718 ad
883 676 1086 733 Oppidum
1100 676 1139 717 &
1152 673 1349 719 Monaste-

344 745 448 787 rium
464 736 682 782 §.Huberti
697 736 901 779 inclusive.
917 735 1350 778 DistrictusHamurca·

344 817 417 845 nus
435 795 725 853 versasHujum
740 797 860 851 usque
875 794 1119 836 inAndenne
1132 790 1349 842 exclusive,

343 864 384 904 δι
400 859 498 903 ficut
512 854 587 898 fuit
603 866 698 897 ante
715 882 728 905 ‚
744 852 1050 909 comprehendit
1065 852 1188 894 etiam
1203 852 1321 892 Geve
1336 878 1348 889 .

341 919 554 964 Distric'tus
573 914 745 957 Vervius
772 913 908 955 versus
934 912 1136 964 Eupenam
1166 922 1350 964 compre—

342 977 487 1022 hendit
501 973 964 1028 Andriamont,Jayron,
981 969 1181 1019 Rechain,
1197 967 1352 1021 &Thy-

342 1030 999 1080 mffier-DistristusConventuum
1012 1026 1357 1077 Malmundarii,&

340 1090 584 1140 Stabulenfis
597 1084 1356 1140 interConventusLuxemburgensem,

339 1147 959 1200 Arlunensem‚&fiupensem,ut
973 1146 1088 1195 olim,
1099 1144 1353 1199 imposterum

340 1210 615 1255 remanebunt
626 1235 639 1257 ,
652 1206 743 1247 &in
757 1217 871 1261 parte
884 1202 1225 1257 Luxemburgenfi
1241 1214 1352 1244 com-

347 1269 656 1326 prehenduntur
673 1267 783 1306 Reth
798 1290 812 1312 ,
834 1260 1099 1306 Bustemback
1112 1290 1125 1312 ,
1138 1260 1351 1314 Bollange,

341 1329 489 1372 S.Vith
515 1338 605 1367 cum
630 1324 743 1378 ipfius
763 1324 892 1363 Terra
904 1320 1106 1363 Reulanth
1123 1349 1136 1372 ,
1159 1323 1318 1362 Gomen
1334 1345 1349 1368 ,

340 1389 379 1429 &
412 1384 510 1439 Pagi
541 1380 770 1436 adjacentes
801 1379 920 1437 usque
956 1380 1005 1421 ad
1033 1378 1253 1434 Wampach
1268 1406 1283 1428 ,
1309 1377 1349 1417 δε

337 1448 444 1487 Ourt
459 1440 668 1491 inclusive,
685 1439 839 1482 Salmes
854 1453 949 1482 cum
973 1439 1090 1495 ipsius
1109 1441 1237 1480 Terra
1252 1435 1344 1476 Bel-

340 1504 400 1546 lin
416 1531 433 1553 ,
461 1499 666 1543 Lestailles
680 1526 692 1549 ,
719 1500 756 1540 &
772 1499 869 1554 Pagi
891 1496 1123 1554 adjacentes
1136 1500 1257 1551 usque
1272 1495 1351 1535 Bo-

340 1559 558 1607 holimerle
572 1584 586 1605 ,
609 1559 648 1598 &
664 1557 877 1599 Stembach
891 1555 1083 1598 inclusive
1098 1584 1109 1596 .
1138 1558 1349 1613 Qartus:

397 1621 506 1660 Cum
523 1626 659 1658 autem
676 1620 913 1658 Conventus
937 1615 1142 1668 utriusque
1159 1610 1348 1656 Nationis

338 1678 414 1721 sint
436 1677 542 1718 inter
563 1673 601 1717 se
617 1674 760 1724 mixti,
790 1675 829 1715 δι
846 1669 1065 1716 necessarie>
1080 1671 1216 1726 saepius
1232 1668 1349 1724 Regii

337 1750 413 1793 per
429 1733 598 1779 Leodios
612 1762 627 1784 ,
653 1734 691 1774 δι
716 1731 861 1775 Leodii
882 1745 954 1787 per
977 1731 1135 1787 Regios
1154 1733 1350 1773 Conven-

340 1806 408 1838 tus
424 1791 586 1836 tranfire
602 1792 826 1841 debebunt,
840 1792 1075 1833 observetur
1084 1803 1183 1844 erga
1199 1788 1350 1830 transev-

337 1863 455 1897 untes
476 1850 707 1893 omnimoda
722 1876 736 1899 ,
749 1851 789 1891 δι
803 1850 1025 1905 Seraphica
1038 1849 1213 1891 charitas
1226 1875 1242 1897 ,
1262 1845 1350 1902 jux-

338 1923 382 1955 ta
413 1910 515 1953 illud
548 1908 716 1963 Regulae
739 1922 750 1952 :
790 1907 1016 1963 ubicunque
1047 1906 1086 1948 se
1115 1906 1348 1948 invenerint

335 1973 502 2013 Fratres
519 1996 533 2019 ‚
547 1967 756 2010 ostendant
781 1964 817 2008 se
832 1965 1074 2008 domesticos
1090 1964 1263 2006 invicem
1285 1962 1348 2003 in-

335 2041 400 2072 ter
417 2027 452 2070 se
471 2041 487 2080 3
516 2027 557 2066 δι
575 2026 747 2081 quilibet
766 2024 1030 2068 provincialis
1058 2023 1098 2065 in
1118 2020 1319 2077 Capitulis
1335 2049 1350 2072 ,

337 2085 735 2142 congregationibus
759 2113 773 2136 ,
814 2085 853 2126 &
883 2081 1212 2139 quotiescumque
1251 2082 1351 2122 Fra-

334 2156 447 2188 trum
466 2144 635 2185 mutatio
650 2141 719 2185 fiet
734 2172 748 2195 ,
779 2144 930 2198 poterit
945 2156 1018 2198 per
1035 2143 1276 2184 Conventus
1292 2138 1350 2181 al-

336 2203 466 2247 terius
481 2201 604 2258 partis
616 2228 629 2250 ,
644 2200 714 2256 qui
730 2200 870 2243 suntin
886 2199 1252 2251 transstu,mittere,
1269 2211 1348 2240 non

334 2259 463 2321 petita
492 2257 659 2302 licentia
686 2258 1110 2303 illiusProvincialis:
1135 2257 1205 2301 sed
1227 2269 1350 2312 quan-

335 2323 392 2364 do
409 2322 568 2362 fratres
589 2328 705 2360 extra
719 2316 903 2373 praefatos
929 2318 1038 2361 casus
1057 2317 1199 2360 volent
1222 2317 1281 2358 ire
1299 2314 1348 2358 ad

335 2383 575 2423 Conventus
594 2377 766 2419 alterius
783 2378 1001 2418 Provinciae
1014 2405 1029 2428 ,
1043 2375 1251 2418 debebunt
1274 2373 1348 2415 ob·

337 2439 468 2481 tinere
491 2434 798 2478 obedientiales
825 2436 1031 2489 utriusque
1055 2433 1348 2476 provincialis.

335 2498 544 2554 Qintus:
579 2496 656 2536 Pro
679 2495 780 2535 bona
808 2494 911 2535 inter
935 2505 1149 2550 utramque
1178 2493 1348 2535 Provin-

338 2568 445 2600 ciam
468 2552 825 2607 correspondentia
839 2579 855 2602 ,
883 2552 1176 2594 Praedicatnres
1190 2578 1204 2599 ,
1222 2552 1348 2592 maxi-

335 2614 403 2656 me
424 2611 657 2654 stationarii
671 2615 720 2660 ,a
739 2611 828 2651 RR.
850 2613 927 2653 PP.
944 2618 1137 2666 poterunt
1162 2610 1270 2651 mitti
1294 2609 1346 2650 de

333 2686 414 2715 una
427 2673 476 2714 ad
494 2671 611 2712 aliam
639 2683 730 2709 cum
753 2681 893 2710 eorum
914 2668 1131 2712 consensu:
1161 2669 1251 2710 &in
1269 2669 1347 2709 Or·

335 2733 431 2775 dine
447 2729 494 2770 ad
511 2729 702 2781 Capitula
730 2725 948 2781 respective
974 2740 1049 2782 pro
1066 2728 1344 2770 Discretorum

335 2789 546 2835 electione,
563 2784 765 2827 servandae
779 2784 867 2826 sunt
879 2786 1205 2828 Constitutiones
1217 2815 1228 2825 .
1247 2788 1349 2830 Sex·

334 2860 430 2893 tus:
463 2849 612 2886 Omnes
637 2842 841 2896 utriusque
858 2841 1080 2885 Provinciae
1103 2847 1346 2887 Sacerdotes

337 2906 605 2951 celebrabunt
623 2915 740 2945 unam
758 2900 913 2942 Missam
940 2916 1015 2957 pro
1033 2903 1243 2945 Fratribus
1259 2931 1274 2953 ,
1305 2902 1346 2943 δε

337 2977 481 3010 eorum
494 2963 680 3004 Patribus
696 2989 710 3011 ,
725 2961 762 3001 δι
780 2959 979 3002 Matribus
994 2959 1218 3002 defunctis:
1237 2960 1344 3002 idem

338 3022 546 3069 charitatis
588 3033 730 3061 munus
771 3016 990 3059 secundum
1021 3018 1345 3062 Constitutiones

338 3091 589 3138 exequentur
604 3076 756 3121 Clerici
773 3104 786 3127 ,
809 3078 848 3117 δι
864 3077 973 3119 Laici
996 3079 1157 3120 Fratres
1172 3107 1183 3116 .
1209 3077 1347 3132 Septi-

340 3155 456 3186 mus:
482 3141 658 3195 Juvenes
676 3135 724 3180 ad
746 3134 945 3177 Ordinem
961 3136 1259 3190 praetendentes
1281 3149 1346 3177 re-

339 3201 540 3258 cipiantur
554 3199 576 3241 ὲ
591 3193 914 3240 Provincialibus
940 3193 1012 3236 suae
1024 3195 1212 3238 Nationis
1226 3223 1241 3246 ,
1265 3195 1342 3237 eti-

340 3259 433 3304 amfi
452 3255 575 3300 essent
591 3254 759 3297 alterius
773 3251 969 3294 districtus
985 3281 996 3292 .
1028 3254 1172 3297 Leodii
1194 3255 1341 3309 13.Ju-

340 3319 384 3364 lii
405 3329 527 3372 1703.
556 3317 622 3357 Fr.
640 3311 862 3367 Angelicus
878 3311 1166 3363 Wolfacenfis,
1192 3313 1350 3356 Defini-

341 3390 411 3422 tor
424 3405 439 3428 ,
460 3378 498 3418 &
513 3371 807 3418 Commiffarius
823 3370 1038 3414 Generalis
1052 3386 1107 3415 ε
1123 3375 1189 3416 Pr.
1203 3371 1350 3416 Dioni-

344 3439 417 3482 ssus
434 3431 751 3478 Malmundarius
774 3429 1037 3474 Provincialis
1062 3447 1118 3475 =
1145 3432 1352 3476 [ἥκοιμι-

338 3498 428 3541 dius
446 3492 638 3536 Leodien.
657 3489 857 3534 Definitor
870 3504 927 3531 =
942 3490 1208 3534 Fr.Pacificus
1223 3495 1353 3535 Dron-

341 3565 503 3599 centen.
530 3550 730 3594 Definitor
766 3564 824 3591 ε.-
863 3551 931 3592 Fr.
958 3548 1195 3592 Vincentius
1227 3553 1354 3594 Seno-

347 3628 438 3671 gen.
471 3609 672 3653 Definitor
703 3624 760 3651 .-.·-
797 3611 861 3651 Fr.
887 3609 1085 3651 Barnabas
1112 3610 1352 3653 Chiniacen.

345 3671 492 3718 Custos
516 3684 572 3711 =
599 3673 666 3712 Fr.
684 3669 838 3724 Eligius
862 3667 1066 3711 Leodien.
1090 3669 1260 3712 Custos.

405 3734 512 3773 Cum
526 3736 660 3772 autem
674 3756 687 3778 ,
709 3729 806 3773 ficut
823 3728 964 3770 eadem
980 3725 1176 3782 expositio
1191 3726 1348 3784 subjun-

345 3790 492 3847 gebat,
523 3788 602 3844 ipse
629 3792 875 3831 Procurator
897 3786 1146 3837 Generalis,
1178 3788 1344 3830 attentis

344 3846 567 3907 praemiffis,
601 3847 746 3892 dietam
767 3846 1001 3892 divifionem
1027 3846 1223 3904 expedire
1254 3860 1347 3890 cen-

1099 243 1693 333 Provincia

1411 380 1522 421 seat-2
1555 376 1685 420 Nobis
1702 379 1918 433 propterea
1934 373 2060 419 totiu‘s
2073 376 2304 423 Definitorii
2330 409 2345 431 ,
2377 381 2420 422 ὃς

1410 438 1576 480 Ordinis
1602 434 1753 492 praefati
1783 435 1945 477 nomine
1973 436 2179 480 humiliter
2205 438 2420 495 supplicari

1418 495 1514 540 fecit
1529 525 1543 548 ,
1569 507 1613 537 ut
1637 498 1674 537 in
1693 492 1889 551 praemiffis
1914 496 2141 549 opportune
2168 498 2386 551 providere
2405 527 2419 550 ‚

1415 559 1484 607 δι,
1513 565 1557 597 ut
1580 554 1684 596 infra
1699 583 1712 606 ,
1739 552 1949 608 indulgere
1971 554 2024 595 de
2051 551 2297 610 benignitate
2309 560 2420 614 Apo-

1413 615 1550 658 stolica
1569 615 1853 668 dignaremur.
1888 615 1974 654 Nos
2000 613 2121 667 igitur
2133 613 2304 668 ejusdem
2319 619 2422 660 Pro-

1410 675 1611 717 curatoris
1627 671 1844 714 Generalis
1861 673 1963 712 votis
1979 699 1993 722 ,
2028 674 2104 712 hac
2128 671 2170 714 in
2194 686 2265 724 re,
2294 688 2421 729 quan-

1409 734 1496 776 tum
1516 746 1607 773 cum
1626 732 1804 774 Domino
1818 728 2037 785 possumus,
2058 728 2339 774 favorabiliter
2351 746 2421 776 an-

1408 805 1529 835 nuere
1548 790 1733 832 volentes
1750 817 1763 840 ,
1791 803 1962 845 eumque
1986 790 2007 830 a
2031 788 2231 843 quibusvis
2255 803 2421 834 excom·

1409 850 1698 892 municationis'
1709 850 1833 891 &c.&
1848 848 2077 890 absolutum
2093 846 2181 891 fore
2193 846 2421 901 censentes,

1412 907 1640 963 hujusmodi
1674 907 2028 963 supplicationibus
2059 906 2282 957 inclinati,
2313 906 2422 951 de„

1415 966 1719 1011 Venerabilium
1746 968 1936 1009 Fratrum
1969 966 2209 1009 Nostrorum
2242 967 2282 1007 S.
2302 966 2421 1008 RAE.

1417 1025 1700 1069 cardinalium
1732 1025 1904 1080 negotiis
1930 1053 1944 1077 ,
1987 1026 2027 1066 δι
2055 1022 2423 1069 consultationibus

1418 1085 1707 1141 Episcoporum
1723 1113 1738 1136 ,
1764 1085 1805 1125 ἃ.
1818 1084 2088 1138 Regularium
2103 1084 2422 1139 praepositorum,

1413 1154 1611 1200 quatenus
1630 1143 1874 1186 relationem
1889 1144 1993 1184 Ven.
2009 1143 2160 1185 Fratris
2178 1143 2314 1184 Nostri
2344 1142 2423 1184 Ni-

1411 1203 1515 1245 colai
1538 1201 1722 1257 Episcopi
1741 1200 1973 1244 Portuenfis
1987 1228 2002 1252 ,
2032 1200 2208 1258 ejusdem
2239 1203 2279 1243 S.
2299 1201 2352 1242 R.
2372 1201 2422 1241 E.

1411 1261 1639 1304 Cardinalis
1661 1258 1857 1314 Acciajoli
1874 1260 2120 1316 nuncupati,
2136 1260 2231 1301 dicti
2256 1259 2423 1300 Ordinis

1410 1319 1514 1376 apud
1542 1324 1657 1367 Nos,
1683 1320 1723 1360 &
1748 1318 1896 1363 §edem
1910 1318 2183 1373 apostolicam
2210 1320 2424 1361 ProteSto-

1409 1383 1462 1423 ris
1476 1408 1490 1431 ,
1511 1378 1627 1433 super
1641 1377 1840 1433 praemiffis
1854 1376 2123 1428 audiverunt,
2148 1391 2195 1419 ac
2211 1376 2419 1430 pra-inser-

1413 1450 1479 1481 tos
1494 1437 1689 1480 articulos
1706 1436 1896 1480 viderunt
1908 1463 1922 1485 ,
1936 1447 2059 1493 atque
2076 1435 2233 1478 mature
2248 1448 2421 1492 perpen-

1409 1498 1589 1547 derunt,
1611 1495 1807 1548 confilio,
1833 1496 1942 1539 disto
1966 1496 2168 1550 Angelico
2193 1494 2423 1537 Ex-Vica-

1408 1558 1500 1603 rio,
1525 1556 1566 1596 δε
1583 1553 1823 1602 Definitori,
1853 1567 2012 1596 necnon
2026 1550 2308 1596 Commissario
2332 1554 2422 1594 Ge·-

1408 1613 1538 1658 nerali
1565 1612 1811 1669 supradit‘tos
1829 1612 1972 1655 decem
1990 1615 2229 1656 Conventus
2256 1612 2306 1652 ab
2334 1610 2423 1654 aliis

1410 1686 1559 1716 novem
1584 1673 1870 1714 Conventibus
1893 1669 2093 1725 praefatis,
2119 1670 2216 1712 ficut
2242 1669 2422 1722 praemit-

1410 1733 1510 1775 titur
1524 1759 1537 1782 ,
1551 1731 1791 1773 auctoritate
1819 1729 1950 1771 nostra
1967 1729 2193 1786 Apostolica
2218 1729 2421 1784 perpetuo

1409 1788 1674 1846 segregandi,
1700 1791 1734 1831 &
1763 1786 2003 1844 separandi,
2033 1802 2078 1830 ac
2095 1801 2147 1829 ex
2165 1788 2226 1828 his
2243 1788 2415 1836 decem,

1408 1862 1526 1891 unam
1550 1847 1806 1898 Wallonam,
1838 1859 1888 1888 ex
1905 1845 2078 1900 praefatis
2104 1845 2204 1888 verb
2233 1860 2415 1889 noverm,

1406 1907 1690 1951 Conventibu's
1715 1908 1766 1947 sic
1797 1905 2019 1961 segregatis
2044 1907 2085 1947 &
2110 1905 2328 1960 separatis,
2359 1903 2420 1945 al-

1411 1976 1539 2009 teram
1573 1962 1838 2009 Leodiensem
1881 1964 2101 2019 respective
2135 1961 2418 2019 nuncupandas

1409 2024 1644 2069 Provincias
1661 2022 1767 2065 dieti
1784 2023 2025 2066 auctoritate
2040 2022 2183 2064 itidem
2207 2021 2417 2077 perpetuo

1408 2081 1619 2138 erigendi,
1644 2084 1681 2123 &
1707 2080 1969 2131 instituendi,
1996 2081 2159 2136 ipfisque
2185 2082 2300 2121 novis
2314 2081 2420 2119 Pro-

1410 2141 1580 2192 vinciis,
1605 2141 1643 2181 &
1662 2140 1820 2183 illarum
1836 2140 2116 2182 Conventibus
2144 2137 2339 2194 praedistis
2365 2135 2421 2177 li-

1410 2203 1527 2243 mites
1543 2227 1556 2249 ,
1577 2197 1750 2241 confinia
1766 2227 1781 2252 ,
1807 2196 2005 2240 districtus
2018 2228 2032 2251 ‚
2059 2200 2096 2240 &
2111 2196 2418 2250 quaestuationes

1409 2259 1520 2314 juxta
1533 2257 1726 2300 articulos
1743 2255 1997 2313 praeinsertos
2013 2286 2027 2309 ,
2053 2258 2303 2299 authoritate
2320 2267 2422 2308 prae-

1409 2316 1491 2360 fata
1505 2314 1720 2370 affignandi
1735 2343 1750 2366 ,
1779 2315 2024 2369 omniaque,
2047 2316 2087 2356 &
2102 2314 2250 2371 singula
2278 2314 2356 2356 alia
2378 2312 2420 2355 in

1408 2374 1559 2418 eisdem
1577 2373 1755 2416 articulis
1783 2382 1977 2414 contenta
1991 2401 2005 2423 ,
2031 2375 2070 2415 δι
2084 2373 2263 2428 expressa
2277 2401 2292 2424 ,
2318 2385 2420 2427 prae-

1408 2435 1513 2477 dicta
1545 2433 1794 2473 authoritate
1825 2431 2043 2473 ordinandi
2070 2461 2084 2483 ,
2114 2432 2343 2481 statuendi,
2379 2430 2421 2471 &

1409 2490 1637 2536 executioni
1659 2490 1896 2532 demandari
1911 2489 2109 2540 faciendi,
2122 2502 2418 2546 quamcumque

1409 2548 1662 2594 neeessariam
1678 2578 1691 2600 ,
1715 2550 1755 2590 &
1780 2559 2053 2603 opportunam
2076 2548 2311 2593 facultatem
2326 2577 2340 2599 ‚
2371 2549 2413 2589 δε

1407 2607 1615 2653 licentiam
1637 2609 1783 2650 eadem
1798 2608 2075 2658 authoritate,
2089 2618 2236 2651 tenore
2252 2607 2420 2661 praescn-

1405 2670 1532 2718 tium,
1567 2667 1813 2716 tribuimus,
1838 2667 1878 2707 δι
1905 2666 2189 2722 impertimur3
2222 2663 2328 2710 salva
2354 2675 2419 2707 ta-

1408 2740 1499 2770 men
1524 2724 1680 2781 semper
1694 2725 1733 2767 in
1750 2724 1949 2781 praemiffis
1963 2726 2215 2767 authoritate
2227 2729 2416 2778 Congre-

1408 2786 1582 2840 gationis
1600 2794 1915 2827 memoratorum
1931 2782 2211 2825 Cardinalium
2225 2811 2236 2821 .
2254 2785 2415 2824 Decer-

1407 2854 1551 2888 nentes
1577 2843 1732 2885 easdem
1764 2840 1977 2896 praesentes
2003 2842 2142 2883 literas
2175 2840 2310 2883 firmas
2336 2842 2414 2882 διε.

1406 2906 1502 2945 Non
1516 2901 1766 2944 obstantibus
1780 2899 2163 2951 &c.Wallonicae,ac
2178 2900 2286 2943 illius
2300 2902 2415 2942 Con-

1407 2971 1603 3002 ventuum
1618 2957 1844 3013 hujusmodi
1861 2986 1875 3008 ,
1889 2957 2026 3000 aliisve
2040 2958 2243 3015 quibusvis
2256 2958 2410 3008 ,etiarn

1405 3019 1636 3076 juramento
1659 3019 1736 3059 &c-
1778 3015 2023 3059 confirmatis
2052 3045 2066 3066 ,
2103 3018 2144 3058 &
2180 3016 2407 3058 innovatis.

1406 3078 1566 3132 Quibus
1582 3077 1766 3119 omnibus
1780 3076 1858 3117 διε.
1885 3076 1926 3116 δι
1938 3073 2124 3130 expresse
2137 3073 2384 3129 derogamus
2396 3104 2413 3128 ‚

1405 3135 1642 3191 caeterisque
1666 3133 1878 3177 contrariis
1908 3133 2252 3190 quibuscumque.

1462 3199 1614 3238 Datum
1637 3195 1776 3237 Roma:
1798 3190 1905 3248 apud
1934 3196 1974 3235 S.
1996 3196 2164 3236 Petrum
2189 3192 2257 3233 sub
2273 3194 2412 3233 Annu-

1399 3253 1443 3297 lo
1457 3252 1668 3298 Piscatoris
1700 3253 1767 3294 die
1789 3266 1822 3294 1.
1843 3250 1982 3294 Martii
2010 3264 2216 3296 mocc1v.
2240 3249 2413 3294 Pontifi-

1409 3322 1524 3357 catus
1541 3312 1679 3358 Nostri
1694 3313 1815 3354 Anno
1837 3318 2008 3367 quarto.

1992 3488 2042 3530 1³.
2065 3484 2271 3529 Oliverius
2286 3514 2298 3526 .

1467 3664 1713 3722 Autograpb.
1726 3664 1769 3705 in
1784 3664 1927 3706 Secret.
1943 3660 2131 3706 Brevium
2155 3658 2287 3721 Apost.
2315 3665 2412 3718 Reg-

1520 3722 1639 3782 mens}
1662 3724 1710 3773 θ’
1732 3725 1827 3767 anm'
1842 3724 1969 3778 pred.
1979 3719 2065 3780 fol.
2087 3735 2151 3778 ¹3·
