2658 4256
359 276 420 355 4

293 452 344 479 na
362 435 627 478 Providentia
645 431 787 473 PAPA
808 427 931 466 XIV.
946 436 991 463 ac
1013 421 1141 465 Nobis
1155 450 1167 471 ,
1188 419 1253 462 die
1271 421 1330 461 in-

294 492 531 549 frascripta,
547 490 703 534 nomine
726 496 800 526 tuo
823 482 1090 536 supplicatum
1107 478 1226 520 fuerit
1244 506 1260 528 ,
1288 489 1332 519 ut

295 554 343 595 ad
362 550 527 595 salutem
542 549 775 590 Animarum
798 568 811 591 ,
842 553 887 581 ac
908 537 1105 579 haerefium
1121 564 1135 587 ‚
1166 538 1331 577 &erro-

294 624 382 652 rum
401 606 713 650 confutationem
733 598 894 644 Tibi-,ac
908 595 998 637 aliis
1015 593 1190 650 ejusdem
1208 593 1331 635 Ordi-

295 670 355 709 nis
373 657 753 709 SacerdotibusTibi
771 654 951 709 subjectis
964 650 1222 708 quoscunque
1236 665 1332 707 pro-

293 726 443 767 hibitos
471 724 594 764 libros
613 744 625 766 ,
653 714 868 770 praeserzim
887 716 1003 754 Sacra
1023 709 1152 752 Biblia
1182 711 1322 765 vulga-

293 784 347 825 ris
374 778 571 822 idiomatis
601 773 762 828 legendi
785 799 799 822 ,
835 768 877 811 &
903 766 1133 818 retinendi,
1161 769 1322 811 haereti·

292 855 361 884 cos
389 834 643 891 quoscunque
660 832 882 872 redeuntes
898 856 911 878 ‚
939 828 978 868 &
995 827 1242 881 poenitentes
1260 842 1323 869 re-

292 893 497 952 cipiendi3
527 904 685 933 necnon
701 886 896 931 Novitios
911 884 1003 926 dieti
1031 884 1196 928 Ordinis
1213 913 1228 934 ·,
1256 885 1322 928 vel

290 957 405 1002 alios,
421 952 524 993 illius
543 948 736 992 Habitum
752 944 945 998 suscipere
971 942 1155 986 volentes
1168 973 1181 996 ,
1196 947 1217 986 a
1234 945 1326 988 cafi-

291 1016 361 1055 bus
388 1009 482 1051 Sedi
503 1006 739 1061 Apostolicae
766 1000 984 1046 reservatis
1011 999 1246 1045 absolvendi
1277 1004 1325 1045 li-

290 1070 395 1112 centi
408 1081 456 1107 un
470 1092 484 1114 ,
497 1067 533 1105 ὃς
550 1063 783 1105 ficultatem
797 1060 1025 1105 concedere
1043 1060 1322 1117 dignaremur.

342 1125 590 1180 Nos,quibus
610 1123 646 1163 in
667 1120 803 1176 primis
819 1120 936 1162 cordi
954 1120 1024 1170 est,
1042 1130 1085 1163 ut
1100 1122 1229 1162 omnis
1247 1122 1322 1161 hae-

286 1187 413 1227 retica
434 1183 609 1237 pravitas
624 1211 638 1233 ,
667 1181 689 1222 ὲ
708 1181 943 1222 cunctorum
964 1181 1162 1222 mentibus
1178 1179 1322 1234 depel‹

288 1244 398 1284 latur
412 1270 425 1291 ,
451 1243 489 1282 &
503 1255 599 1282 oves
615 1243 847 1282 aberrantes
861 1238 908 1280 ad
924 1238 1096 1279 caulam
1117 1237 1317 1280 Dominici

285 1302 431 1355 Gregv's
457 1299 600 1343 sedulo
627 1299 874 1342 reducantur
900 1323 914 1346 ,
946 1297 1318 1352 cunctorumquah,

284 1358 616 1403 Chrmifidelium
653 1354 779 1397 saluti
827 1353 999 1410 provide
1042 1353 1277 1398 consulatur
1304 1382 1319 1405 ,

283 1433 329 1460 ac
358 1418 607 1469 summopere
635 1416 847 1468 cupientes
870 1440 886 1463 ‚
919 1422 961 1452 ut
994 1415 1037 1455 S·
1063 1413 1278 1455 Catholica
1301 1440 1316 1464 ,

284 1479 322 1517 ἃ
338 1474 573 1518 Orthodoxa
596 1472 714 1514 Fides
736 1473 883 1525 ubique
909 1471 1054 1513 floreat
1074 1497 1088 1520 ι,
1114 1473 1316 1526 &augea-

283 1548 349 1578 tur
363 1563 377 1586 ,
397 1533 648 1577 Auctoritate
673 1528 900 1582 Apostoliea
918 1529 1048 1571 Nobis
1068 1530 1107 1570 in
1128 1530 1202 1572 hac
1224 1543 1316 1582 par-

282 1605 323 1635 te
337 1589 535 1635 commissa
551 1619 565 1641 ,
592 1590 740 1632 Tibi&
755 1602 829 1642 pro
843 1597 1026 1641 tempore
1052 1586 1236 1630 existenti
1253 1585 1317 1627 di·

287 1657 355 1694 61ae
370 1649 590 1694 Provinciae
608 1653 661 1691 Ν.
679 1645 957 1696 Provinciam,
981 1658 1028 1686 ac
1052 1645 1144 1687 aliis
1163 1645 1219 1686 tui
1236 1645 1314 1685 Or-

282 1711 383 1754 dinis
412 1709 617 1753 Fratribus
647 1707 802 1755 doctis,
833 1706 873 1746 ὁ(
905 1702 1312 1760 prudentibus‚Tibi

281 1769 554 1827 subjeftis‚per
571 1769 631 1810 Te
649 1792 662 1812 a
687 1766 739 1808 de
754 1763 920 1806 consilio
939 1789 953 1812 ς
978 1761 1221 1806 &consensu
1242 1762 1317 1802 Pa-

282 1839 390 1872 trum
407 1827 681 1870 Diffimtorum
698 1821 880 1878 Capituli
899 1823 1168 1864 Provincialis
1187 1821 1315 1874 depu-

281 1887 413 1931 tandis
429 1915 443 1937 ,
466 1895 513 1927 ut
528 1884 782 1939 quoscunque
805 1882 1088 1923 haereticorum
1102 1908 1116 1930 ‚
1135 1880 1202 1922 seu
1217 1879 1314 1922 alias

281 1945 509 1999 prohibitos
536 1944 659 1987 libros
684 1971 697 1991 ‚
737 1940 862 1984 ctiam
893 1940 932 1979 in
964 1939 1103 1982 Indice
1130 1941 1315 1983 Romano

282 2005 482 2047 librorum
514 2000 813 2057 prohibitorum
827 1998 1114 2040 damnatorum
1130 2025 1143 2048 ,
1160 1994 1318 2052 praser-

284 2063 358 2103 tim
394 2060 581 2104 volumen
617 2063 832 2103 Sacrorum
869 2057 1097 2101 Bibliorum
1136 2055 1314 2111 vulgaris

281 2119 487 2163 idiomatis
502 2146 517 2169 ‚
547 2118 724 2173 exceptis
749 2129 881 2160 tamen
903 2116 1048 2158 Caroli
1066 2115 1236 2159 Molinei
1251 2143 1265 2166 ,
1279 2115 1320 2156 &

283 2176 448 2223 Nicolai
474 2175 735 2226 Machiavelli
775 2177 967 2230 operibus
993 2200 1007 2222 2
1043 2189 1089 2219 ac
1126 2174 1240 2217 libris
1267 2173 1320 2214 de

292 2235 518 2290 Astrologia
535 2235 746 2291 judiciaria
764 2233 1028 2279 tractantibus
1041 2259 1056 2282 ,
1088 2232 1163 2275 sine
1182 2243 1322 2273 tamen

285 2296 461 2337 aliorum
489 2293 703 2345 scandalo,
733 2291 1002 2349 autpericulo
1028 2291 1287 2334 censurarum
1307 2317 1321 2340 ,

284 2355 325 2395 &
351 2364 551 2406 paenarum
572 2351 753 2403 incursu3
779 2353 828 2396 ad
852 2349 1060 2401 effectum,
1088 2361 1134 2392 ut
1158 2344 1322 2405 praefer-

286 2417 354 2454 tur
370 2438 384 2460 ‚
415 2407 576 2451 haereses
591 2434 604 2456 a
622 2409 659 2450 &
676 2420 837 2451 errores
854 2409 1126 2464 redarguendi
1143 2437 1157 2458 ‚
1175 2408 1217 2449 δι
1230 2421 1322 2448 con-

287 2467 469 2517 futandi,
504 2468 681 2523 legere,
703 2467 743 2508 &
771 2467 947 2510 retinere
971 2465 1109 2507 „libere
1144 2467 1181 2508 δε
1207 2464 1322 2506 licite

289 2529 327 2571 in
358 2527 567 2581 partibus,
594 2525 632 2567 in
661 2525 804 2577 quibus
830 2521 996 2569 haereses
1019 2523 1185 2578 impune
1211 2519 1321 2577 gras-

289 2586 452 2631 santur,
479 2585 519 2627 δι
544 2597 623 2624 non
642 2581 739 2624 alibi
757 2611 771 2633 ,
799 2580 974 2638 ponitis,
1006 2583 1045 2623 δι
1063 2580 1258 2628 valeatis,
1282 2582 1320 2622 &

291 2644 467 2699 quilibet
498 2640 669 2683 vestrum
703 2640 845 2695 possit,
869 2654 913 2683 ac
944 2641 1106 2685 valeat:
1142 2638 1321 2693 injunfio

290 2712 425 2744 tamen
446 2702 525 2750 iis,
544 2701 686 2755 quibus
702 2699 907 2742 licentiam
926 2698 1156 2752 hujusmodi
1170 2699 1320 2752 impar·

292 2760 404 2803 tieris
430 2787 443 2808 ,
485 2768 527 2797 ut
565 2767 701 2800 notam
742 2759 942 2800 librorum
980 2758 1283 2815 prohibitorum
1307 2785 1321 2808 ‚

261 2866 264 2873 Ι
290 2832 389 2875 quos
421 2817 586 2870 legent,
617 2826 685 2856 aut
709 2817 975 2868 retinebunt,
1006 2817 1098 2859 Tibi
1119 2815 1326 2874 quampri-

293 2879 408 2921 mum
434 2873 647 2916 exhibeant
664 2901 679 2923 ,
704 2882 749 2916 ut
764 2872 789 2915 fi
805 2874 971 2917 interim
985 2888 1126 2918 eorum
1146 2876 1327 2931 aliquem

289 2951 340 2978 ex
358 2937 431 2976 hac
455 2933 537 2974 vita
554 2932 725 2985 migrare
749 2931 972 2986 contigerit
988 2958 1003 2981 ,
1029 2934 1123 2975 libri
1148 2933 1324 2989 praedicti

290 2994 386 3039 Tibi
409 2990 694 3044 consignentur
713 3018 726 3042 ,
757 2999 801 3031 ut
827 2988 1044 3043 provideas
1068 2991 1294 3045 diligenter
1311 3020 1327 3041 ,

294 3068 343 3096 ne
361 3051 409 3094 ad
427 3050 596 3093 aliorum
616 3061 753 3090 manus
777 3048 992 3091 deveniant
1006 3076 1020 3099 ,
1053 3047 1120 3091 sed
1137 3061 1324 3102 tempore

293 3110 408 3165 hujus
425 3107 629 3151 facultatis
645 3105 794 3162 elapso,
810 3109 888 3150 una
902 3119 993 3149 cum
1010 3106 1123 3149 libris
1142 3107 1326 3161 prohibi·

292 3172 343 3211 tis
359 3197 372 3219 ,
403 3181 503 3224 quos
519 3165 596 3219 ipse
611 3166 756 3220 legerit
770 3194 782 3215 ,
796 3166 859 3208 vel
878 3165 1117 3216 retinuerit,
1132 3165 1214 3221 igni
1228 3179 1326 3206 con·

292 3226 464 3271 burendi
480 3225 705 3268 tradantur.
732 3227 930 3270 Praeterea
948 3224 1068 3273 Tibi,
1083 3225 1123 3265 &
1137 3237 1210 3276 pro
1227 3235 1327 3265 tem-

291 3302 338 3330 re
364 3284 541 3328 existenti
560 3285 802 3329 Provinciali
818 3313 833 3335 ,
855 3298 899 3326 ac
916 3282 1004 3325 aliis
1018 3282 1196 3336 ejusdem
1215 3282 1327 3324 Reli·

291 3346 420 3401 gionis
439 3343 723 3386 Sacerdotibus
738 3342 910 3393 idoneis,
926 3356 996 3397 per
1010 3343 1071 3384 Te
1093 3341 1145 3385 de
1159 3340 1327 3384 consilio

292 3407 333 3446 &
355 3399 541 3445 consensu
568 3401 841 3445 Diffinitorum
860 3401 1173 3443 Provincialium
1197 3401 1326 3456 depu-

298 3462 433 3506 tandis
452 3488 464 3511 ,
506 3461 545 3501 δι
575 3461 623 3503 ad
650 3460 890 3505 Paenitentiae
916 3463 1223 3503 Sacramentum
1252 3460 1325 3502 mi-

296 3518 542 3570 nistrandum
557 3520 634 3569 ,ab
647 3535 724 3570 co,
755 3519 807 3563 ad
830 3533 951 3576 quem
970 3519 1143 3575 spectat,
1176 3533 1324 3573 appro-

298 3580 430 3628 batis,
463 3587 508 3619 ut
534 3590 670 3620 omnes
698 3581 736 3622 &
766 3578 940 3637 singulos
968 3578 1177 3635 utriusque
1211 3576 1322 3620 sexus

297 3647 383 3680 tam
403 3635 542 3679 Laicos
558 3664 571 3686 ,
601 3638 716 3693 quarn
730 3638 915 3684 Clericos
930 3637 1143 3680 Saeculares
1163 3665 1175 3689 ,
1204 3640 1323 3679 &cu-

257 3709 259 3711 ’
295 3694 420 3753 jusvis
445 3693 610 3736 Ordinis
638 3697 889 3752 Regulares‚
918 3696 1135 3740 Haereticos
1159 3724 1174 3746 ,
1207 3696 1321 3739 Schi-

297 3754 507 3800 mancos,
531 3754 571 3793 &
600 3757 623 3799 ὲ
647 3757 686 3797 5.
705 3756 799 3798 Fide
827 3755 1045 3799 Catholica
1062 3755 1320 3810 quomodoli-

296 3813 364 3859 bet
392 3813 627 3870 aberrantes
649 3841 662 3868 ,
696 3814 937 3875 illorumque
963 3814 1176 3858 credentes
1195 3843 1208 3867 ,
1239 3829 1320 3858 non

1051 236 1210 323 Mo
1227 258 1277 312 n
1297 259 1346 313 u
1369 258 1442 312 m
1459 255 1563 310 en
1583 251 1617 311 t
1632 255 1683 312 a

294 386 404 429 rem,
419 390 556 419 coram
573 378 639 418 SS.
651 376 760 415 D.N.
771 372 820 411 D.
838 362 1201 413 B'ENEchQ
1220 362 1333 405 Divi-

1397 371 1528 405 tamen
1554 360 1592 400 in
1625 359 1818 410 bqaeresl‘ts‘,
1845 357 2009 402 schisma*
2033 363 2103 412 ,ἃς
2122 378 2282 408 errores
2313 366 2419 408 feld-

1394 419 1509 474 psos,
1538 429 1610 459 aut
1637 417 1689 459 de
1717 421 1774 460 cis
1802 416 2008 474 injudicio
2021 417 2202 475 delatos,
2230 424 2295 468 vel
2319 437 2419 465 con-

1394 479 1607 518 demnatos
1624 503 1638 527 ‚
1668 490 1743 518 nec
1761 490 1830 518 eos
1845 503 1858 526 ,
1886 475 2056 530 quisunt
2081 493 2130 522 ex
2147 483 2350 535 partibus,
2374 483 2416 524 in

1391 534 1537 590 quibus
1556 535 1670 591 viget
1701 534 2026 590 S.1nquisitionis
2042 534 2251 592 Officium,
2263 542 2314 583 de
2329 542 2418 597 qui.

1393 594 1464 633 bus
1493 593 1755 635 nihilominus
1781 596 1821 635 S.
1841 595 1891 634 D.
1909 595 1959 634 Ν.
1984 593 2114 648 Papa,
2143 607 2210 638 aut
2236 599 2312 641 hoc
2340 613 2413 640 no.

1391 651 1515 692 strum
1545 650 1815 707 Inquisitionis
1838 650 2026 693 Officium
2044 648 2304 707 consulatur,
2331 660 2416 700 pae.

1382 709 1557 751 nitentes
1581 709 1742 764 quidem
1757 709 1805 752 ad
1824 711 1911 761 Te,
1943 709 2006 752 vel
2022 709 2316 753 Provincialem
2341 729 2415 768 pro

1385 779 1574 822 tempore
1599 768 1835 812 existentem
1860 798 1874 821 ‚
1906 778 1974 810 aut
2001 767 2243 810 Sacerdotes
2278 769 2417 822 pradi-

1384 831 1466 868 stos
1492 827 1534 867 in
1564 826 1694 882 aliqua
1724 837 1842 882 parte
1867 828 1977 870 dista:
1991 826 2213 869 Provinciae
2239 829 2292 868 Ν.
2322 839 2419 868 con-

1385 884 1548 927 stitutos
1565 910 1578 933 2
1596 885 1656 927 seu
1677 887 1895 929 residentes
1910 915 1924 937 ‚
1940 886 2078 941 sponte
2106 885 2317 928 venientes
2331 910 2346 930 ³
2381 886 2420 926 δι

1388 944 1437 983 ad
1465 947 1504 985 S.
1522 945 1667 985 Matris
1681 945 1865 988 Ecclesiae
1879 947 2078 1000 gremium
2104 943 2255 999 recipi,
2286 945 2326 984 δι
2350 944 2422 985 ad-

1386 1002 1494 1044 mitti
1519 1002 1730 1046 humiliter
1753 999 1994 1060 postulantes
2020 1031 2035 1053 ,
2067 1004 2116 1045 ab
2142 1001 2421 1044 excommuni-

1384 1060 1585 1113 cationis,
1617 1062 1872 1118 suspensionis
1893 1093 1907 1116 ,
1937 1060 2225 1112 &interdisti,
2255 1058 2421 1114 aliisque

1384 1119 1668 1163 Ecclesiasticis
1695 1121 1936 1173 sententiis,
1967 1120 2171 1172 censuris,
2203 1122 2243 1161 δε
2267 1119 2417 1175 paeniS,

1382 1179 1525 1232 quibus
1560 1190 1778 1235 propterea
1800 1179 1949 1223 fuerint
1969 1179 2182 1227 innodati,
2217 1179 2257 1219 in
2289 1177 2418 1220 forma

1384 1236 1572 1279 Ecclefiae
1593 1238 1783 1283 consueta
1799 1268 1813 1290 ,
1843 1239 2019 1292 'injuncta
2045 1238 2141 1282 inde
2166 1236 2225 1278 eis
2242 1249 2318 1291 pro
2334 1248 2421 1276 mo-

1381 1295 1436 1337 do
1466 1296 1590 1351 culpae
1619 1299 1850 1351 paenitentia
1882 1298 2075 1348 salutari,
2105 1299 2145 1338 ἃ
2173 1296 2259 1338 aliis
2289 1291 2421 1348 injun-

1381 1351 1522 1409 gendis
1540 1381 1554 1403 ,
1588 1368 1708 1412 prout
1723 1371 1865 1401 eorum
1880 1355 1998 1399 saluti
2014 1355 2106 1398 Tibi
2122 1383 2136 1406 ,
2165 1353 2229 1395 vel
2245 1351 2421 1395 Provin-

1379 1411 1476 1453 ciali
1506 1425 1582 1468 pro
1608 1423 1823 1473 tempore,
1854 1425 1927 1459 aut
1953 1412 2246 1458 Sacerdotibus
2277 1409 2421 1465 praedi-

1378 1471 1449 1513 ctis
1476 1474 1669 1527 expedire
1697 1475 1933 1526 videbitur,
1969 1474 2008 1515 in
2047 1472 2137 1515 foro
2164 1468 2419 1513 conscientiae

1380 1532 1539 1570 tantum
1568 1533 1670 1575 citra
1698 1533 1823 1578 ullam
1857 1531 2182 1576 habilitationem
2206 1557 2220 1579 ,
2264 1537 2331 1570 aut
2357 1526 2423 1568 di·

1380 1585 1672 1641 spensationem
1699 1592 1934 1640 absolvere,
1965 1593 2005 1632 δι
2033 1595 2075 1635 5.
2094 1588 2218 1631 Matri
2238 1584 2422 1629 Ecclesiae

1377 1644 1671 1688 reconciliare:
1705 1653 1793 1692 Nec
1809 1663 1888 1692 non
1901 1677 1914 1699 ,
1930 1657 1973 1690 ut
1987 1645 2194 1690 universos
2209 1674 2222 1695 ,
2237 1647 2278 1686 δι
2293 1644 2424 1698 fingu-

1380 1703 1440 1744 los
1469 1702 1522 1745 de
1541 1704 1728 1749 Partibus
1756 1707 1977 1762 praedietis,
2007 1708 2078 1761 qui
2107 1706 2232 1746 libros
2263 1703 2425 1744 haereti-

1380 1773 1522 1804 Cotum
1538 1788 1551 1810 a
1584 1763 1649 1806 seu
1677 1765 1777 1809 alias
1794 1764 2050 1819 prohibitos,
2078 1762 2200 1806 etiam
2217 1762 2255 1802 in
2274 1759 2417 1802 Indice

1378 1819 1563 1862 Romano
1577 1822 1776 1866 librorum
1790 1825 2088 1880 prohibitorum
2105 1820 2423 1868 contentos,fci-

1378 1880 1718 1937 enterlegerint,
1752 1883 1816 1927 vel
1833 1883 2104 1933 retinuerint,
2138 1879 2422 1921 haereticorum

1381 1953 1542 1994 quoque
1554 1968 1567 1990 ‚
1581 1942 1621 1982 &
1638 1940 1993 1984 Schismaticorum
2009 1949 2288 1994 receptatores
2303 1965 2314 1987 ,
2332 1934 2421 1977 fau-

1381 2010 1519 2048 tores,
1545 2001 1584 2040 &
1612 1999 1839 2044 defensores
1868 2030 1882 2053 ‚
1913 2002 1982 2056 qui
2008 1999 2174 2042 illorum
2205 1994 2420 2039 haerefibus

1383 2071 1463 2100 non
1490 2057 1775 2112 adhaeserunt,
1804 2063 1844 2102 &
1872 2061 1910 2101 in
1939 2057 2120 2101 *futurum
2146 2053 2421 2109 abejusmodi

1384 2115 1607 2171 perniciosa
1635 2118 1810 2160 lectione
1826 2147 1839 2170 ,
1873 2116 1936 2160 vel
1953 2118 2185 2160 retentione
2204 2115 2243 2155 &
2259 2111 2424 2154 excelli·

1385 2176 1457 2217 bus
1482 2175 1675 2225 praedictis
1697 2176 1896 2219 abstinere
1912 2175 2083 2218 firmiter
2109 2171 2422 2230 proposuerint,

1385 2230 1569 2273 similiter
1595 2234 1644 2274 ab
1671 2234 2105 2277 excommunicationis
2124 2259 2138 2282 ‚
2169 2231 2209 2270 &
2234 2229 2324 2270 aliis
2342 2231 2422 2270 Ec·

1384 2288 1608 2332 clesiasticis
1625 2290 1859 2343 sententiis,
1877 2291 2081 2342 censuris,
2112 2291 2152 2330 δι.
2167 2287 2310 2343 ρεεηῑεο
2334 2288 2423 2341 qui'

1384 2349 1457 2391 bus
1472 2359 1686 2403 propterea
1702 2348 1853 2392 fuerint
1869 2350 2048 2393 innodati
2064 2377 2077 2400 ‚
2110 2349 2148 2389 in
2175 2345 2318 2388 eadem
2334 2346 2420 2387 for·

1386 2421 1448 2448 ma
1465 2407 1647 2452 Ecclefiae
1660 2409 1876 2460 consueta,
1892 2408 2073 2466 injuncsstis
2091 2407 2242 2463 pariter
2265 2405 2322 2446 eis
2339 2417 2419 2460 pae·

1383 2467 1567 2507 nitentiis
1590 2467 1860 2517 salutaribus,
1890 2469 1931 2509 &
1955 2467 2043 2509 aliis
2075 2463 2355 2521 injungendis,
2380 2463 2421 2504 5¹¹

1384 2523 1475 2566 foro
1500 2525 1758 2569 conscientia:
1773 2527 2006 2577 absolvere,
2037 2526 2076 2566 &
2093 2526 2292 2567 liberare:
2315 2520 2422 2564 insu·

1382 2595 1455 2638 per
1479 2582 1531 2626 de
1561 2583 1722 2640 speciali
1754 2586 1944 2630 mandato
1970 2588 2009 2628 S·
2027 2587 2078 2626 D.
2096 2588 2147 2626 N.
2166 2586 2278 2636 Papae
2295 2611 2308 2634 a
2323 2581 2423 2621 ‘'3¹'ae

1386 2642 1494 2682 vocis
1520 2645 1688 2687 oraculo
1714 2646 1843 2688 Nobis
1876 2643 2004 2694 facto,
2037 2654 2080 2685 ut
2097 2642 2288 2684 Novitios
2309 2641 2423 2682 dietae

1385 2699 1614 2754 Religionis
1633 2731 1647 2754 ,
1677 2703 1947 2746 &Saeculares
1970 2702 2142 2744 eandem
2161 2700 2421 2753 Religionem

1390 2759 1754 2813 ingredivolentes
1773 2792 1788 2815 ‚
1822 2763 1846 2804 si
1872 2764 1945 2804 sint
1972 2775 2023 2803 ex
2036 2761 2246 2816 partibus,
2279 2760 2316 2799 5⁰
2335 2756 2423 2810 φή·

1385 2813 1461 2861 bus
1492 2819 1654 2864 haereses
1686 2821 1851 2877 impune
1880 2819 2101 2876 grassantur
2121 2845 2135 2865 -,
2166 2821 2212 2859 ab
2234 2816 2420 2858 omnibus

1389 2878 1540 2919 casibus
1552 2907 1565 2928 ,
1578 2882 1751 2933 peccatis
1765 2907 1778 2930 ,
1789 2878 2025 2928 excessibus,
2041 2876 2132 2919 sedi
2149 2874 2390 2927 Apostolicae
2403 2900 2419 2921 ‚

1389 2936 1515 2977 etiam
1541 2937 1582 2978 in
1610 2939 1725 2981 Bulla
1750 2938 1817 2979 die
1833 2941 1973 2978 Coenae
1988 2933 2150 2977 Domini
2177 2931 2257 2985 legi
2275 2930 2420 2972 solita...

1388 2992 1604 3035 reservatis
1621 3023 1634 3045 ,
1660 3009 1734 3051 pro
1749 3010 1826 3039 una
1846 2995 1933 3035 vice
1959 2993 2148 3040 tantum,
2181 2988 2206 3030 fi
2231 2989 2283 3029 de
2306 3001 2421 3029 corn-

1387 3050 1506 3093 miffis
1529 3066 1576 3093 ex
1601 3054 1727 3097 corde
1753 3053 1922 3094 doleant
1941 3078 1953 3101 ,
1983 3052 2023 3092 δι
2046 3051 2084 3092 in
2111 3048 2287 3091 futurum
2303 3046 2423 3088 absti-

1385 3110 1712 3166 nereintendant
1728 3138 1743 3161 ,
1771 3110 1957 3164 injunctis
1974 3110 2030 3152 eis
2053 3107 2304 3165 poenitentiis
2322 3105 2423 3146 salu-

1389 3166 1569 3222 taribus»,
1600 3171 1640 3212 &
1661 3171 1749 3213 aliis
1775 3169 2053 3225 injungendis,
2083 3168 2122 3208 in
2149 3165 2293 3208 eodem
2328 3162 2418 3206 foro

1390 3225 1646 3271 conscientiae
1673 3229 1831 3272 tantum
1858 3228 2072 3270 absolvere
2090 3224 2235 3279 possitis
2251 3251 2263 3273 2
2293 3223 2333 3264 ὃ(
2349 3237 2420 3266 va·

1393 3285 1536 3337 leatis,
1567 3288 1605 3327 δε
1631 3289 1805 3342 quilibet
1827 3286 1998 3330 vestrum
2022 3283 2133 3341 poffit
2153 3313 2164 3335 ‚
2195 3285 2234 3324 δι
2256 3282 2387 3324 valeat
2404 3310 2418 3323 -

1393 3344 1486 3386 Tibi
1503 3346 1600 3386 vcro
1628 3347 1725 3394 soli,
1755 3349 1794 3392 δι
1825 3345 2070 3389 Provinciali
2100 3357 2172 3397 pro
2202 3354 2416 3395 ternpore,

1386 3413 1433 3446 ut
1462 3417 1551 3445 cum
1569 3403 1708 3448 iisdem
1724 3406 1927 3452 Novitiis,
1959 3406 1996 3445 δι
2014 3402 2269 3456 Religionem
2284 3401 2418 3454 ingre-

1388 3461 1598 3504 dientibus
1616 3491 1629 3514 ,
1661 3467 1686 3506 ss
1706 3463 1879 3507 haeretici
1897 3462 2077 3513 fuerint,
2109 3469 2176 3502 aut
2196 3474 2245 3501 ex
2266 3462 2415 3502 Paren-

1385 3521 1494 3562 tibus
1526 3523 1719 3565 haerericis
1747 3522 1982 3577 procreati,
2013 3534 2059 3562 ut
2088 3518 2173 3574 post
2200 3515 2414 3560 emissam-a

1385 3578 1665 3634 professionem
1680 3580 1728 3623 ad
1743 3580 1919 3625 Ordines
1933 3581 2054 3623 etiam
2071 3581 2215 3620 Sacros
2233 3605 2244 3627 ,
2259 3578 2298 3616 δι
2315 3578 2414 3618 Pre-

1385 3638 1641 3692 sbyteratum
1662 3640 1891 3694 promoveri
1909 3638 2076 3695 possint«,
2112 3634 2135 3676 fi
2152 3636 2262 3677 aliud
2286 3635 2414 3689 impe-

1385 3696 1608 3740 dimentum
1623 3701 1857 3743 canonicum
1873 3699 1930 3740 eis
1949 3712 2027 3739 non
2043 3693 2223 3745 obsistat,
2256 3693 2413 3749 dispen-

1383 3753 1468 3797 sare
1488 3784 1501 3806 ,
1531 3756 1770 3814 eosdemque
1802 3757 1851 3799 ad
1885 3757 2028 3812 gradus
2050 3783 2063 3802 2
2095 3753 2344 3808 dignitates,
2373 3753 2411 3792 &

1383 3827 1543 3860 munera
1559 3816 1784 3873 Religionis
1802 3816 2020 3860 habilitare
2035 3845 2048 3867 ,
2082 3813 2318 3912 facultatzm
2331 3822 2412 3909 leos

2239 3886 2257 3913 a
2291 3885 2326 3909 Ιο
2344 3891 2362 3899 -
