2638 4204
566 220 619 302 6
1155 217 1233 303 P
1283 220 1285 222 ’
1334 223 1345 229 ”
1478 222 1562 302 'n
1587 245 1625 302 c
1662 221 1676 236 '
1707 244 1758 302 a

392 350 553 390 Minores
558 350 612 396 ‚de
623 349 855 399 Obseruantia
869 351 1216 402 nuncupati,aliquod
1231 350 1416 388 Decretum
1430 352 1450 386 ἅ
1460 351 1499 387 S.
1512 349 1784 397 Congregatione
1797 349 2012 387 obtinuerint
2026 350 2046 395 (
2054 361 2094 386 ne
2109 351 2201 389 citur
2211 362 2324 390 tamen
2339 375 2350 398 ‚
2375 353 2446 401 ‘qua

393 400 457 435 vid
468 423 480 443 ,
494 400 575 448 jure
587 422 597 442 ,
623 409 685 436 aut
698 401 750 436 rei
765 403 913 439 veritate
922 410 1083 448 poterant
1097 403 1134 435 in
1152 400 1210 437 hoc
1223 396 1282 448 effe
1295 399 1413 449 molesti
1427 399 1541 437 Sacra
1553 398 1822 450 Congregationi
1835 407 1849 441 )
1864 399 1904 433 in
1915 410 1978 445 quo
1989 400 2168 446 imponam
2182 401 2256 447 fuit
2268 412 2354 439 tunc
2372 402 2446 439 Or-

393 447 533 484 dinario
546 471 559 491 ‚
587 447 800 485 Conventum
813 462 879 485 non
893 451 953 501 effe
967 449 1165 497 erigendum
1181 475 1191 486 .
1212 449 1301 497 Q
1315 447 1434 489 relatio
1450 471 1462 491 ‚
1479 446 1603 496 siquid
1617 446 1715 498 obeffe
1727 447 1848 483 debuit
1861 447 1951 493 apud
1977 447 2016 484 S.
2030 447 2329 494 Congregationem
2347 451 2447 498 parti

393 496 496 534 alteri
509 522 524 541 ,
547 492 622 546 effet
646 496 721 530 ideo
734 520 746 540 ,
771 499 852 544 quia
861 501 1039 535 modernus
1048 498 1214 534 Dominus
1227 495 1443 534 Ordinarius
1458 507 1524 530 non
1544 496 1790 532 recordabatur
1799 494 2105 542 fundamentorum
2117 496 2136 542 (
2144 494 2450 547 filtemprincipa-

391 546 542 592 uorum)
556 549 592 580 in
606 545 729 593 quibus
743 546 874 582 veritas
886 547 1142 595 Capacinorum
1151 545 1322 588 solidatur
1337 557 1346 580 ι
1368 552 1430 592 pro
1458 555 1525 591 qua
1548 545 1699 580 veritate
1717 544 1805 579 idem
1827 542 2113 628 &sempercstetit
2126 566 2139 586 ‚
2160 544 2203 584 ὼ·
2214 544 2347 592 defaiio
2381 557 2419 585 at
2436 569 2451 592 ‚

392 602 456 651 nist
476 597 517 632 ab
540 592 652 641 aliquo
676 595 928 631 contrariorum
949 596 1062 631 minus
1085 593 1170 630 reste
1184 595 1430 644 informaretur
1443 616 1451 632 ,
1479 591 1794 639 &persuaderetur
1805 620 1812 629 .
1825 623 1827 627 .
1844 589 1972 639 Neque
2021 592 2160 639 apucini
2174 603 2324 640 unquam
2373 588 2448 642 ive-

393 659 480 687 runt
491 672 503 690 ,
550 643 690 680 uiduam
703 651 828 689 agatur
842 645 933 679 circa
944 643 1004 679 hoc
1017 642 1174 679 ultimum
1186 668 1195 682 ‚
1218 653 1325 690 neque
1338 640 1426 689 quod
1434 651 1491 687 ego
1506 643 1667 676 moverim
1681 640 1812 688 causam
1824 665 1836 683 ‚
1853 649 1915 688 per
1932 650 2037 675 meum
2054 638 2178 676 Filium
2193 663 2206 683 ,
2232 651 2338 689 neque
2364 643 2447 694 quid

392 698 497 747 noster
513 658 628 730 lisinas
643 715 657 734 ‚
671 690 713 732 ὼ·
725 688 834 728 Rnus
847 691 1058 739 responderit
1068 715 1077 725 .
1094 690 1156 726 Ad
1170 691 1353 728 Decretum
1365 699 1491 731 autem,
1502 698 1565 736 quo
1579 698 1659 724 ante
1671 700 1776 724 annos
1787 688 1920 737 aliquot
1930 698 2014 726 tunc
2031 689 2266 737 imponebatur
2277 690 2342 737 piae
2354 701 2448 733 meins

392 743 586 783 Ordinario
591 738 763 789 silentium
778 762 790 781 ‚
803 750 844 775 ne
853 739 1039 787 quidquam
1054 747 1136 786 agat
1148 763 1161 781 ,
1184 749 1246 776 aut
1257 739 1315 786 agi
1324 739 1504 786 permittat
1515 738 1609 771 circa
1622 736 1815 774 erefiiionem
1828 737 2026 773 Conventus
2041 761 2055 780 ‚
2069 738 2132 773 vix
2146 737 2185 775 S.
2192 737 2420 786 Congregatio
2434 740 2450 784 ὅ

391 796 447 833 nti
456 793 560 829 omnis
571 787 733 826 veritatis
746 788 1140 834 amatrix‚gubernatrix
1152 787 1194 828 ὠ·
1204 781 1680 835 propagatrix,consenfiffit.fi
1689 786 1743 821 eid
1747 798 1794 821 em
1804 786 1948 822 alterius
1959 786 2078 822 Partis
2089 787 2222 822 veritas
2229 785 2325 834 pleni
2331 783 2451 836 furffet'

387 842 548 894 propofita
565 862 577 883 ,
588 847 650 886 pro
665 846 732 883 qua
735 834 906 883 steterunt
921 833 1110 871 Ordinarii
1121 833 1184 871 loci
1197 835 1311 872 multis
1325 834 1439 876 annis,
1450 845 1557 868 omnes
1572 833 1812 880 Magusum&
1826 834 1979 870 ‘Domini
1992 833 2453 884 Regni,confiderantesfru-‘

391 892 476 929 fiam
495 890 536 930 ῖς·
559 884 740 935 profefiinm
752 885 944 918 animarum
956 883 1037 919 iude
1050 883 1268 931 resultantem
1280 907 1292 926 ,
1317 883 1377 929 qui
1387 882 1545 917 unanimi
1557 889 1633 916 voto
1658 882 1700 923 ὼ·
1721 883 1879 931 consensu
1906 884 1944 918 in
1962 882 2118 919 Comitiis
2132 881 2360 920 Generalibus
2374 909 2384 924 ‚
2409 883 2450 919 in

391 941 516 989 quibus
530 933 744 973 ordinarius
759 931 903 978 primam
908 930 1036 979 semper
1050 941 1142 967 tenet
1145 932 1257 978 sedem
1269 955 1282 975 ,
1309 932 1336 967 S
1339 929 1619 976 congregatione·
1621 928 1864 977 supplicarunt
1877 956 1890 974 ‚
1911 939 1952 967 ut
1964 930 2009 965 ad
2021 942 2135 967 eorum
2146 941 2227 969 vota
2237 932 2279 973 ὠ·
2289 930 2451 981 desideria

391 990 599 1036 dignaretur
613 982 650 1030 Je
666 978 838 1016 inclinare
850 1004 862 1023 ‚
883 980 927 1020 (θ’
936 978 1078 1026 benign?
1095 979 1271 1015 concedere
1282 980 1425 1026 petitam
1439 976 1632 1013 erefiionem
1647 979 1846 1016 Conventus
1855 988 1917 1028 pro
1934 979 2118 1027 Capucinis
2132 980 2171 1015 in
2180 980 2265 1015 diflo
2275 979 2341 1016 loco
2352 1005 2366 1024 ‚
2390 979 2449 1022 uti>

390 1039 430 1074 in
446 1032 665 1085 praesentibus
674 1036 770 1076 patet
784 1050 797 1071 ‚
821 1037 966 1075 quarum
979 1025 1146 1073 exemplar
1159 1050 1172 1069 ,
1185 1025 1385 1063 incredibile
1396 1023 1439 1074 est
1451 1050 1463 1070 ,
1482 1026 1570 1073 quod
1591 1024 1773 1074 aliquando
1788 1028 1827 1065 S.
1833 1029 2099 1075 Congregationi
2104 1028 2220 1076 fuerit
2234 1029 2423 1067 exhibitum
2438 1053 2452 1070 ,

390 1084 591 1121 invenietur
602 1087 712 1115 autem
727 1075 816 1123 apud
836 1075 877 1113 P.
892 1074 1162 1111 ‘Procuratorem
1177 1073 1375 1111 Generalem
1390 1076 1641 1122 Capacinorum
1663 1076 1914 1113 Authenticum
1939 1076 1981 1117 &¹
2005 1075 2172 1123 originale
2185 1102 2195 1113 .
2220 1077 2363 1126 Accefft
2383 1086 2454 1114 auf

389 1143 457 1171 tem
469 1133 494 1169 S
497 1140 585 1166 acrae
603 1126 754 1174 Caesareae
769 1122 949 1170 Regiaeque
968 1122 1156 1171 Majestatis
1170 1122 1343 1171 consensus
1355 1123 1397 1163 &⁰
1412 1131 1528 1159 votum
1539 1146 1548 1156 .
1576 1122 1663 1172 ch
1679 1125 1790 1158 omnia
1808 1125 1850 1166 ὼ·
1863 1123 1969 1160 multa
1983 1124 2053 1160 alia
2072 1125 2110 1159 in
2121 1126 2285 1174 *favorem
2297 1128 2446 1174 Capuci·

388 1192 530 1222 norum,
547 1178 578 1226 si
585 1176 681 1224 prius
693 1182 771 1210 nota
791 1174 832 1210 S.
846 1171 1112 1219 Congregationi
1131 1169 1274 1221 fuiffitnt
1289 1195 1301 1214 ‚
1325 1171 1447 1218 absque
1462 1169 1528 1206 ullo
1541 1170 1644 1207 dubio
1651 1171 1723 1219 jam
1734 1171 1882 1214 dudum,
1903 1174 1959 1209 uti
1976 1174 2035 1220 pia
2057 1173 2101 1213 ὠ·
2128 1175 2277 1221 benigna
2293 1175 2411 1211 Mater
2430 1197 2445 1218 ‚

386 1230 433 1267 ad
444 1229 494 1265 rei
507 1227 688 1263 veritatem
691 1221 760 1269 sese
773 1218 982 1270 inclinasset,
1008 1219 1129 1267 absque
1137 1219 1335 1268 praejudicio
1346 1219 1490 1255 alterius
1499 1220 1612 1266 partis
1623 1244 1634 1262 ‚
1662 1219 1751 1266 quod
1772 1219 2009 1267 praejudicium
2035 1220 2149 1257 nullus
2176 1222 2237 1257 hac
2262 1223 2300 1257 in
2321 1223 2442 1270 patria

385 1276 563 1326 agnoscit,
583 1272 646 1320 nist
658 1270 779 1315 aliquae
794 1268 945 1315 Personae
959 1266 1132 1316 Religiosae
1147 1291 1160 1310 ‚
1184 1268 1229 1304 ad
1241 1279 1324 1315 quas
1337 1279 1404 1302 non
1428 1267 1604 1313 pertinet,
1632 1267 1674 1308 ὅς’
1695 1267 1742 1303 hae
1757 1267 1877 1315 forsan
1891 1277 1952 1316 per
1973 1270 2150 1315 proprium
2167 1267 2323 1319 intereffe
2344 1295 2354 1310 ,
2379 1279 2443 1307 aut

377 1324 542 1376 persuasae
560 1351 566 1357 .
593 1322 678 1358 Cum
692 1319 803 1365 igitur
828 1317 870 1357 ὼ·
884 1316 967 1352 mihi
990 1317 1083 1352 inter
1097 1315 1180 1351 alios
1199 1327 1264 1351 non
1278 1325 1399 1363 parum
1427 1315 1602 1351 incumbat
1611 1317 1772 1363 promotio
1787 1315 1888 1364 hujus
1898 1317 1977 1352 boni
1991 1316 2033 1358 ἐς*
2040 1316 2122 1366 justi
2136 1318 2244 1364 operis
2257 1319 2274 1365 (
2277 1317 2444 1375 siquidem

385 1373 479 1422 apud
492 1383 540 1408 me
553 1371 622 1419 jam
637 1377 716 1404 ante
726 1365 857 1412 aliquot
869 1372 974 1400 annos
985 1363 1210 1413 depofitumstt
1221 1365 1315 1410 pium
1333 1365 1495 1410 Legatum
1517 1371 1578 1410 pro
1602 1363 1817 1413 construendo
1841 1365 1878 1399 in
1906 1364 1990 1400 ditio
2012 1363 2080 1401 loco
2098 1365 2171 1403 FP.
2185 1366 2442 1413 Caput-morum

383 1424 567 1460 Conventa
579 1443 589 1458 ,
612 1417 670 1464 qui
685 1413 769 1450 alias
781 1414 920 1449 unicum
934 1413 1058 1449 habent
1072 1414 1110 1447 in
1125 1412 1183 1448 hoc
1196 1411 1339 1460 Regno)
1356 1423 1439 1447 neve
1462 1410 1564 1447 etiam
1581 1410 1727 1459 legantis
1752 1414 1866 1448 anima
1885 1415 2049 1461 privetur
2059 1413 2124 1460 suo
2144 1413 2301 1462 desiderio
2315 1415 2441 1464 absque

382 1470 531 1517 legitimo
548 1465 778 1513 impedimento
789 1485 801 1504 ‚
827 1458 1180 1509 devotiffimbsupplica
1198 1460 1399 1496 Eminentiis
1414 1455 1452 1495 V
1447 1459 1541 1509 estris
1553 1482 1566 1500 ,
1589 1461 1778 1507 dignentur
1790 1461 1971 1510 injungere
1981 1461 2175 1498 Ordinario
2189 1461 2418 1512 Zagrabienfi
2426 1485 2442 1508 ‚

385 1528 427 1556 ut
440 1515 637 1553 introducat
649 1510 750 1546 difflos
762 1508 944 1557 Religiosos
957 1510 1145 1555 Capucinos
1162 1506 1200 1545 V
1195 1509 1392 1555 arasdinum
1401 1531 1414 1550 ‚
1438 1508 1527 1554 quod
1548 1508 1648 1544 unic&
1667 1509 1829 1557 desiderat
1842 1534 1854 1551 ,
1879 1512 1922 1552 &⁰
1936 1509 2083 1558 expefilat
2094 1534 2105 1549 ,
2131 1510 2174 1551 ὼ·
2191 1519 2298 1558 nuper
2311 1511 2439 1560 [χρ-,ε

331 1556 334 1559 ”
384 1564 470 1604 taffo
481 1562 608 1612 pauore
618 1557 816 1607 protestatus
828 1556 870 1606 esi
882 1580 893 1600 ,
902 1556 990 1604 quod
999 1557 1039 1591 in
1049 1557 1253 1604 conscientia
1269 1565 1427 1593 teneatur
1442 1555 1525 1592 dare
1539 1568 1656 1593 veram
1667 1558 1710 1598 &¹
1717 1557 1837 1608 justam
1846 1559 2118 1606 informationem
2131 1583 2143 1601 ‚
2163 1559 2252 1606 quod
2265 1559 2445 1607 Capua-ini

385 1624 532 1652 unacum
544 1609 642 1646 aliis,
668 1608 727 1653 qui
743 1606 792 1641 ibt‘
805 1613 982 1640 morantur
994 1627 1008 1644 9
1024 1603 1189 1650 facillimi
1201 1605 1243 1644 ὠ·
1257 1603 1495 1650 οοννινηοάὶΙῘῙνηέ
1507 1604 1620 1652 poffint
1634 1607 1754 1643 vivere
1768 1634 1778 1648 ,
1813 1620 1824 1642 t
1846 1608 1884 1644 S.
1907 1607 2137 1654 Congregatio
2163 1607 2221 1642 hoc
2237 1607 2280 1642 ab
2306 1608 2372 1656 ipso
2387 1619 2441 1644 re-

383 1664 507 1711 quirat
520 1683 532 1702 ,
556 1666 618 1694 aut
629 1654 687 1703 ipfi
697 1652 915 1689 demandabit
930 1674 939 1683 .
964 1648 1026 1688 Ne
1037 1662 1116 1698 ergo
1131 1652 1333 1687 Eminentiis
1347 1649 1384 1687 V
1380 1651 1470 1701 eJlris
1485 1654 1612 1688 iterum
1623 1654 1773 1701 proxime
1801 1664 1909 1691 utura
1918 1654 2101 1692 Generalis
2117 1655 2344 1702 Congregatio
2364 1654 2434 1692 Re·

377 1711 443 1760 gni
456 1710 494 1744 in
508 1707 568 1743 hoc
579 1702 753 1752 molestiam
768 1700 899 1748 inferat
911 1723 923 1742 ,
948 1710 1020 1745 quae
1029 1701 1147 1745 priora
1160 1698 1248 1735 certo
1263 1701 1388 1736 iterum
1411 1701 1601 1747 iterumque
1614 1701 1823 1748 confirmabit
1837 1730 1846 1743 .
1878 1703 1950 1738 Emi
1954 1705 2079 1739 nentiis
2095 1699 2221 1752 Vestris
2238 1701 2431 1752 demififfime

374 1756 528 1809 supplico
540 1778 553 1798 ‚
579 1754 767 1799 dignentur
780 1750 947 1796 imponere
951 1745 1056 1792 finem
1073 1759 1147 1783 cum
1160 1747 1352 1794 favorabili
1363 1748 1519 1786 Decreta,
1531 1747 1575 1782 ad
1589 1747 1907 1798 Reverendiffimum
1922 1750 2153 1787 Ordinarium
2167 1751 2442 1799 Zagrabienseni³

379 1815 444 1855 pro
458 1802 645 1852 Capucinis
655 1821 666 1832 .
692 1797 770 1845 Etsi
779 1796 917 1832 aliunde
929 1803 999 1830 tam
1012 1795 1123 1841 rigide
1140 1819 1152 1837 ‚
1181 1796 1224 1836 (θ’
1240 1796 1350 1832 minus
1361 1795 1617 1832 rationabiliter
1633 1797 1834 1846 absisteretur
1849 1824 1856 1835 .
1883 1799 2071 1845 dignentur
2095 1798 2295 1836 Eminentiae
2311 1798 2432 1849 Vestra

384 1853 561 1900 requirere
572 1841 768 1894 Proceffum
779 1869 791 1888 ‚
816 1843 928 1894 Regni
936 1841 1070 1883 literas,
1081 1843 1123 1885 ὠ·
1132 1841 1202 1880 alia
1211 1845 1232 1881 (ῑ
1244 1843 1292 1881 R.
1303 1844 1347 1881 P.
1359 1843 1590 1885 Procuratore
1602 1845 1768 1885 Generale
1780 1847 2029 1897 Capucinorum
2042 1871 2052 1889 ,
2078 1847 2201 1895 quibus
2218 1860 2269 1885 me
2280 1847 2440 1899 demisffi-

387 1900 438 1939 m?
451 1897 636 1938 commendo
655 1895 697 1936 ὼ·
706 1903 820 1929 maneo
835 1916 846 1928 .

574 2051 688 2090 Emin.
702 2050 797 2087 ‘DD-
811 2045 1005 2099 Vellrarum
1015 2074 1026 2088 .

494 2163 552 2203 Ex
572 2158 719 2214 Regest.
736 2158 961 2200 Memorial.
979 2157 1143 2201 Archiv}
1172 2161 1348 2202 Procurae
1378 2159 1578 2202 Generalis
1593 2158 1672 2219 fol.
1691 2161 1788 2218 769.

1905 2278 2119 2329 Devotifflma
2129 2280 2243 2319 Serva

1288 2384 1502 2452 Camittffit
1516 2382 1688 2436 ‹Jslaria
1702 2383 1766 2436 M
1763 2387 1975 2455 agdalena·
1981 2388 2265 2440 Draslcovich
2286 2425 2299 2439 .

475 2512 703 2550 Protraheme
716 2514 752 2550 S.
767 2512 1050 2559 congregatione
1068 2513 1264 2562 responsum
1276 2512 1310 2551 in
1323 2511 1479 2550 exaffius
1492 2512 1540 2549 rei
1556 2524 1619 2551 exa
1626 2524 1708 2551 men
1720 2538 1734 2558 ‚
1760 2517 1793 2551 &
1808 2515 1947 2560 longius
1961 2524 2093 2565 tempus
2106 2539 2119 2561 ,
2147 2516 2218 2553 alio
2241 2513 2355 2552 medio
2369 2515 2431 2552 Fa·

382 2565 478 2604 brice
496 2561 694 2601 monasterii
707 2561 772 2597 fuit
785 2560 918 2609 incepta
933 2586 946 2607 ,
972 2562 1008 2598 &
1024 2562 1137 2599 finita.
1332 2572 1335 2574 ·

655 2785 1102 2830 DECRETO
1699 2791 2176 2834 DECRETO.

514 2903 559 2952 S.
579 2903 822 2971 Congregat.
840 2899 1233 2973 Epifi.&‘Regul.
1571 2904 1616 2956 S.
1644 2907 1842 2976 Congreg.
1881 2908 2016 2976 Eptst.
2044 2910 2098 2957 &⁵
2127 2909 2284 2977 Regul.

375 3038 434 3085 In
460 3030 590 3082 causa
615 3029 915 3097 praecedentiae
934 3035 1148 3084 Novitios
1166 3035 1373 3086 Clericos
1432 3039 1489 3086 In
1516 3035 1594 3084 lite
1625 3035 1682 3085 de
1703 3042 1805 3100 Jure
1832 3035 2008 3087 sedendi
2034 3038 2078 3086 in
2097 3035 2290 3087 Ecclefia
2318 3037 2433 3087 Col-

443 3105 560 3152 inter
573 3128 585 3138 ·
605 3100 651 3151 δι
672 3101 830 3150 Laicos
847 3100 1066 3154 Profeffos
1083 3103 1266 3157 solitum
1286 3103 1371 3157 ser·
1499 3106 1664 3175 legiata
1685 3109 1897 3157 Civitatis
1928 3109 2147 3157 Fluminis
2164 3144 2180 3167 ,
2218 3111 2322 3158 RR.
2343 3111 2432 3158 PP.

445 3173 542 3224 vari
552 3169 764 3237 jubetur.
1496 3173 1820 3236 'Reform-atos,
1857 3177 1904 3230 ἃ
1933 3182 2106 3228 Fratres
2126 3178 2301 3229 nostros
2333 3194 2432 3248 pro:

899 3285 904 3291 .
1499 3243 1671 3297 misene
1696 3246 1845 3299 sedere
1875 3248 2117 3300 statuitur.

661 3299 915 3366 'Beatiffi'me
927 3301 1053 3352 Pater
1064 3339 1078 3353 .

1500 3380 1540 3420 Ν
1568 3378 1697 3420 Causa
1715 3377 1962 3422 Modrufien.
1977 3407 1990 3429 ‚
2020 3377 2085 3421 seu
2114 3378 2253 3426 Polen.
2273 3379 2423 3420 Praece·

374 3429 477 3545 C
494 3432 579 3474 UM
594 3430 713 3475 Pater
730 3433 974 3475 Procurator
990 3433 1202 3476 Generalis
1228 3437 1365 3491 Capu-
1515 3435 1683 3486 dentiae,
1716 3447 1902 3480 vertente
1923 3438 2029 3480 inter
2046 3440 2125 3493 ΡΡ.
2146 3438 2322 3479 Minores
2338 3436 2425 3475 Ob-

506 3491 688 3534 cinorum
704 3490 933 3540 inaudierit‚
950 3495 1153 3547 porrectos
1168 3492 1246 3536 effe
1260 3498 1362 3538 San·
1422 3493 1628 3539 servantes
1653 3497 1913 3541 Reformatos
1944 3493 2184 3540 Conventus
2223 3493 2393 3534 Terram
2407 3520 2422 3542 ‚

372 3547 501 3589 &itati
517 3549 696 3592 Vestraei
717 3552 792 3592 FF.
806 3550 934 3593 Laicis
950 3550 1116 3594 duarum
1130 3554 1360 3597 Provincia·
1423 3555 1616 3598 Dioecefis
1642 3554 1883 3599 Modrufien.
1915 3581 1928 3602 a
1960 3556 2250 3610 praetendentes
2278 3567 2421 3593 maau-

371 3619 462 3649 rum
483 3608 626 3662 Styriae
647 3608 686 3650 ὅτ.
711 3609 932 3652 Bohemiae.
958 3610 1162 3670 Refidanm
1183 3612 1294 3670 hujus
1311 3614 1364 3655 li·
1424 3615 1554 3658 teneri
1580 3614 1621 3658 in
1650 3611 1880 3672 poffess'ione
1903 3611 2068 3656 sedendi
2086 3614 2125 3655 in
2155 3614 2308 3654 scamno
2339 3612 2423 3666 pust

369 3663 463 3710 belli
470 3665 661 3726 fhpplitls
674 3682 759 3714 cum
774 3671 939 3713 Decreta
957 3670 1360 3730 vidcfiaprdfol.215.
1422 3677 1562 3720 Patres
1575 3676 1616 3718 S.
1630 3673 1838 3730 Augustini
1855 3676 1893 3716 in
1912 3672 2090 3715 Ecclesia
2104 3671 2336 3728 Collegiata
2351 3670 2420 3712 Ci-'

1423 3735 1560 3778 vitatis
1581 3733 1772 3777 fluminis
1787 3763 1801 3786 ,
1832 3732 2027 3776 Dioecefis
2042 3733 2199 3774 Polauae
2214 3762 2227 3783 ,
2259 3729 2422 3784 tempo-⁸

1421 3808 1468 3838 re
1500 3794 1753 3840 Concionum
1777 3791 2200 3852 Qadragefimalium
2238 3805 2285 3834 ex
2312 3803 2419 3887 υὲἑα,
