2658 4256
929 182 1505 274 Helvetico.

263 282 694 357 PONTIFICIO
736 318 1099 362 ORACULO.

183 494 267 542 Per
295 493 345 541 P.
370 491 720 542 Procuratorem
746 495 1022 543 Generalem
1042 495 1178 546 Ordi-

249 562 316 609 nis
334 564 384 610 P.
404 559 720 611 Commiffario
739 565 946 612 intimato
963 599 979 620 ,
997 566 1176 613 licentia

248 630 550 679 manducandi
585 630 807 681 lacticinia
840 645 1044 700 tempore
1068 636 1178 695 jeju-

246 702 312 750 nii
343 717 469 749 more
501 700 689 748 aliarum
720 702 1015 768 Religionum
1048 701 1094 750 in
1126 703 1176 749 il-

248 771 302 819 lis
332 768 532 837 partibus
551 803 570 827 ‚
604 769 851 818 Provinciae
883 770 1177 821 conceditur.

233 953 450 996 Reverende
475 963 520 994 ao
544 951 763 1052 inFChristo
786 951 1119 1010 Observandtff'me

617 1017 727 1052 rater
743 1037 755 1049 .

285 1184 411 1226 Iteras
439 1183 584 1233 vestras
600 1213 614 1235 ‚
642 1183 737 1226 mihi
758 1185 985 1239 gratiffimas
1010 1185 1174 1240 recepi,
1231 1216 1234 1219 >

315 1243 379 1293 &,
406 1251 450 1284 ut
476 1255 578 1286 onus
604 1243 775 1284 humeris
795 1244 929 1287 vestris
957 1245 1179 1298 impositum

175 1315 268 1343 cum
291 1301 486 1356 patientia
502 1300 746 1356 supportetis
761 1326 775 1348 ,
801 1301 840 1342 in
862 1301 1088 1356 responsum
1109 1300 1179 1342 ad-

175 1361 348 1401 hortor.
380 1358 464 1400 Scit
495 1361 547 1401 R.
571 1361 625 1403 P.⁴
645 1359 859 1401 Generalis
883 1360 1051 1401 fructum
1066 1385 1080 1407 a
1109 1358 1176 1414 qui

176 1417 228 1459 de
252 1417 374 1458 vestra
397 1429 492 1456 cura
515 1418 555 1457 &
573 1416 773 1471 gubernio
793 1417 928 1459 isthinc
954 1417 1180 1472 colligitur,

176 1477 217 1516 &
239 1473 334 1515 ideo
358 1471 548 1516 faciendae
582 1474 815 1516 mutationis
839 1475 925 1532 spes
953 1489 1031 1518 non
1059 1489 1180 1530 appa-

175 1542 240 1576 ret
262 1533 340 1573 &c-

233 1588 355 1649 Qod
380 1590 527 1639 attinet
555 1589 760 1640 licentiam
783 1589 1049 1632 manducandi
1070 1591 1179 1632 lacti-

177 1650 280 1691 cinia
305 1659 488 1702 tempore
511 1647 651 1705 jejunii
671 1676 685 1699 ‚
711 1647 989 1690 Illustrissimus
1014 1651 1065 1688 D.
1083 1651 1179 1688 Pro—

176 1710 307 1749 testor
334 1719 425 1746 cum
460 1709 679 1748 Sanctitate
712 1708 788 1747 Sua
824 1704 992 1759 desuper
1022 1704 1179 1746 locutus

177 1766 262 1816 est,
287 1763 353 1819 qui
379 1765 418 1804 &
443 1761 646 1818 respondit
660 1791 675 1813 ‚
686 1762 736 1819 fi
752 1762 973 1811 concedere,
998 1763 1099 1810 &in
1113 1762 1179 1805 hoc

172 1821 391 1879 dispensare
413 1819 536 1876 juxta
562 1833 704 1862 morem
736 1822 906 1874 aliar-cem
938 1822 1179 1875 Religionum

173 1881 311 1926 inillis
328 1878 540 1933 partibus,
566 1878 659 1921 inde
673 1905 686 1928 2
709 1878 813 1932 quod
837 1879 886 1921 ab
909 1879 965 1920 his
983 1877 1070 1921 fieri
1090 1891 1181 1921 con·-

178 1938 334 1989 suevit,
358 1937 478 1979 etiam
499 1939 523 1980 ὲ
538 1937 662 1979 Vobis
689 1935 835 1980 servari
861 1937 1014 1994 poterit
1029 1966 1043 1976 .

234 1994 404 2043 Gaudeo
429 1995 482 2037 de
511 1995 727 2051 exemplo,
753 1996 862 2051 quod
889 1994 954 2052 ipfi
984 2009 1179 2052 quoquea

177 2053 410 2099 Acatholici
438 2052 489 2095 de
505 2053 633 2095 nostra
658 2054 908 2110 simplicitate
935 2056 972 2095 &
1005 2068 1181 2108 pauper-

179 2122 266 2156 tate
288 2112 471 2153 sumunt.
504 2110 726 2154 Advertite
749 2122 911 2162 autem,
934 2121 979 2153 ut
1004 2113 1082 2154 hoc
1109 2112 1178 2154 bo·

179 2183 275 2214 num
297 2168 536 2225 principium
559 2183 648 2212 cum
670 2168 801 2212 vestro
824 2171 977 2213 honore
1002 2169 1051 2210 ad
1079 2171 1179 2212 sola-

180 2230 281 2271 tium
292 2256 304 2279 ,
328 2225 630 2270 aedificationem
645 2229 684 2269 &
700 2226 863 2270 salutem
879 2237 941 2271 tot
962 2227 1180 2270 animarum

181 2287 431 2335 errantium,
457 2298 551 2338 quas
577 2288 686 2327 Deus
708 2285 755 2327 ad
785 2286 890 2328 suum
927 2285 1034 2328 ovile
1060 2287 1180 2327 redu-

181 2357 278 2389 cere
296 2343 421 2393 velit,
445 2341 591 2389 sartum
615 2347 764 2386 testum
787 2343 1071 2386 conservetur.
1099 2348 1182 2387 Ga-

184 2401 288 2446 visus
309 2401 362 2445 est
385 2400 438 2442 de
461 2401 536 2443 hoc
561 2402 776 2456 plurimum
799 2404 838 2443 δε
860 2402 943 2457 ipse.
962 2405 1013 2443 D.
1033 2403 1182 2445 Cardi-

182 2459 281 2504 nalis
305 2462 517 2504 Protector
536 2461 615 2503 διε.
642 2475 703 2503 me
730 2459 846 2505 sacris
870 2460 1008 2504 vestris
1029 2462 1183 2504 oratio-

182 2519 298 2563 nibus
325 2517 591 2560 commende.

238 2637 377 2680 Romae
393 2637 461 2679 28.
473 2635 650 2692 Januarii
670 2638 791 2692 1583.

416 2923 486 2964 Fr.
500 2922 543 2962 in
566 2920 716 2978 Christo
727 2950 742 2972 ,
758 2925 992 2968 Procurator
1004 2926 1162 2970 ordinis
1173 2958 1184 2970 .

415 3096 487 3139 Fr.
506 3093 686 3151 silvester
710 3093 737 3135 a*
761 3096 944 3154 Rfflno.

252 3390 421 3449 Epistola
452 3383 669 3442 originalis
691 3385 734 3430 in
760 3386 929 3431 Archiou
952 3387 1161 3430 Provinciae
1175 3414 1187 3427 .

1235 322 1416 370 Nuntio
1447 314 1713 384 Apostolico
1739 326 1848 369 cum
1889 321 2081 370 Clericis
2124 327 2241 376 Pres-

1301 387 1566 457 byterandis
1591 395 1692 434 tum
1729 387 1856 457 super
1879 397 2009 438 aetate
2035 406 2117 456 pro
2154 410 2240 442 uno

1308 476 1426 507 anno
1454 492 1469 515 ,
1505 471 1604 513 tum
1637 454 1764 523 super
1804 459 2046 509 interstitiis
2074 458 2242 527 dispen-

1308 526 1432 577 sandi
1460 524 1722 575 facultatem
1747 529 1939 598 largitur
1956 565 1968 578 .

1236 652 1273 698 A
1294 661 1434 706 tergo:
1474 641 1686 694 'vonerabili
1708 654 1850 694 Fratri
1863 657 2044 705 offavio,
2064 655 2241 713 Epistopo

1351 710 1617 753 Alexandrino
1640 737 1653 759 ,
1679 709 1803 764 nostro
1828 712 1880 760 ὠ·
1906 714 2129 769 Apostolicae

1410 766 1514 807 Sedis
1542 769 1649 821 apud
1677 769 1871 811 Helvetios
1889 773 2038 813 Nuncio
2056 800 2068 812 .

1289 884 1704 936 sleUs
1790 888 2055 943 PAPA
2142 891 2227 946 v„

1242 1009 1475 1056 Venerabilis
1499 1010 1645 1051 Frater
1664 1009 1840 1067 salutem
1865 1037 1879 1059 ,
1909 1010 1957 1058 ἐς
1988 1008 2242 1066 Apostolicam

1579 1068 1897 1111 Benedifflionem.
2156 1068 2162 1079 ⁴

1368 1185 1405 1225 T
1431 1182 1695 1227 Sacerdotum
1723 1184 1922 1240 penuriae‚
1954 1198 2070 1240 quam
2099 1185 2175 1227 istis
2201 1186 2241 1228 in

1383 1242 1561 1297 partibus
1589 1242 1665 1285 effe
1690 1242 1952 1298 intelligimus
1973 1272 1988 1294 ‚
2017 1246 2241 1298 quantum..

1241 1299 1326 1343 fieri
1359 1300 1517 1355 potest,
1545 1310 1813 1352 occurratur,
1838 1301 2095 1343 Fraternitati
2118 1304 2212 1344 Tuae
2228 1326 2242 1348 2

1240 1360 1347 1402 ultra
1370 1358 1467 1400 alias
1490 1357 1697 1401 facultates
1714 1385 1728 1410 ⁵
1757 1359 1848 1400 Tibi
1877 1373 1948 1414 per
1969 1363 2054 1401 Nos
2081 1359 2244 1400 conces-

1240 1416 1299 1459 sas
1315 1446 1329 1468 ‚
1354 1431 1444 1458 cum
1468 1417 1668 1470 quibusvis
1695 1418 1898 1459 Fratribus
1919 1417 2138 1470 Capucinis
2163 1420 2244 1458 Or·

1241 1476 1344 1517 dinis
1367 1480 1406 1517 S.
1425 1474 1620 1517 Francisci
1634 1475 1683 1517 ad
1700 1470 1826 1515 sacros
1842 1475 1962 1515 ctiam
1980 1475 2244 1528 Presbytera-

1242 1544 1303 1576 tus
1333 1532 1505 1574 Ordines
1532 1531 1843 1585 promovendis,
1876 1539 1956 1571 tam
1989 1530 2105 1585 super
2129 1541 2244 1573 aetate

1240 1603 1314 1645 pro
1343 1601 1425 1630 uno
1446 1602 1550 1629 anno
1577 1588 1757 1639 tantum,
1786 1591 1905 1642 quam
1931 1587 2045 1643 super
2069 1589 2245 1631 intersti-

1239 1648 1330 1696 tiis,
1361 1646 1384 1687 fi
1401 1659 1473 1704 pro
1492 1646 1758 1689 Ecclefiarum
1775 1648 1940 1688 istarum.
1949 1648 2118 1701 partium
2133 1647 2242 1688 utili-

1239 1716 1352 1754 tate,
1378 1703 1440 1746 vel
1466 1702 1595 1747 divini
1621 1702 1753 1746 culrfis
1780 1705 1943 1748 servitio
1971 1707 2024 1747 ita
2053 1706 2242 1761 expedire

1238 1762 1504 1822 judicaveris,
1530 1770 1576 1803 ut
1598 1762 1645 1804 ad
1662 1762 1815 1814 sacros,
1846 1763 1964 1805 etiam
1984 1765 2245 1819 Presbytera·

1240 1833 1325 1874 ωε,
1339 1821 1518 1867 Ordines
1527 1822 1603 1862 διε.
1620 1820 1717 1864 alias
1738 1821 1815 1863 rite
1832 1823 2059 1875 promoveri
2076 1823 2245 1877 poffint,

1240 1879 1518 1936 dispensandi,
1540 1878 1771 1934 Apostolica
1788 1881 2049 1928 Auctor-itate,
2065 1890 2245 1926 tenore...

1241 1939 1489 1996 praesentium
1523 1934 1757 1979 facultatem
1793 1938 2075 1982 concedimus,
2114 1942 2242 1982 Non..

1240 1998 1390 2040 obstan.
1420 1995 1616 2050 praemiffis
1641 2023 1655 2046 ‚
1678 2010 1738 2042 „ac
1776 1996 2137 2050 Constitutionibus
2159 2026 2174 2049 ,
2203 1999 2243 2038 δε

1240 2054 1573 2099 Ordinationibus
1598 2053 1835 2107 Apostolicis
1850 2081 1864 2105 ,
1892 2055 2121 2111 caeterisque
2149 2070 2244 2097 con·

1242 2115 1373 2158 trariis
1397 2110 1719 2168 quibuscunque.
2268 2145 2273 2151 .

1299 2175 1450 2214 Datum
1469 2172 1614 2213 Romae.
1630 2168 1737 2225 apud
1764 2172 1804 2213 S.
1819 2172 1985 2213 Petrum
2013 2172 2079 2213 snb
2100 2173 2246 2213 Annu-

1241 2232 1283 2273 lo
1307 2229 1547 2277 Piscatoris‚
1574 2229 1650 2271 Die
1679 2241 1769 2269 xu-
1796 2229 1934 2270 Martii
1951 2241 2244 2272 mnnxxxviu.

1239 2283 1501 2333 Pontificatfis
1516 2287 1638 2329 nostri
1651 2287 1770 2328 Anno
1801 2287 1924 2328 tertio
1937 2316 1948 2327 .

1299 2409 1397 2449 Aut.
1429 2405 1471 2446 in
1502 2406 1643 2445 Secret.
1660 2408 1776 2444 Brev.
1804 2401 1933 2458 Apost.
1957 2400 2103 2459 Regest.
2127 2402 2247 2459 mens:

1357 2463 1405 2512 δ’
1427 2464 1522 2503 anni
1534 2460 1663 2515 praed.
1679 2460 1762 2518 fol.
1784 2471 1845 2513 14.

1510 2698 1546 2738 E
1580 2697 1610 2738 P
1639 2697 1660 2736 Ῑ
1691 2698 1716 2738 S
1751 2695 1787 2735 T
1817 2693 1855 2734 Ο
1884 2693 1918 2735 L
1949 2692 1988 2732 A

1406 2813 1452 2862 S.
1472 2811 1669 2879 Congreg.
1696 2809 1833 2873 Epist.
1858 2812 1911 2852 &
1935 2804 2089 2870 Regul.

1246 2940 1544 2992 Novitiarum
1576 2932 1767 2982 Ordinis
1812 2929 2001 2980 cisterc.
2033 2931 2245 2982 Rathusae

1319 3002 1673 3059 Profeffionem,
1712 3017 1796 3068 pro
1825 3014 1933 3048 tunc
1971 3001 2243 3051 &Fratribus

1318 3072 1478 3122 nostris
1513 3073 1650 3139 recipi
1677 3107 1694 3130 ,
1735 3073 1786 3120 P.
1812 3070 2086 3119 Provinciali
2123 3088 2246 3121 com-

1319 3143 1551 3193 mittitur.

1559 3267 1773 3311 Reverende
1797 3269 1911 3309 Pater
1925 3270 1936 3304 .·

1317 3383 1562 3429 Llustriffimi
1578 3384 1739 3439 Domini
1754 3382 1835 3423 mei
1861 3384 1988 3424 Sacrae
2010 3382 2244 3437 Congrcga-

1337 3444 1456 3485 tionis
1471 3442 1598 3496 Episc.
1613 3445 1653 3484 δε
1667 3440 1810 3495 Regul.
1826 3439 2044 3481 statuerunt
2055 3464 2070 3486 a
2097 3450 2139 3480 ut
2155 3444 2242 3481 No-

1251 3501 1356 3543 vitiae
1387 3501 1613 3544 Monasterii
1642 3497 1825 3542 Rathusae
1847 3523 1861 3545 2
1893 3495 2241 3550 impraesentiarum

1251 3573 1297 3602 ex
1332 3562 1373 3601 S.
1388 3559 1502 3604 Sedis
1527 3558 1774 3614 dispofitione
1802 3556 1826 3598 a
1855 3554 1991 3596 vestris
2012 3557 2090 3597 ΡΡ.
2106 3559 2243 3610 Capu·

1250 3615 1348 3659 cinis
1374 3618 1622 3673 gubernatae‚
1649 3619 1812 3658 Sacram
1824 3610 2102 3655 Profeffionem
2120 3615 2157 3655 in
2174 3627 2242 3654 ve-

1250 3675 1334 3716 stris
1364 3676 1548 3718 emittant
1575 3674 1753 3715 manibus
1770 3699 1783 3721 ‚
1811 3671 1863 3711 ita
1877 3679 2008 3713 tamen
2023 3698 2036 3722 ‚
2062 3681 2108 3713 ut
2129 3671 2240 3727 juxta

1249 3733 1392 3789 statuta
1404 3762 1418 3786 ,
1430 3734 1469 3776 δι
1481 3731 1589 3777 usum
1603 3729 1770 3787 Regulae
1782 3727 2050 3789 obedientiam
2066 3728 2243 3794 suis‘proe

2098 3795 2194 3830 mit—
