2638 4204
722 240 1136 330 AuHriaco
1168 278 1222 308 =
1247 234 1727 355 Hungart‘ca.
2018 262 2069 318 2
2084 268 2122 344 3
2141 272 2185 348 3

193 397 252 428 ne
263 375 384 516 ,sdic
427 340 629 442 'vigesima
665 371 818 427 oslava
852 373 1016 443 Me'fi'
1059 367 1322 425 Novembris
1352 374 1475 418 Anno
1508 364 1720 432 millgfimo
1757 364 2113 436 sbptingentefi'mo
2145 373 2248 422 deci.

191 467 254 498 mo
300 458 451 512 eptemo
466 479 481 494 .
934 460 937 463 ’

1273 579 1476 647 Georgius
1497 575 1733 627 fridericus
1749 571 1798 622 de
1813 570 1974 628 Scliclc.

327 723 471 791 Apici
501 724 630 788 huius
659 723 841 773 Decreti
872 722 1056 771 inhaeret
1087 715 1306 768 moderna
1330 713 1655 785 Augustiffima
1679 714 1882 784 Regina,
1904 714 1952 767 &
1970 720 2248 786 Imperatrix

188 793 340 844 Maria
361 791 573 845 Therefia
593 828 609 850 ,
636 792 684 844 ὅ(
706 794 826 841 illius
855 791 1190 841 observantiam
1225 789 1311 837 PP.
1326 786 1640 851 Superioribus
1662 783 1826 834 iterato
1854 789 1953 847 jam
1977 789 2242 840 inculcavit.

328 867 493 915 Praeter
507 865 768 913 charitatem
782 896 798 919 ,
821 861 906 928 qual
921 865 1186 912 Conventus
1201 872 1362 905 omnes
1376 856 1627 905 Provinciae
1641 853 1785 921 aeque,
1801 873 1853 903 ac
1870 859 2087 906 Statuum
2111 860 2247 909 haere-

186 934 454 984 ditariorum
485 935 730 1002 dignatur,
757 934 801 980 in
825 931 921 997 ipso
946 934 1075 994 hujus
1103 930 1355 981 Provinciae
1386 924 1483 975 sinu
1510 941 1706 993 quatuor
1734 925 2012 975 Monasteria
2034 928 2060 975 ὲ
2089 926 2252 979 sunda-

184 1006 350 1056 mentis
376 1005 545 1060 erexit,
577 1001 785 1051 videlicet
813 1002 928 1050 illud
954 1004 1141 1050 Viennae
1174 1001 1288 1047 intra
1317 995 1504 1047 Urbem
1521 1031 1537 1054 ,
1565 991 1797 1044 Linciense
1818 993 1875 1044 ad
1914 999 1962 1047 S.
1983 998 2251 1050 Mathiam..

184 1086 519 1139 nuncupatum,
538 1067 829 1122 Gmundense
847 1106 863 1128 ,
891 1069 937 1121 δι
964 1065 1380 1136 Vypalanckense,
1408 1067 1572 1115 ultimo
1587 1067 1840 1134 Hungariae
1867 1066 1990 1117 bello
2028 1065 2053 1112 ὲ
2083 1068 2249 1116 Turcis

183 1144 387 1195 totaliter
417 1139 738 1199 combustum.
770 1144 945 1191 Fratres
978 1140 1152 1189 nostros
1181 1156 1266 1207 pro
1302 1138 1475 1188 Altaris
1512 1133 1577 1185 sui
1605 1135 1851 1185 ministerio
1869 1172 1885 1196 ,
1922 1134 1971 1188 <Sc
1996 1132 2142 1184 Miffae
2172 1140 2249 1188 Sa-

185 1211 365 1264 crificiis
381 1247 397 1270 ,
428 1214 470 1260 in
489 1215 678 1279 Capella
704 1209 1097 1262 Caesareo-Auliea
1115 1246 1130 1268 ,
1153 1208 1202 1261 ὅ(
1228 1213 1433 1260 Camerae
1450 1205 1654 1275 quotidie
1671 1206 1950 1258 celebrandis
1968 1242 1985 1266 ,
2017 1208 2135 1255 inter
2153 1224 2256 1256 orn-

183 1301 260 1334 nes
280 1318 295 1340 ,
328 1284 403 1350 qui
427 1285 612 1331 Vienna?
631 1283 832 1352 degunt,
862 1279 1119 1350 Religiosos
1148 1279 1329 1349 selegit.
1362 1278 1671 1329 Refidentiam
1695 1275 1946 1328 aestivalem
1977 1275 2220 1327 noviffim&
2235 1312 2254 1338 ,

185 1351 394 1404 Caesareo
415 1354 589 1402 Palatio
606 1353 975 1403 Schonbruniano
991 1353 1185 1401 vicinam
1203 1386 1218 1408 ,
1245 1367 1328 1418 pro
1355 1367 1525 1401 novem
1540 1353 1753 1398 Fratrum
1786 1345 1980 1399 statione
1997 1382 2013 1406 ,
2033 1347 2253 1412 jubente·

186 1420 370 1473 altefata
404 1421 734 1491 Augustiffimss
756 1424 1073 1491 Imperatrice,
1100 1420 1147 1472 ὅ(
1169 1424 1346 1489 Regina
1372 1423 1524 1470 Maria
1544 1417 1759 1470 Therefia
1779 1418 2059 1475 construxit,
2096 1417 2142 1468 &
2169 1420 2248 1468 ali-

183 1494 390 1543 moniam
415 1506 515 1540 toto
535 1492 752 1542 incolatus
776 1507 979 1562 tempore
1003 1493 1057 1542 iis
1073 1490 1402 1541 subministrari
1419 1488 1670 1558 disposuit:
1708 1493 1820 1540 Non
1838 1489 1985 1538 solum
2006 1486 2133 1536 Fidei
2150 1491 2257 1539 Fra-

183 1577 309 1614 trum
337 1560 602 1612 Conventus
634 1565 749 1613 intra
780 1563 955 1618 Urbem
985 1567 1179 1613 Sacrum
1205 1560 1467 1611 thesaurum
1483 1595 1499 1618 ,
1525 1561 1783 1611 commixto
1807 1560 2017 1629 argenti,
2051 1558 2147 1607 auri
2167 1594 2182 1616 ,
2206 1558 2259 1611 ὃς

185 1649 476 1700 gemmarum
505 1648 723 1700 apparatu
747 1632 1119 1701 pretiofissimum
1151 1630 1410 1688 commisit,
1435 1629 1596 1679 verum
1632 1630 1769 1679 etiam
1800 1664 1816 1687 ,
1856 1644 1907 1680 ut
1935 1626 2124 1678 affestus
2153 1628 2257 1697 post

182 1715 381 1751 mortem
412 1718 676 1769 perennaret
695 1707 825 1752 vivus
841 1739 856 1762 ,
888 1704 1164 1769 sepulturam
1186 1701 1370 1752 suorum
1388 1701 1683 1751 Cadaverum
1711 1702 1756 1748 in
1777 1702 1968 1768 Capella
1991 1735 2007 1757 ‚
2037 1697 2114 1749 seu
2133 1704 2260 1766 Cry-

181 1785 260 1838 pta
278 1775 414 1821 Sacra
445 1772 500 1820 ad
528 1773 647 1821 hunc
675 1769 812 1821 finem
837 1774 882 1821 in
904 1771 1101 1823 Ecclesia
1131 1772 1279 1822 nostra
1305 1786 1456 1840 aptata
1484 1770 1658 1838 delegit
1675 1805 1690 1828 ,
1727 1786 1868 1838 prout
1896 1768 2037 1820 fufior
2064 1768 2259 1839 desuper

181 1838 383 1908 sequitur
412 1843 604 1890 relatio.
643 1843 769 1893 Hinc
799 1845 1048 1894 Provinciae
1092 1844 1196 1893 huic
1233 1858 1387 1893 manet
1420 1841 1534 1902 iusta
1571 1839 1705 1890 sacris
1737 1841 1891 1892 verbis
1929 1841 2157 1910 gloriandi
2194 1859 2260 1890 ra·

182 1911 281 1969 tio,
312 1910 437 1978 quod
477 1909 681 1962 Mamilla
703 1914 888 1981 Regum,
928 1917 1302 1981 Imperatorum,
1337 1910 1723 1965 &Archiducum
1749 1912 1961 1970 laHetur,
1999 1910 2049 1962 ὅ(
2074 1912 2260 1962 exuvia-

183 1997 287 2030 rum
317 1983 501 2032 illorum
527 1983 746 2033 honorata
774 1999 955 2034 maneat
979 1983 1145 2035 Custos
1162 2020 1175 2034 .

324 2053 510 2100 Nomen
537 2050 666 2102 suum
698 2068 880 2104 mutuat
914 2054 970 2102 ab
998 2043 1091 2122 ipsa
1119 2051 1476 2109 Archiducum,
1514 2050 1562 2104 ἃ
1594 2049 1833 2104 Caesarum
1863 2051 2013 2110 Sede,
2045 2052 2261 2112 Vienna,

186 2119 382 2173 Austriae
414 2117 633 2170 inferioris
654 2125 957 2172 Metrocomia
974 2159 990 2182 ,
1025 2125 1130 2183 vel,
1160 2142 1266 2175 cum
1291 2122 1524 2173 Austriam
1541 2159 1555 2182 ,
1584 2122 1629 2173 ἃ
1652 2125 1945 2194 Hungariam
1971 2124 2263 2191 comprehen-

187 2190 291 2248 dat,
321 2206 382 2238 ex
407 2189 609 2241 conflato
639 2191 867 2261 utriusque
897 2192 1031 2244 statos
1059 2207 1224 2261 etymo
1257 2192 1300 2243 se
1324 2193 1565 2244 Austriaco
1584 2197 1905 2262 Hungaricam
1939 2192 2123 2243 scribit.

325 2264 365 2309 A
374 2258 615 2326 postolicus
640 2266 895 2314 animarum
925 2265 1050 2313 zelus
1070 2296 1083 2320 ‚
1099 2263 1242 2314 effuso
1257 2268 1471 2314 Fratrum
1491 2262 1708 2334 sanguine
1725 2300 1739 2323 ,
1767 2262 1816 2315 ὃ(
1841 2262 1935 2331 ῐρεέὶ
1963 2263 2009 2312 in
2024 2262 2184 2313 odium
2197 2265 2269 2314 Fi·

187 2326 259 2378 dei
286 2329 408 2378 illata
430 2346 577 2379 morte
602 2333 790 2383 celebris
806 2368 821 2391 ,
838 2335 878 2382 ei
897 2349 1146 2385 coaetaneus
1164 2371 1181 2394 ,
1207 2334 1255 2386 ὅ(
1283 2333 1366 2386 suae
1391 2337 1580 2403 originis
1611 2333 1771 2403 scopus
1789 2332 1877 2384 est:
1904 2351 1993 2383 non
2013 2336 2134 2384 enim
2153 2337 2267 2385 Ger·

187 2400 337 2449 mania
361 2403 555 2467 recipere
577 2400 813 2453 consuevit
831 2408 1010 2454 Fratres
1029 2440 1046 2463 ,
1083 2408 1161 2473 qui
1199 2403 1328 2455 sacrae
1342 2407 1739 2472 contemplationis
1757 2406 1857 2455 otio
1876 2403 1955 2455 fibi
1976 2403 2058 2455 soli
2076 2407 2266 2464 vivunt,

189 2467 267 2518 sed
297 2486 371 2518 eos
399 2484 551 2530 amat,
588 2473 664 2538 qui
683 2508 699 2530 ,
730 2473 840 2523 dum
875 2476 1000 2546 larga
1032 2474 1323 2543 eleemosyn&
1361 2474 1610 2534 fruuntur,
1644 2493 1743 2525 eam
1782 2476 1951 2525 divinae
1988 2475 2266 2543 praedicatio-

189 2540 289 2595 nis,
322 2538 369 2589 ὅ(
399 2543 542 2591 Sacrae
561 2544 837 2593 Poenitentiae
869 2544 1154 2605 Ministerio,
1193 2566 1244 2596 ac
1269 2548 1584 2595 haereticorum
1621 2546 2040 2596 convertendorum
2079 2545 2263 2605 labore,

191 2608 507 2660 benevolentiae
539 2611 586 2663 ἃ
603 2617 937 2665 communionis
955 2632 1182 2666 memores
1200 2653 1214 2675 ,
1238 2615 1552 2684 compensant.
1594 2615 1737 2666 Fulfit
1768 2631 1925 2666 autem
1953 2616 2071 2666 satus
2103 2618 2148 2666 in
2175 2619 2263 2667 hac

192 2681 430 2727 Provincia
452 2683 573 2731 zelus
597 2683 647 2731 ea
668 2682 842 2752 semper
868 2687 1074 2735 claritate
1093 2721 1108 2743 ,
1137 2702 1187 2736 ut
1214 2704 1303 2736 non
1323 2686 1471 2736 solum
1492 2689 1726 2734 annuatim
1743 2688 1916 2753 ingenti
1935 2690 2262 2737 Poenitentium

190 2763 381 2795 numero
406 2746 537 2798 sacrae
566 2753 935 2821 exomologeseos
964 2754 1234 2806 beneficium
1266 2756 1497 2821 impendat
1516 2792 1530 2813 ,
1563 2754 1728 2804 verum
1754 2758 1894 2802 etiam
1925 2756 2075 2819 plures
2102 2756 2256 2807 a-Fide

197 2835 300 2865 vera
328 2815 484 2865 devios
515 2819 572 2866 ad
603 2817 809 2871 semitam
839 2824 991 2872 salutis
1024 2825 1244 2874 deducat.
1279 2828 1512 2892 Tempore
1547 2839 1731 2890 quoque
1765 2823 1987 2889 praediciae
2023 2822 2260 2877 Reforma-

195 2887 330 2936 tionis
358 2882 445 2934 fuit
473 2886 665 2952 eousque
686 2886 798 2938 felix
827 2896 1034 2940 Fratrum
1061 2893 1186 2941 labor
1206 2928 1221 2949 .
1249 2907 1300 2941 ut
1323 2911 1415 2942 uno
1445 2892 1698 2958 eodemque
1734 2910 1851 2942 anno
1886 2892 2128 2957 millesimo
2166 2895 2260 2948 sex-

193 2953 437 3005 centesimo
455 2957 828 3027 quinquagesimo
844 2963 999 3017 tertio,
1014 2958 1332 3026 septemdecim
1347 2961 1489 3018 mille,
1504 2961 1791 3020 ducentos,&
1806 2963 2104 3034 quadraginta
2118 2967 2257 3017 haere-

199 3029 313 3076 ticos
337 3025 473 3093 operal
499 3029 997 3086 Fratrummolirorum
1017 3030 1075 3080 ad
1093 3029 1336 3081 Ecclefiam
1357 3033 1700 3100 primitivorum
1721 3035 1807 3083 Dei
1829 3033 2043 3086 transiisse
2056 3072 2074 3097 ,
2101 3041 2253 3089 Anna-

201 3097 266 3145 les
285 3098 529 3147 Provinciae
551 3093 747 3148 reserant
847 3103 849 3105 ’

330 3167 441 3235 Jam
468 3169 590 3234 prius
619 3168 730 3218 vero
748 3169 1003 3236 Leopoldus
1016 3173 1324 3228 Guilielmus‚
1358 3168 1594 3220 Archidux
1625 3171 1819 3226 Austriae
1836 3211 1852 3233 ,
1884 3173 2132 3245 Episcopus
2160 3175 2261 3229 Pas·

199 3233 311 3285 savii
331 3236 422 3289 ὄις.
456 3237 663 3287 Verbum
681 3240 767 3288 Dei
795 3240 840 3286 in
856 3257 934 3289 ore
960 3244 1173 3292 Fratrum
1190 3244 1250 3291 ita
1273 3238 1542 3291 foecundum
1558 3241 1768 3305 probavit
1788 3280 1803 3302 ,
1834 3259 1885 3295 ut
1899 3262 1976 3296 eos
1995 3263 2086 3296 non
2107 3247 2260 3299 solum

200 3307 400 3373 plurium
433 3306 732 3357 Ecclefiarum
763 3306 1118 3360 Concionatores
1149 3312 1400 3368 ordinarios
1428 3309 1676 3372 constitui,
1710 3311 1786 3364 sed
1821 3316 1959 3365 etiam
1985 3350 2000 3374 ,
2038 3319 2260 3369 Parocbis

201 3374 260 3424 ad
286 3375 621 3494 praedicandum
652 3378 962 3448 impeditis,iis
987 3380 1212 3448 privative
1226 3383 1402 3452 pulpita
1428 3384 1661 3436 committi
1673 3384 1959 3438 mandaverit
1973 3419 1992 3445 ,
2019 3387 2261 3456 Diploma-

210 3455 258 3493 te
307 3461 511 3514 equenti-

335 3860 520 3904 Toer.
1463 3870 1504 3914 G
1521 3884 1548 3928 g
1997 3847 1999 3852 ’
2112 3879 2200 3920 NOS
