2658 4256
927 222 1562 341 Tyrolenfis.

232 353 388 401 traditis
412 352 697 399 Reversaiibus
732 354 959 400 solemniter
983 386 1000 410 ‚
1031 360 1213 416 bonaque

231 413 311 455 fide
324 412 642 468 expromiserunt
656 443 668 455 .

287 473 335 513 In
350 485 518 528 quorum
534 474 713 516 omnium
730 470 849 514 fidem
864 500 881 524 2
909 474 950 514 δε
964 473 1088 515 robur
1103 489 1216 517 acce-

228 529 352 573 dente
369 531 491 573 toties
515 532 663 574 narrati
679 530 932 573 Venerabilis
947 529 1070 572 nostri
1090 533 1214 584 Capi-

226 589 305 631 tuli
321 587 510 631 consensu
529 591 596 632 has
610 589 722 642 fieri,
758 588 968 644 eidemque
987 587 1098 631 Patri
1115 590 1215 630 Pro-

226 649 419 699 vinciam,
449 650 487 690 &
514 646 800 692 Definitoribus
830 646 991 688 extrudi
1012 644 1213 702 jussimus,

227 706 520 764 subscriptione
547 705 676 748 nostra
702 731 717 754 ‚
756 705 796 745 δι
823 703 1059 758 appenfione
1081 703 1215 758 Sigilli

227 768 352 812 nostri
367 765 521 822 majoris
539 763 707 804 munitas
725 789 737 800 .
767 763 872 816 Quae
887 761 1086 804 dabantur
1098 758 1217 804 salis-

225 827 342 883 burgi
359 828 398 868 in
416 819 634 875 Metropoli
652 817 779 861 nostra
794 821 868 861 hac
880 819 950 862 die
957 820 1086 875 prima
1104 832 1216 861 men-

226 887 274 929 sis
289 882 440 942 Aprilis
461 879 583 932 1736.

726 982 956 1048 Leopoldus
983 984 1076 1034 &a

279 1121 319 1170 ξ.
350 1129 388 1169 7.
448 1117 535 1159 Nos
561 1124 721 1168 quoque
739 1112 813 1152 Dei
842 1109 972 1167 gratia
986 1139 999 1162 ,
1034 1107 1218 1151 Andreas

218 1179 405 1238 jacobus,
419 1177 568 1217 Comes
582 1171 633 1213 de
652 1170 953 1218 Dietrichflein,
969 1169 1219 1223 Praepositus,

222 1231 573 1288 Archipresbyter
590 1258 602 1281 ,
631 1227 858 1282 Leopoldus
875 1227 1076 1274 Ernestus,
1093 1228 1215 1269 Liber

223 1299 329 1339 Baro
343 1295 395 1335 de
410 1291 605 1340 Firmian‚
622 1285 768 1330 Divina
783 1289 930 1341 pariter
942 1284 1072 1340 gratia
1091 1289 1223 1326 Deca-

224 1368 295 1398 nus
306 1380 320 1402 ,
335 1349 559 1394 Franciscus
577 1345 889 1396 maximilianus,
900 1348 1049 1387 Comes
1063 1344 1114 1385 de
1131 1344 1220 1386 Lie-

223 1410 413 1454 ‹stenstein
425 1436 440 1459 ,
454 1408 596 1449 Senior
608 1433 621 1456 ‚
650 1415 860 1458 totumque
881 1401 1115 1458 Capitulum
1131 1404 1218 1444 Me.

222 1466 465 1524 tropoliticae
477 1463 659 1506 Ecclefiae
672 1458 978 1516 salisburgenfis
999 1490 1014 1511 ‚
1048 1456 1217 1502 fatemur

220 1526 504 1571 &attestamur
517 1521 650 1565 omnia
668 1547 683 1571 ,
713 1533 795 1574 quae
820 1521 859 1561 in
889 1518 1141 1574 praesentibus
1166 1519 1218 1560 li-

219 1587 316 1629 teris
344 1583 605 1626 continentur
622 1605 636 1628 ,
658 1579 791 1620 nostro
814 1578 1004 1620 consensu
1030 1580 1184 1631 pei-afta
1200 1605 1215 1627 ,

221 1641 477 1702 proindeque
516 1638 721 1694 perpetuis
748 1636 935 1701 'venturis
964 1636 1213 1703 temporibus

219 1701 469 1746 observanda
484 1696 560 1739 esse
574 1724 587 1748 ‚
607 1708 680 1749 pro
692 1707 803 1748 cujus
819 1695 1077 1737 roboratione
1093 1692 1213 1746 Sigil-

217 1762 302 1804 lum
316 1757 495 1800 nostrum
512 1752 746 1807 Capitulare
760 1749 1017 1805 appendimus
1031 1776 1044 1796 ,
1072 1752 1111 1791 &
1127 1754 1212 1791 Nos

217 1821 332 1874 supra
345 1814 438 1856 dini
454 1810 910 1874 Praepofitus‚Decanus,
922 1823 968 1851 ac
985 1809 1128 1853 Senior
1146 1809 1214 1850 ha—

221 1877 286 1920 sce
312 1874 448 1917 literas
484 1870 663 1913 manibus
686 1880 856 1923 propriis
895 1866 1213 1922 subscripsimus.

220 1937 335 1978 Datae
350 1928 568 1984 salisburgi
594 1927 659 1969 die
679 1925 863 1982 vigesima
880 1926 1047 1968 secunda
1073 1926 1213 1967 mensis

219 1992 449 2090 Maiisnnno
462 1985 671 2032 millesimo
696 1982 1046 2040 septingentefimo
1060 1984 1216 2039 trigeti-

226 2064 294 2093 mo
321 2057 445 2091 exto.

289 2177 479 2228 Andreas
514 2173 706 2244 ‘Jacobus
721 2210 737 2233 ‚
756 2173 897 2224 Comes
928 2173 978 2222 de
1003 2172 1218 2223 Dietrich·

357 2247 481 2306 Heia,
495 2245 727 2313 Prqusitus
743 2244 1078 2312 Saltshurgnfis.

287 2386 515 2454 Leopoldus
534 2385 728 2435 Erneffus
743 2420 760 2445 ,
775 2384 906 2437 Lt'ber
921 2384 1036 2435 Baro
1053 2385 1104 2434 de
1121 2384 1160 2435 F
1159 2387 1216 2434 ir-

357 2461 484 2516 mian,
504 2454 694 2507 Decanus
714 2492 727 2506 .

2043 255 2217 346 ¹147

1273 358 1412 412 utique
1437 373 1527 400 cum
1554 354 1707 411 majore
1724 357 1977 412 Religionis,
2008 375 2052 404 ac
2083 365 2274 418 Regionis

1271 416 1412 459 nostrae
1428 415 1636 472 periculo,
1662 413 1892 471 damnisque
1919 423 2116 462 continuo
2132 425 2270 475 repul-

1276 473 1379 517 lulet
1398 504 1414 525 ,
1445 472 1882 527 novasqueidentidem
1906 477 2013 518 vires
2030 476 2270 524 reassumere

1275 542 1450 576 attentet
1463 560 1477 582 ,
1503 529 1741 574 aunoritate
1756 531 1885 574 nostra
1902 535 2245 590 Archiepiscopali
2262 568 2277 591 ‚

1275 591 1315 630 &
1330 589 1548 643 Principali
1573 587 1795 629 clementer
1809 616 1822 638 ‚
1848 591 1887 630 ἃ.
1915 593 2066 634 insimul
2086 594 2189 636 serio
2202 597 2278 636 Pa-

1273 648 1461 689 ternitati
1478 649 1572 688 Tuae
1595 646 1908 696 committimus,
1934 663 2128 704 quatenus
2144 680 2158 702 ,
2191 669 2278 708 quae

1276 704 1361 758 post
1387 704 1574 746 ultimam
1596 704 1874 746 haereticorum
1897 710 2208 763 emigrationem
2240 715 2278 752 in

1273 759 1511 803 Praefeetura
1547 762 1675 803 nostra
1721 761 1989 805 Radstadienfi
2035 782 2104 820 per
2136 772 2279 810 Patres

1276 818 1442 860 Ordinis
1458 818 1516 861 tui
1529 823 1569 861 S.
1584 818 1776 861 Francisci
1787 822 2085 873 Capucinorum
2098 836 2178 866 tam
2197 827 2281 868 lau·

1278 876 1473 919 dabilitei·
1485 905 1498 927 ,
1515 886 1704 930 tantoque
1719 877 1936 918 animarum
1954 879 2079 921 fructu
2097 883 2277 937 inceptae,

1280 936 1320 976 δι
1335 933 1552 990 prosecuta:
1566 933 1681 976 fuere
1699 935 1970 978 Cathecheses
1986 966 1999 987 ‚
2022 940 2062 978 &
2076 945 2279 983 excursio—

1279 1007 1365 1041 nes,
1383 991 1432 1034 fic
1452 992 1629 1035 instituas
1642 1002 1709 1044 ‚ut
1728 995 1837 1036 omni
1854 992 1986 1035 futura
2002 1007 2115 1038 aetate
2132 1002 2276 1051 perdu-

1280 1061 1394 1094 rent.
1428 1051 1626 1092 Volumus
1657 1050 1847 1105 fiquidem
1865 1081 1876 1102 ,
1901 1054 1938 1093 &
1968 1055 2087 1101 Tibi,
2115 1067 2276 1109 atquem

1280 1107 1574 1152 Succefforibus
1590 1110 1690 1157 tuis,
1721 1109 1825 1152 hisce
1852 1111 1991 1152 nostris
2009 1114 2193 1166 expresse
2218 1116 2281 1155 in«

1280 1167 1481 1225 jungimus
1496 1195 1510 1218 ,
1532 1169 1667 1223 quod,
1689 1182 1781 1210 cum
1806 1171 2092 1212 Monasterium
2107 1173 2280 1225 Capaci-

1281 1240 1420 1268 norum
1437 1226 1474 1268 in
1493 1226 1698 1270 Radtstatt
1724 1230 1747 1270 a
1764 1227 2116 1271 Praedecefforibus
2139 1230 2281 1270 nostris

1281 1284 1331 1326 ad
1360 1285 1616 1339 repellendas
1645 1286 1808 1328 h-aereses
1840 1288 2115 1342 principaliter
2129 1285 2281 1332 fuiss&

1280 1341 1489 1385 fundatum
1505 1343 1764 1399 dignoscatur
1778 1371 1792 1393 a
1806 1344 1887 1387 duo
1903 1344 2057 1399 semper
2077 1348 2114 1388 in
2131 1361 2181 1387 eo
2195 1346 2279 1388 sub-

1277 1401 1406 1444 fistant
1441 1401 1491 1444 ad
1525 1403 1795 1457 peragendum
1830 1405 2063 1458 Apostolicae
2092 1403 2283 1447 Minionis

1279 1474 1417 1503 munus
1433 1462 1471 1502 in
1487 1460 1722 1503 Praefeuura
1740 1477 1832 1504 mox
1846 1462 1949 1503 dicia
1961 1463 2097 1504 idonei
2112 1491 2125 1513 ‚
2154 1465 2195 1503 ὃ(
2212 1478 2282 1518 ap-

1279 1520 1407 1572 ti-&c.
1436 1521 1569 1562 Erunt
1592 1522 1689 1561 vero
1702 1519 1762 1560 illi

1334 1577 1369 1625 §-
1406 1591 1447 1632 9.
1508 1577 1660 1619 Primo.
1692 1577 1770 1618 Vel
1796 1580 1819 1621 a
1855 1578 2006 1618 summo
2046 1578 2272 1632 Pontifice‚

1276 1634 1341 1677 vel
1363 1634 1384 1673 a*
1412 1638 1532 1676 Sacra
1555 1636 1886 1690 Congregatione
1909 1637 1960 1677 de
1984 1639 2244 1693 Propaganda
2262 1668 2275 1689 ‚

1276 1691 1344 1734 seu
1358 1693 1409 1733 ab
1427 1705 1503 1740 ec,
1535 1693 1597 1733 cui
1613 1692 1704 1734 talis
1720 1694 1978 1747 delegabitur
1995 1693 2188 1743 facultas,
2204 1712 2253 1751 ap
2265 1722 2278 1728 -

1276 1749 1463 1804 probati,
1490 1748 1793 1807 necessariisque
1822 1753 1869 1794 ad
1889 1753 2085 1797 Miffiones
2104 1756 2278 1810 Aposto-

1274 1808 1371 1850 licas
1387 1809 1614 1864 privilegiis
1631 1811 1818 1860 instruffl,
1833 1826 1908 1854 nec
1925 1814 1991 1867 sibi
2007 1841 2020 1862 ‚
2036 1814 2102 1856 vel
2119 1817 2279 1856 Succes-

1276 1868 1424 1908 soribus
1438 1869 1515 1910 tuis
1543 1869 1745 1922 integrum
1773 1871 1876 1916 erit,
1909 1873 2111 1928 postquam
2137 1873 2195 1914 illi
2221 1873 2281 1913 se-

1275 1925 1354 1967 mel
1374 1925 1522 1969 suerint
1546 1926 1813 1971 adMiffiones
1828 1930 1981 1970 nostra-s
2008 1931 2151 1973 delecti
2167 1959 2181 1981 ,
2209 1946 2279 1972 eos

1276 1999 1469 2028 amovere
1484 2013 1498 2035 ,
1528 1986 1598 2026 nisi
1616 2014 1629 2036 ‚
1653 1988 1718 2029 ubi
1745 1989 1860 2043 primi
1881 1989 2078 2042 integrum
2094 1990 2275 2031 absolve·

1275 2044 1357 2086 rint
1385 2058 1553 2093 annum,
1583 2044 1893 2100 subrogatione,
1920 2049 2278 2102 &praeientatione

1278 2101 1468 2155 subinde,
1499 2113 1618 2159 atque
1639 2102 1862 2148 succeffivis
1895 2109 2099 2163 perpetuis
2123 2116 2278 2162 tempo-

1278 2161 1387 2205 ribus
1409 2176 1453 2205 ea
1469 2163 1626 2204 ratione
1646 2164 1830 2207 facienda
1848 2193 1861 2216 ‚
1883 2177 1926 2207 ut
1943 2179 2041 2207 unus
2057 2194 2070 2216 ‚
2089 2165 2150 2207 vel
2169 2166 2273 2207 alter

1277 2219 1418 2263 saltem
1443 2220 1563 2271 adsit,
1577 2223 1643 2275 qui
1661 2221 1736 2275 jam
1756 2238 1828 2279 per
1843 2237 1987 2265 annum
2012 2224 2051 2264 in
2079 2222 2270 2279 praeniiffo

1277 2281 1422 2322 Ordini
1447 2290 1517 2322 tuo
1540 2279 1730 2334 affignato
1752 2283 1931 2324 districtu
1949 2280 2180 2325 Miffionarii
2205 2297 2270 2323 ex.

1275 2340 1452 2381 creuerit
1470 2352 1608 2380 munus
1625 2368 1638 2389 ‚
1671 2349 1785 2382 notos
1815 2340 1963 2383 habeat
1989 2341 2242 2382 subditorum
2259 2370 2272 2391 ‚

1274 2399 1313 2439 &
1330 2397 1562 2438 incolarum
1577 2411 1705 2439 mores
1719 2427 1733 2448 ,
1751 2398 1845 2440 sitin
1862 2414 1906 2441 re
1922 2398 2145 2441 Miffionum
2161 2413 2277 2453 prac-

1274 2458 1378 2499 ticus
1392 2483 1406 2504 ‚
1430 2457 1648 2511 potensque
1676 2457 1867 2500 instruere
1881 2457 2040 2500 noviter
2055 2457 2271 2500 advenien-

1202 2555 1205 2558 ,
1273 2526 1361 2558 tes:
1383 2515 1532 2570 &quos
1560 2528 1633 2567 pro
1657 2526 1838 2569 tempore
1857 2514 2123 2558 Miffionarios
2139 2516 2272 2572 quoad

284 2597 526 2664 Francisbus
544 2595 1033 2657 Maximilianus,Comes
1053 2597 1103 2647 de
1116 2596 1213 2648 Lie-

356 2669 571 2734 cheenstein
583 2703 600 2726 ,
612 2667 755 2730 Senior
772 2704 785 2717 .

219 2811 309 2859 Pro
328 2807 664 2871 PP.Capucinis
679 2806 897 2856 Civitatis
919 2806 1211 2857 Radstadien-

287 2874 344 2926 fis
378 2876 496 2924 intra
532 2877 805 2924 Montanum
836 2873 924 2923 fitae
956 2893 1035 2943 per
1068 2891 1213 2926 totam

286 2945 481 2995 nominis
501 2948 594 3008 ejus
607 2940 938 2995 Praefesturam.

225 3084 281 3136 N
281 3105 322 3135 os
353 3084 584 3151 Leopoldus
601 3119 618 3142 ,
654 3082 740 3131 Dei
762 3081 907 3151 gratia
937 3082 1218 3150 Archieptfio·

284 3171 362 3225 pus
381 3191 398 3213 ,
425 3162 478 3204 ὃ
496 3156 689 3220 Princeps
702 3152 1018 3223 Salisburgetfis
1033 3190 1048 3213 ,
1086 3154 1132 3202 S.
1150 3154 1217 3203 Se·

285 3227 352 3275 dis
387 3223 633 3290 Apostolicae
663 3224 845 3292 Legatus
872 3240 992 3275 natus
1009 3260 1025 3284 ,
1053 3224 1216 3277 Primaes

231 3347 270 3367 k·
286 3297 515 3348 Germaniae
531 3296 623 3344 &a

273 3443 313 3491 §-
347 3443 387 3483 8.
449 3439 708 3484 ferventibus
724 3437 830 3481 votis
845 3438 883 3479 in
899 3437 937 3479 id
950 3439 1068 3483 unice
1085 3442 1215 3482 inten-

219 3498 388 3551 dentes,
420 3509 465 3541 ut
491 3499 601 3542 hoste
617 3499 749 3540 nostro
774 3498 795 3553 (
813 3499 1033 3547 haereticos‚
1050 3498 1214 3541 seditio—

221 3555 282 3599 sos
300 3555 472 3600 subditos
487 3558 638 3600 nostros
653 3556 948 3615 intelligimus)
973 3559 1063 3600 Deo
1077 3557 1212 3612 opitu-

222 3613 360 3666 lante,
389 3613 466 3671 jam
492 3614 664 3672 fugato,
688 3617 718 3657 is
739 3615 931 3658 deleatur
953 3618 1138 3671 penitus,
1164 3629 1212 3657 ne

218 3672 373 3715 intrent
402 3673 478 3729 (ut
499 3674 875 3730 perhorrescimus)
906 3674 993 3729 post
1015 3673 1211 3716 discessio-

220 3744 311 3773 nem
326 3731 492 3776 nostram
515 3733 607 3775 novi
622 3733 702 3788 lupi
718 3734 1010 3789 rapaces,gregi
1025 3747 1100 3775 non
1121 3747 1210 3786 par-

218 3799 355 3833 centes
368 3818 382 3840 ,
403 3804 504 3833 neve
518 3791 682 3845 heresis,
695 3792 894 3837 Herculea
919 3792 1046 3835 veluti
1060 3790 1207 3846 hydra,

333 3851 435 3892 Tom.
452 3852 473 3892 1
481 3851 518 3893 V.

1272 2588 1320 2618 ea
1335 2602 1348 2624 ,
1370 2587 1455 2628 quae
1472 2571 1662 2615 Minionis
1678 2588 1817 2616 munus
1831 2584 2108 2622 concernunt,
2130 2574 2274 2616 inime-

1272 2632 1383 2674 diati’.
1399 2661 1413 2683 ‚
1432 2633 1469 2673 &
1489 2631 1606 2674 unice
1621 2633 1776 2683 nostris,
1791 2634 2093 2688 nostrorumque
2108 2633 2274 2675 succes.

1274 2690 1404 2733 sorum
1423 2690 1623 2732 mandatis
1637 2719 1650 2741 ‚
1673 2693 1803 2745 quoad
1820 2691 2069 2744 disciplinam
2082 2694 2273 2733 Monasti-

1273 2762 1363 2790 cam
1380 2749 1476 2790 vero
1493 2749 1585 2789 Tibi
1599 2750 1655 2797 ,δε
1668 2749 1903 2790 Guardiano
1919 2763 2055 2792 eorum
2073 2751 2272 2804 volumus,

1269 2809 1309 2848 δι
1324 2808 1478 2848 finimus
1494 2804 1569 2847 else
1584 2805 1780 2861 subjeflos
1794 2833 1806 2846 .

1332 2862 2035 2907 Secundo-HorumMiffionariorum
2047 2879 2170 2922 porro
2182 2868 2247 2909 uni
2262 2891 2268 2901 =

1274 2935 1321 2963 ca
1346 2934 1439 2963 cura
1467 2921 1574 2968 erit,
1599 2918 1836 2964 incessanter
1865 2923 1974 2964 intra
2002 2925 2264 2979 praedictum.»

1275 2976 1589 3020 Radtstadiensis
1607 2978 1848 3022 Praefesturae
1860 2980 2078 3024 districtum
2092 3012 2105 3032 ,
2133 2983 2186 3027 de
2206 2985 2270 3026 lo-

1275 3049 1327 3079 co
1348 3034 1398 3076 ad
1410 3034 1541 3076 locum
1555 3064 1570 3086 ,
1602 3037 1641 3077 δε
1657 3068 1671 3088 ,
1689 3037 1711 3079 fi
1729 3037 1877 3081 necesse
1904 3038 2024 3082 suerit
2043 3070 2057 3092 ,
2084 3043 2206 3083 etiam
2218 3043 2269 3084 de

1275 3094 1399 3136 domo
1413 3093 1461 3134 ad
1475 3093 1637 3136 domum
1652 3098 1925 3147 excurreudO,
1951 3099 2140 3141 Miffionis
2156 3105 2268 3156 Apo-

1276 3152 1419 3194 stolicae
1447 3166 1584 3194 munus
1611 3154 1794 3199 alacriter
1819 3158 1982 3212 explere
2004 3185 2019 3207 ‚
2061 3159 2267 3201 cathechi-

1278 3210 1433 3259 zando,
1453 3212 1572 3253 rudes
1601 3212 1638 3253 in
1657 3215 1846 3256 Doctrina
1871 3216 2097 3259 Christiana
2124 3218 2267 3259 instru-

1277 3268 1385 3312 endo
1401 3297 1413 3319 ‚
1439 3270 1665 3312 reducendo
1676 3273 1907 3315 dubitantes
1923 3274 1970 3315 ad
1987 3275 2088 3315 viam
2104 3277 2265 3317 Verita-

1277 3329 1354 3379 tis,
1381 3326 1525 3383 hosque
1553 3329 1590 3372 in
1616 3331 1686 3372 hac
1708 3329 2009 3382 confirmando,
2041 3333 2079 3374 in
2106 3335 2264 3376 haereti-

1274 3400 1367 3435 cos,
1383 3387 1449 3428 seu
1464 3387 1514 3429 de
1533 3388 1662 3431 haereli
1678 3389 1870 3442 suspectos
1887 3419 1898 3439 ,
1915 3391 2136 3443 horumque
2155 3395 2264 3434 Con-

1272 3444 1470 3495 sultores‚
1491 3447 1710 3495 Fautores,
1728 3450 2017 3502 Receptatores
2031 3476 2044 3498 ,
2068 3449 2262 3492 librorum

1271 3504 1607 3547 Acatholicorum
1630 3505 1860 3548 detentores
1876 3534 1890 3555 2
1916 3505 1979 3548 vel
1994 3506 2257 3551 detentorum

1272 3560 1449 3604 conscios
1463 3592 1479 3613 ‚
1501 3564 1540 3604 δι
1564 3578 1643 3607 non
1667 3565 1890 3607 revelantes
1907 3593 1920 3615 ‚
1951 3577 2020 3605 eos
2035 3566 2072 3607 in
2094 3567 2262 3609 Provin-

1271 3621 1374 3661 ciam
1390 3621 1559 3664 nostram
1574 3619 1751 3664 ferentes
1768 3650 1781 3671 ‚
1812 3620 1875 3663 seu
1891 3622 2141 3667 intrudentes
2155 3651 2169 3674 ‚
2187 3627 2257 3665 ho-

1269 3691 1435 3732 rumque
1459 3680 1740 3728 auxiliatores,
1772 3680 1981 3732 conscios,
2007 3683 2074 3725 seu
2097 3685 2257 3739 partici-

1253 3748 1338 3793 pes
1369 3736 1607 3791 inquirendo
1620 3765 1634 3786 ‚
1659 3737 1808 3794 hosque
1844 3741 1884 3781 δι
1921 3740 2019 3782 alios
2051 3739 2254 3797 hujusmo-

1265 3793 1306 3835 di
1328 3789 1460 3836 farinae
1475 3795 1653 3837 homines
1670 3797 1795 3839 Nobis
1809 3825 1823 3850 ,
1849 3798 1910 3840 vel
1925 3826 1939 3849 2
1952 3800 2014 3841 cui
2030 3815 2100 3855 per
2117 3804 2199 3841 Nos
2213 3800 2252 3838 ὃς

1543 3856 1578 3894 T
1611 3867 1632 3894 2
2098 3861 2195 3900 Suc-
