2658 4256
883 234 1588 323 Franconicu.
2046 246 2201 346 167

211 367 415 423 Domini,
442 365 496 415 &¹
526 368 743 434 conspicuis
753 366 912 433 simper
936 372 1133 431 operariis
1147 366 1344 435 soecunda
1368 386 1444 414 non
1459 367 1598 434 solum
1613 362 1793 430 salutem
1824 366 2049 412 animarum
2065 401 2080 423 ,
2103 369 2177 432 sui
2199 372 2259 417 la-

212 437 318 486 boris
333 437 445 484 lucro
466 442 588 486 auxit
600 473 617 495 ‚
645 439 798 488 verum
816 440 937 484 etiam
950 436 1174 502 Regularis
1193 438 1481 504 Observantiae
1497 451 1624 484 tenax
1641 468 1657 492 ,
1672 432 1832 499 Spiritu
1846 434 1931 499 fiae
1945 444 2130 485 ‘virtutis
2131 438 2225 504 fibi
2238 475 2254 497 ,

197 523 255 555 -ac
268 505 423 556 ordini
448 508 676 576 acquifivit
699 509 912 556 communis
941 510 1224 555 venerationis
1248 507 1472 575 obsequium
1487 541 1500 555 .
1568 511 1570 521 ’

344 570 455 627 Hinc
469 613 486 636 ,
510 579 603 627 dum
627 578 748 628 Anno
774 585 862 638 163
877 596 917 624 1.
954 572 1132 642 ffoenis
1146 575 1293 623 Sueciae
1322 578 1440 625 miles
1458 592 1610 626 amoena
1623 570 1860 637 Herbipolis
1876 591 1987 624 arva
2014 576 2154 641 hostili
2171 592 2252 637 ty-

206 647 376 696 rannide
410 648 572 716 invafi't
585 683 602 706 ,
630 647 868 715 sanguinem
897 645 1059 711 fiicrum
1096 645 1150 691 (9¹
1166 644 1383 711 profhnum
1399 640 1428 703 ‚⁸
1451 646 1689 693 Saecularem
1719 642 1772 688 &²
1803 642 2050 708 Regularem
2075 645 2252 711 sceles‘lo

203 715 300 781 ausit
326 718 572 787 commiscuit
589 752 606 774 ‚
642 718 696 765 (θ’
720 715 794 763 Fr.
813 714 1085 779 Leopoldum,
1114 732 1167 761 ex
1177 714 1394 779 praenobili
1412 715 1602 780 prosapia
1631 715 1680 761 de
1700 711 1978 779 Gumpenberg
2008 730 2139 763 ortum
2154 751 2169 773 ,
2205 735 2252 765 ac

200 784 280 834 Fr.
295 786 495 837 Simonem
526 792 635 836 inter
653 783 820 834 Montis
846 782 1043 832 Mariani
1064 787 1207 832 moenia
1223 781 1319 831 dirc'i
1337 798 1462 832 morte
1483 788 1685 847 peremit,
1712 781 1839 837 Rex,
1859 783 1980 830 coedis
2011 786 2132 845 hujus
2157 806 2250 835 con-

188 855 305 922 scius
336 858 508 916 refiduos
536 856 665 906 adhuc
692 853 915 916 Capucinos
948 855 1006 902 ad
1022 852 1320 901 MonaHerium
1335 852 1544 900 Scotorum
1558 887 1572 910 ,
1592 852 1767 900 Ordinis
1797 850 1844 900 S.
1867 851 2081 901 BenediHi
2093 894 2108 916 ,
2123 875 2252 906 voca-

200 930 278 974 ·vit
293 962 310 984 ,
332 934 383 976 ξς
413 932 458 976 in
483 943 617 974 eorum
642 924 860 988 praesentia
887 938 1122 990 congregato
1150 923 1282 970 militi
1308 926 1371 969 ita
1399 922 1557 969 locutus
1590 923 1668 988 est:
1707 925 1823 970 Ecce
1855 921 1935 969 hos
1954 926 2091 970 Viros
2107 959 2121 980 ,
2156 927 2251 975 ubi-

200 1013 377 1061 cunque
410 998 555 1045 taliter
586 992 731 1041 vestiti
761 989 891 1039 vobis
925 992 1242 1048 obviaverint,
1267 1003 1424 1044 cavete
1451 991 1506 1040 ab
1530 1009 1689 1041 eorum
1714 988 1879 1040 offensa
1897 1025 1912 1048 ‚
1942 1006 2027 1059 ego
2050 990 2247 1059 spondeo

199 1065 259 1112 eis
293 1063 610 1119 securitatem,
637 1060 684 1112 <Sc
709 1061 1019 1109 omnimodam
1049 1063 1171 1128 prius
1201 1060 1401 1110 habitam
1431 1060 1714 1111 libertatem.

336 1133 592 1200 Conspicitur
621 1133 676 1179 (J
703 1132 892 1180 hodierno
922 1131 1051 1179 adhuc
1080 1146 1256 1196 tempore
1280 1136 1322 1178 in
1348 1131 1508 1179 Sacello
1536 1130 1609 1181 ‘B.
1634 1132 1686 1182 V.
1703 1130 1862 1181 Mariae
1878 1131 1936 1179 ad
1931 1133 2079 1198 forum
2094 1165 2113 1188 ‚
2146 1132 2249 1197 Epi-

195 1203 382 1269 taphium
410 1238 427 1261 ,
462 1203 571 1271 quod
597 1201 792 1251 Fratrum
822 1218 915 1268 erga
938 1203 1174 1267 proximum
1208 1216 1384 1264 tempore
1402 1203 1524 1266 pestis
1553 1204 1797 1252 charitatem
1828 1206 1872 1250 in
1895 1220 2031 1252 avum
2059 1220 2251 1250 commen·

193 1273 268 1322 dat
297 1274 364 1322 his
391 1272 565 1323 verbis:
591 1274 755 1340 Jacent
779 1274 823 1320 in
853 1270 935 1321 hac
962 1270 1125 1322 Sancta
1154 1269 1266 1320 AEde
1296 1284 1396 1320 ante
1427 1273 1587 1322 Altare
1623 1273 1795 1323 SanRae
1824 1273 1990 1322 Crucis
2022 1275 2251 1339 quinque..

194 1347 394 1402 Fratres,
409 1362 461 1392 ex
477 1341 654 1392 Ordine
691 1346 737 1392 S.
757 1338 977 1391 Francisci
1002 1342 1224 1407 Capucin.
1239 1377 1255 1399 ‚
1291 1358 1486 1407 quorum
1514 1344 1698 1392 nomina
1718 1343 1845 1400 sunt,
1861 1346 1910 1392 P.
1928 1346 2249 1391 Bonaventura

197 1411 436 1463 Brixienfis
468 1411 684 1462 Sacerdos
701 1446 717 1470 ,
756 1415 806 1461 P.
831 1412 1076 1461 Damianus
1097 1411 1453 1460 Landishutanus
1468 1449 1484 1471 ,
1520 1414 1650 1476 hujus
1668 1411 1871 1463 Ecclefiae
1899 1416 2211 1466 Concionator
2233 1447 2250 1469 ‚

197 1484 248 1531 P.
266 1486 499 1532 Romanus
518 1481 715 1549 Arding.
744 1481 961 1531 Sacerdos
977 1515 993 1538 ,
1019 1484 1095 1529 Fr.
1112 1484 1254 1531 Lucas
1272 1480 1536 1552 Morspurg.
1561 1486 1769 1534 Clericus
1785 1519 1800 1540 ,
1834 1487 1908 1531 Fr.
1924 1484 2252 1531 Bartholomae-

199 1567 251 1599 us
277 1548 549 1601 Groffmull.
579 1551 740 1618 Laicus
762 1587 774 1600 .
811 1551 879 1602 Hi
908 1551 1037 1617 capta
1070 1550 1125 1600 ab
1161 1551 1357 1601 hostibus
1380 1562 1522 1614 1631.
1551 1553 1714 1610 Urbe,
1750 1555 1891 1600 vitam
1933 1569 2016 1616 pro
2053 1552 2248 1601 Civibus

194 1635 459 1687 exponentes
483 1622 682 1672 maxima
700 1640 807 1670 cum
830 1619 1325 1689 charitate‚s1ngulariq;
1353 1621 2120 1688 exemp10‚concionibus‚diuturnae
2137 1622 2251 1670 chri-

191 1688 337 1740 stianae
360 1693 674 1757 explicationi,
705 1695 1186 1741 SS.Sacramentorum
1203 1692 1575 1740 administrationi
1592 1727 1609 1749 ,
1638 1709 1810 1740 necnon
1826 1689 2136 1749 infirmorum,
2157 1709 2264 1740 τηε-ι.

193 1759 317 1808 xime
344 1761 460 1827 peste
493 1758 763 1808 infestorum
804 1757 1047 1808 vifitationi
1088 1758 1169 1807 diu
1207 1762 1432 1829 nofluque
1461 1759 1634 1811 strenue
1663 1759 1952 1811 insudarunt:
1990 1762 2170 1811 tandem
2199 1760 2248 1814 ὃς

193 1827 275 1895 ipsi
302 1828 374 1897 pie
403 1827 626 1888 defun-sti,
654 1828 702 1879 ὅ(
730 1827 802 1877 hic
833 1838 975 1889 (cum
1007 1828 1255 1879 claustralis
1285 1849 1446 1882 eorum
1469 1829 1702 1898 sepultura
1727 1846 1836 1881 tunc
1861 1834 2135 1900 prophanata
2163 1834 2250 1882 exi·

190 1897 357 1958 steret)
392 1899 555 1964 sepulti
580 1897 731 1956 fuere,
756 1900 917 1966 quibus
948 1901 1016 1948 uti
1041 1900 1097 1949 de
1120 1900 1314 1950 Ecclefia
1343 1904 1427 1952 hac
1443 1937 1461 1961 ,
1492 1916 1676 1970 totaque
1701 1903 1907 1953 Civitate
1934 1903 2044 1952 bene
2077 1904 2250 1952 meritis

193 1967 487 2038 Magistratus
521 1971 606 2019 hoc
631 1985 981 2019 monumentum
1009 1969 1188 2037 posuit.

331 2039 411 2087 ΕΗ
421 2043 474 2088 <9¹
492 2043 694 2090 aviterna
712 2040 830 2088 laude
843 2043 1006 2107 dignum
1018 2039 1150 2088 nostri
1169 2039 1446 2109 Fr.Stephani
1460 2042 1702 2114 Labacenfis
1717 2045 1851 2108 Opus,
1862 2043 2032 2111 irfignis
2044 2044 2250 2094 videlicet

190 2108 645 2176 Archicorfiaternitas
676 2109 754 2158 SS.
773 2109 962 2176 Corporis
979 2110 1142 2159 Chriflt
1156 2146 1173 2169 ,
1201 2131 1284 2181 quae
1308 2119 1353 2161 in
1375 2114 1617 2164 Cathedrali
1634 2114 1926 2180 Herbipoletfi
1928 2114 2061 2180 floret
2077 2151 2092 2172 ,
2122 2115 2174 2163 ab
2206 2133 2249 2162 eo

182 2176 266 2246 fiaeb
294 2179 481 2246 auspiciis
509 2179 723 2248 Celfiffi‘mi
737 2215 754 2238 ‚
780 2197 827 2227 ac
847 2181 952 2229 Rn‘zi
966 2179 1172 2247 Principis
1187 2218 1203 2240 ,
1229 2185 1282 2232 ὠ·
1308 2185 1496 2251 Episcopi
1521 2184 1712 2252 Philippi
1726 2185 1918 2249 Adolphi
1939 2185 1990 2233 ab
2008 2185 2249 2253 Ehrenberg

192 2249 379 2314 instituta
394 2285 410 2305 ,
434 2254 594 2316 pietate
607 2249 871 2316 succeffiirum
899 2250 1134 2316 Principum
1164 2267 1240 2317 per
1266 2255 1468 2322 Dioecefi'n
1491 2270 1723 2324 propagata
1745 2293 1762 2314 ,
1802 2261 1855 2303 &³
1873 2254 1951 2319 per
1978 2256 2251 2306 hodiernum..

192 2317 426 2384 Principem
442 2355 458 2378 ,
485 2321 539 2368 &¹
562 2320 800 2386 Eptfiopum
829 2339 915 2369 cum
939 2334 1136 2387 perpetua
1161 2322 1409 2391 Sanft't'ffi'mt'
1441 2327 1674 2375 adoratione
1693 2328 1928 2387 continuata
1945 2361 1959 2374 .

330 2387 447 2438 Inter·
472 2391 581 2438 alios
602 2405 734 2438 autem
773 2390 891 2439 Viros
919 2427 935 2449 ‚
966 2396 1038 2459 qui
1058 2409 1144 2442 tum
1177 2391 1204 2441 ἃ
1235 2394 1553 2468 Conseffionibus
1591 2396 1902 2464 Celstfflmorum
1915 2431 1932 2453 ‚
1956 2412 2005 2442 ac
2028 2393 2247 2447 Reveren-

190 2456 437 2524 'diffi‘morum
463 2460 699 2525 Principum
718 2495 734 2518 ,
762 2467 815 2509 &5
844 2462 1125 2528 Epist-oporum
1138 2463 1342 2530 fuerunt,
1378 2482 1465 2516 tum
1487 2470 1531 2515 in
1559 2467 1704 2534 officiis
1721 2466 1958 2516 Provinciae
1987 2463 2246 2524 claruerunt,

189 2543 278 2579 tum
303 2532 426 2579 editis
450 2529 574 2579 libris
595 2531 768 2597 sanam,
792 2531 1109 2600 &singularem
1123 2571 1139 2593 ‚
1164 2553 1211 2582 ac
1233 2541 1404 2586 ‘virtute
1418 2537 1580 2586 unfi'am
1598 2537 1823 2587 doHrinam
1834 2533 2152 2602 probaverunt,
2177 2555 2248 2584 nu·

189 2615 319 2647 merat
348 2601 436 2650 FF.
466 2600 750 2651 Abrahamum
781 2600 1060 2670 Kizinganum
1076 2641 1091 2662 ‚
1130 2605 1392 2657 Edelbertum
1423 2608 1786 2675 Rottenfilfinsem
1803 2642 1820 2664 ,
1850 2606 2101 2656 Eucharium
2128 2606 2246 2655 Stoc-

193 2666 472 2736 ksbergensem
486 2707 502 2730 ,
535 2672 795 2741 Francifium
818 2672 1044 2722 Antonium
1070 2674 1434 2744 Wirceburgenfem
1452 2714 1466 2736 ,
1477 2676 1677 2734 Ioannem
1705 2678 1926 2742 Casparum
1954 2672 2246 2744 Mergenthei-

192 2736 359 2802 ”misem
373 2773 388 2795 2
421 2740 652 2806 ‘'Josepbum
685 2743 909 2792 Oxovium
923 2778 939 2800 ,
971 2743 1087 2810 Ifiiac
1113 2746 1338 2797 Oxovium
1356 2783 1371 2805 ,
1397 2748 1554 2799 Lucam
1587 2746 1950 2814 Rottenftlfimsem
1963 2779 1979 2801 ,
2016 2746 2243 2797 Nicolaum

195 2825 251 2856 ex
267 2807 502 2874 Randetfic
516 2843 532 2866 2
544 2810 793 2859 stanislaum
808 2812 1186 2880 Wirceburgensem
1202 2851 1219 2874 ‚
1246 2817 1527 2869 ViHorianum
1540 2814 1978 2886 Mergentheimenfim
1993 2822 2085 2866 &a
2103 2853 2120 2876 ,
2150 2836 2244 2885 quoq

191 2895 281 2927 rum
309 2879 459 2928 merita
490 2877 673 2927 Annales
695 2877 931 2929 Provincia
961 2885 1176 2947 ampliant.

470 3086 763 3155 Reflringitur
788 3085 846 3135 ad
872 3085 1112 3140 Con-ventus
1133 3105 1191 3136 χι
1206 3105 1247 3136 1.

605 3226 866 3297 Rqfidentias
901 3246 931 3279 v
942 3248 962 3280 1
976 3249 995 3280 1
1011 3248 1031 3279 1
1040 3262 1053 3275 .

2065 3862 2189 3904 Fran-=
