2658 4256
957 197 1574 316 Apostolica.

464 324 641 378 Eodem
670 341 943 397 argumento
961 367 973 380 .

213 467 249 510 A·
263 470 379 520 tergo
396 494 406 505 .
429 467 642 509 Venerabili
657 468 814 519 Fratri,
831 472 1110 512 Maximiliano
1126 475 1231 515 Hen-

323 527 419 572 rt'co‚
433 525 720 584 Archicpssopo
737 528 973 586 Coloniensi,
988 531 1116 571 s.R.1.

496 582 670 638 Principi
696 584 862 628 Elcfi'ori
877 615 888 627 .

204 715 708 764 CLEMENS
797 719 1072 766 PAPA
1159 718 1227 766 X.

247 839 480 884 Venerabilis
499 843 645 883 Frater
657 839 831 895 salutem
859 841 906 888 ἐς
923 841 1177 899 Apostolicam

551 896 852 940 Benedib‘t'ionem
865 926 877 939 .

298 1025 481 1070 Raeclara
509 1025 670 1071 laudum
688 1027 1028 1085 testimonia‚quae
1047 1028 1100 1071 de
1128 1029 1222 1068 Fra-

193 1028 284 1138 P
314 1085 438 1126 tribus
459 1085 672 1139 Capucinis
686 1114 701 1136 a
715 1085 859 1128 eximie
890 1088 973 1129 istic
999 1089 1041 1127 in
1059 1085 1218 1127 Vinea..-

193 1143 361 1185 Domini
376 1142 664 1191 laborantibus,
676 1143 835 1186 disertis
849 1145 898 1186 ad
916 1149 1002 1188 Nos
1018 1144 1131 1185 dedit
1148 1143 1219 1185 lit-

193 1200 292 1243 teris
315 1202 557 1244 Fraternitas
574 1203 686 1253 Tua,
712 1217 831 1246 novas
846 1217 939 1257 erga
964 1202 1124 1245 eosdem
1150 1217 1219 1256 pa-

194 1259 531 1302 terna-charitati
553 1260 691 1302 nostrae
717 1260 820 1304 faces
846 1262 1120 1310 addiderunt,
1153 1273 1218 1301 re-

192 1319 267 1360 bus
291 1327 426 1359 autem
451 1318 540 1373 ipfis
556 1334 577 1368 ‚*
593 1322 751 1374 quoties
767 1319 934 1361 facultas
950 1320 1100 1369 aderit,
1116 1320 1217 1359 Pon.

192 1374 307 1418 tificii
332 1376 479 1417 amoris
504 1378 803 1419 incrementum
836 1378 1021 1420 testatum
1043 1377 1217 1419 iisdem,

190 1432 376 1489 profecto
402 1432 538 1476 facere
561 1448 640 1477 non
657 1437 918 1483 omittemus,
945 1436 1072 1478 enixis
1095 1436 1150 1477 ita
1165 1435 1216 1476 ad

191 1490 362 1546 ipsorum
383 1500 476 1534 vota
506 1491 687 1547 juvanda
701 1495 892 1549 precibus
908 1497 988 1538 tuis
1014 1509 1063 1537 ex
1082 1494 1217 1535 animo

190 1548 442 1605 responsuri.
476 1553 725 1596 Remoratur
746 1563 885 1596 tamen
909 1555 950 1594 in
975 1551 1214 1606 praesentia-2

189 1610 494 1664 propensionem
524 1610 624 1651 hanc
640 1612 810 1654 nostram
822 1640 836 1660 ‚
851 1611 944 1667 quin
958 1610 1177 1664 expetitam
1192 1607 1214 1648 ἱ

191 1666 326 1708 divifis
353 1679 481 1721 nuper
511 1669 734 1710 Provinciis
762 1668 1034 1721 suffragiorum
1065 1666 1213 1720 parita-

192 1735 278 1767 tem
303 1723 518 1765 statuamus
539 1750 553 1771 a
581 1735 769 1768 accurata
797 1726 970 1768 emanati
996 1725 1017 1766 a
1048 1723 1119 1765 fel.
1149 1738 1215 1766 re-

191 1784 308 1826 cord.
322 1781 540 1824 Deceffore
564 1783 695 1825 nostro
711 1783 750 1825 in
775 1784 1024 1827 contrarium
1038 1782 1212 1825 Decreti

189 1840 376 1884 habenda
399 1843 423 1884 a
436 1840 564 1882 Nobis
586 1843 749 1884 omnino
764 1843 865 1885 ratio
878 1871 893 1895 ‚
912 1856 996 1885 rem
1009 1842 1213 1884 nihilomi-

187 1914 262 1943 uus
297 1897 373 1940 suis
391 1899 604 1942 momentis
626 1901 875 1954 pensabimus
896 1929 910 1951 ,
947 1900 1215 1956 suffragationi

189 1960 287 2000 Tuae
311 1971 393 2000 non
415 1972 555 2013 parum
581 1959 793 2003 tributuri.
827 1963 884 2004 Ut
909 1961 1117 2015 praedictos
1132 1963 1214 2003 Ca-

186 2018 354 2073 pucinos
368 2046 383 2068 ,
407 2017 687 2073 Ordinemque
707 2017 936 2063 universum
950 2049 964 2071 ‚
986 2019 1113 2062 divini
1128 2018 1215 2062 cul*

188 2073 254 2116 :fis
270 2074 319 2116 ad
335 2077 630 2117 incrementum
644 2076 684 2119 in
696 2076 872 2120 Ecclefia
886 2078 1100 2120 Catholica
1114 2077 1216 2119 adeo

187 2133 344 2176 strenue
357 2132 845 2185 militantem‚continemi
861 2137 1087 2190 patrocinio
1101 2133 1216 2177 fove-

188 2204 231 2232 as
246 2218 259 2240 ,
276 2189 297 2231 a
313 2191 518 2247 perspecta
533 2194 812 2236 Fraternitatis
830 2196 922 2236 Tuae
937 2194 1216 2249 pietateupror-

188 2248 252 2291 sus
274 2250 468 2304 exigimus
490 2278 503 2299 ‚
529 2251 591 2290 cui
606 2251 876 2306 Apostolicam
892 2252 1215 2294 Benedictionem

188 2320 239 2349 ex
265 2309 372 2350 omni
399 2307 534 2350 cordis
564 2308 685 2351 nostri
711 2309 820 2351 sensu
852 2310 1015 2353 interim
1028 2311 1214 2365 imperti-

187 2379 302 2407 mur.
337 2369 486 2408 Datum
514 2368 653 2409 Romae
680 2368 785 2424 apud
817 2371 857 2412 S.
882 2371 1054 2412 Mariam
1082 2368 1214 2425 Majo-

188 2437 278 2466 rem
303 2424 372 2466 sub
396 2424 563 2468 Annulo
585 2426 800 2470 Piscatoris
829 2427 895 2471 die
923 2433 1048 2483 prima
1072 2431 1214 2483 Augu-

190 2481 235 2525 sti
249 2496 443 2526 Mnctxxr
453 2513 464 2524 .
478 2483 746 2530 Pontificatus
759 2487 878 2529 nostri
890 2490 1011 2531 Anno
1025 2486 1215 2531 secundo.

529 2604 682 2647 Marius
713 2605 878 2662 Spinula
908 2607 1071 2650 Secret.

243 2719 388 2771 Autog.
412 2719 455 2760 dn
469 2721 615 2763 Secret.
632 2723 816 2766 Brrvium
831 2722 880 2764 ad
894 2724 1100 2779 Principes
1122 2722 1214 2779 Reg‘.

299 2773 417 2829 mss'lfi
443 2776 495 2823 &0
509 2781 739 2834 annipraed.
754 2777 835 2838 fol.
853 2785 922 2829 58.

184 2912 297 2925 κ
300 2909 528 2924 -ῂ

1000 2919 1196 2936 —n-

440 3004 615 3055 Eodem
650 3023 921 3077 argumento
939 3045 952 3058 .

192 3151 194 3155 '
213 3145 250 3186 A
264 3152 406 3199 tergo:
449 3144 662 3187 Venerabili
679 3147 838 3197 Fratri,
851 3146 1003 3201 ‘Joanni
1018 3149 1188 3206 Philippo

329 3203 620 3259 Arcbiepistopo
636 3208 869 3258 Moguntmo
882 3233 896 3257 2
922 3210 962 3249 ὃ.
976 3210 1022 3250 R.
1038 3210 1071 3251 Ι.

502 3261 679 3318 Principi
706 3261 898 3306 Eleb'lori.

189 3379 702 3430 CLEMENS
786 3383 1062 3432 PAPA
1149 3383 1213 3434 X.

233 3518 474 3561 Venerabilis
493 3521 638 3563 Frater
648 3517 825 3574 salutem
853 3520 901 3567 ίς·
916 3519 1173 3576 Apostolicam

539 3576 844 3620 Benedifft'ionem
861 3606 872 3618 .

309 3702 579 3757 Apucinorum
595 3706 855 3759 Religionem
869 3734 882 3757 ,
897 3708 950 3749 ob
975 3706 1142 3749 eximios
1167 3708 1216 3750 ab

322 3760 460 3804 eadem
475 3763 731 3824 procurandae
745 3763 962 3808 animarum
977 3765 1110 3809 salutis
1124 3781 1217 3828 con7

1294 334 1469 375 tinenter
1490 326 1685 383 impensos
1701 327 1858 373 labores
1872 360 1885 384 ,
1899 334 2097 388 praecipua
2118 335 2156 377 in
2175 342 2312 386 Domi.

1293 406 1345 434 no
1358 388 1555 431 charitate
1569 385 1874 440 prosequimur,
1903 390 2162 447 ejusdemque
2187 403 2311 443 ratio.

1292 446 1506 499 ne8‚divini
1521 441 1653 488 cultus
1669 446 1716 486 ad
1732 449 2083 503 amplificationem
2099 453 2215 494 unice
2228 454 2311 509 spe.

1290 511 1460 557 (stantes,
1478 503 1605 547 Nobis
1619 503 1835 547 admodum
1852 508 1966 550 cordi
1984 510 2085 551 sunt.
2102 510 2313 555 Perliben·

1290 576 1355 606 ter
1381 563 1566 619 quocirca
1598 562 1828 616 excepimus
1861 579 1995 619 preces
2029 569 2309 612 Fraternitatis

1290 624 1416 671 Tuae,
1448 623 1589 676 quibus
1615 620 1839 663 Provinciis
1858 625 2059 668 Rhenanae
2077 653 2092 676 ,
2118 639 2163 666 ac
2191 629 2312 668 Bava-

1286 681 1377 722 ricae
1403 692 1453 720 ex
1469 691 1616 732 nupera
1633 675 1700 719 fel.
1718 692 1800 719 rec.
1820 683 2047 727 Deceisoris
2071 685 2190 726 nostri
2217 699 2309 727 con-

1287 737 1456 780 ceffione
1470 736 1600 777 divifis
1612 761 1626 782 a
1653 749 1722 778 nec
1741 751 1817 780 non
1832 739 1952 782 etiam
1967 771 1982 792 ,
2008 745 2044 783 δε
2063 742 2307 798 inposterum

1282 790 1514 838 dividendis
1528 824 1543 844 ‚
1563 792 1833 847 suffragiorum
1847 801 2059 850 paritatem
2080 801 2119 843 in
2135 802 2308 855 Capitu-

1283 854 1332 895 lis
1348 853 1615 895 Generalibus
1641 853 1865 896 humillime
1889 855 2091 911 exposcis:
2123 861 2223 901 tanti
2248 868 2307 901 ta-

1283 926 1371 954 men
1388 909 1551 953 facimus
1571 909 1744 964 ejusdem
1770 913 1996 956 Decefforis
2015 916 2141 958 nostri
2159 918 2309 959 Decre-

1281 981 1321 1012 ta
1334 996 1347 1018 2
1380 979 1423 1010 ut
1441 969 1479 1010 in
1498 970 1571 1010 hac
1598 981 1641 1009 re
1657 969 1800 1024 absque
1815 983 2002 1014 accurata
2021 972 2308 1016 confideratio-

1280 1044 1329 1072 ne
1345 1026 1442 1068 nihil
1468 1028 1506 1068 in
1533 1028 1779 1069 contrarium
1807 1029 2112 1073 decernendum
2141 1035 2308 1075 censea-

1282 1100 1364 1128 mus
1378 1115 1388 1126 .
1416 1085 1536 1127 votis
1552 1093 1683 1128 autem
1699 1086 1858 1134 tuis2in
1878 1101 2068 1144 quantum
2093 1088 2306 1146 possumus,

1282 1143 1570 1193 indulturi,ne
1596 1158 1644 1186 ex
1667 1145 1873 1188 retardata
1899 1161 2095 1191 novorum
2111 1152 2307 1192 Conven-

1280 1214 1392 1246 tuum
1422 1202 1626 1244 erectione
1650 1203 1814 1259 aliquod
1837 1204 2000 1249 fortasse
2026 1207 2206 1262 praedid'ta
2225 1209 2307 1249 Re·

1279 1262 1375 1315 ligio
1391 1289 1405 1312 ,
1431 1261 1593 1316 ipsaque
1613 1260 1728 1303 Fides
1745 1264 1986 1308 Ortliodoxa
2010 1266 2305 1308 detrimentum

1279 1319 1457 1375 patiatur
1472 1346 1486 1369 2
1510 1318 1689 1373 ejusdem
1708 1320 1932 1375 Religionis
1955 1325 2148 1367 Generali
2172 1323 2306 1378 subje-

1277 1381 1357 1420 Ctas
1369 1377 1673 1420 fibiProvincias
1689 1378 1896 1422 visitaturo
1908 1379 2144 1426 facultatem
2161 1382 2307 1436 imper-

1277 1438 1429 1480 tiemur
1451 1463 1466 1486 ‚
1496 1436 1563 1476 ubi
1593 1435 1643 1476 fic
1672 1435 1721 1477 ad
1750 1436 1926 1479 divinam
1955 1441 2123 1494 gloriam
2153 1454 2300 1494 propa-⁴

1277 1493 1446 1551 gandam
1467 1502 1745 1546 opportunum
1770 1494 1935 1535 duxerit
1954 1523 1968 1545 ‚
1996 1511 2118 1538 novas
2134 1498 2211 1538 istis
2231 1501 2302 1540 iri-2

1277 1551 1525 1604 Regionibus
1548 1548 1690 1603 absque
1714 1552 1907 1603 peculiari
1927 1554 2142 1598 Pontificio
2158 1556 2306 1610 Diplo-

1277 1620 1382 1652 mate
1411 1607 1463 1647 sui
1480 1607 1642 1649 Ordinis
1660 1607 1814 1650 radices
1838 1610 2008 1666 figendi;
2042 1615 2183 1656 uberes
2197 1616 2303 1656 enim

1275 1668 1323 1711 ab
1341 1667 1405 1715 iis,
1424 1668 1510 1707 Deo
1533 1665 1826 1711 incrementum
1841 1670 1986 1722 dante,
2004 1673 2303 1728 progignendos

1276 1724 1350 1770 effe
1380 1724 1630 1780 Populorum
1664 1725 1828 1768 istorum
1867 1729 1915 1771 ad
1952 1731 2121 1774 salutem
2150 1730 2302 1773 frut‘ius

1276 1785 1439 1829 omnino
1465 1782 1720 1826 confidimus.
1755 1788 1811 1828 Ut
1837 1787 1910 1842 piis
1933 1789 2107 1844 praedicti
2133 1790 2301 1832 Ordinis

1277 1842 1487 1888 conatibus
1518 1842 1688 1884 validam
1713 1845 1831 1899 usque
1856 1848 2036 1900 praestare
2061 1848 2162 1892 velit
2182 1863 2301 1901 opem

1277 1900 1525 1947 fraternitas
1542 1903 1628 1944 Tua
1640 1931 1653 1954 ‚
1666 1916 1714 1944 ex
1731 1904 1862 1946 animo
1878 1908 2060 1962 cupimus
2076 1936 2090 1958 ,
2114 1908 2176 1950 cui
2193 1921 2302 1961 para-

1277 1972 1358 2004 tam
1383 1960 1433 2002 ad
1451 1959 1643 2001 ulteriora
1660 1974 1818 2017 quoque
1843 1967 1998 2017 paterni
2016 1967 2160 2008 amoris
2173 1966 2304 2007 docu-

1278 2028 1414 2064 menta
1447 2018 1696 2060 voluntatem
1723 2021 1892 2063 nostram
1907 2024 2172 2079 pollicentes,
2205 2037 2301 2079 per-

1280 2088 1463 2122 amanter
1484 2077 1649 2119 interim
1673 2078 1945 2125 benedicimus
1960 2111 1972 2120 .

1257 2140 1260 2144 ”
1335 2141 1486 2181 Datum
1501 2137 1642 2179 Rotnae
1669 2139 1868 2195 utsc'tpra.

1684 2256 1833 2299 Marius
1850 2257 2014 2313 Spinula
2030 2259 2183 2301 Secret-

1334 2373 1479 2428 Autog.
1511 2375 1553 2414 in
1578 2372 1722 2413 Secret.
1739 2374 1922 2417 Brevium
1950 2375 1998 2416 ad
2013 2376 2218 2430 Principes
2244 2388 2300 2418 rc.

1332 2427 1334 2429 ’
1382 2431 1487 2488 gesto
1513 2431 1630 2487 mcnſs
1646 2459 1662 2480 ,
1690 2429 1736 2477 δ’
1753 2436 1849 2474 anm·
1859 2433 1990 2489 pred.
2010 2433 2092 2492 fol.
2104 2445 2174 2490 59.

1273 2569 1734 2587 -¹-—--—-fl-—-
1971 2571 2287 2586 -ι-*μ-ι-

1532 2668 1710 2719 Eodem
1737 2682 2008 2738 argumento
2028 2705 2040 2718 .

1210 2836 1213 2839 >
1272 2809 1309 2853 A
1327 2811 1469 2862 tergo:
1502 2808 1657 2849 Dileft‘o
1682 2808 1804 2856 Filio,
1819 2806 1953 2846 Nobili
1963 2806 2064 2856 Viro,
2080 2806 2301 2863 Ferdinanes

1427 2866 1473 2908 do
1491 2868 1656 2915 Maria,
1669 2864 1770 2906 Daci
1785 2863 1984 2912 Bavariae,
1998 2865 2038 2902 s.
2057 2864 2106 2904 R.
2124 2867 2156 2906 l.

1599 2921 1772 2971 Principt·
1792 2917 1977 2962 EleHori.

1277 3049 1791 3097 CLEMENS
1879 3051 2147 3099 PAPA
2230 3056 2296 3103 X.

1390 3172 1543 3217 Dileele
1568 3173 1646 3216 Fili
1662 3203 1676 3224 .‚
1704 3172 1853 3216 Nobilis
1869 3177 1942 3219 Vir
1956 3201 1970 3222 ι,
1981 3174 2156 3229 salutem
2168 3205 2182 3228 ,

1460 3231 1508 3279 ἐῢ·
1523 3233 1777 3290 Apostolicam
1791 3231 2108 3279 BenediHionem.

1361 3358 1490 3402 Edula
1517 3361 1670 3413 officia,
1696 3363 1840 3416 quibus
1863 3360 2068 3404 Nobilitas
2082 3362 2167 3407 Tua
2194 3368 2293 3408 Fra-

1376 3418 1501 3461 tribus
1524 3421 1741 3476 Capucinis
1768 3420 1964 3463 Bavaricae
1979 3448 1994 3472 ,
2025 3434 2070 3462 ac
2088 3423 2294 3477 Tyrolen-

1275 3478 1323 3516 sis
1341 3478 1567 3522 Provinciae
1592 3478 1820 3533 suffragatur
1833 3508 1848 3529 ,
1873 3478 1979 3520 illius
1994 3479 2145 3524 indices
2161 3483 2290 3536 pieta-

1277 3534 1327 3575 tis
1348 3533 1466 3586 sunt,
1490 3551 1572 3594 quae
1602 3537 1798 3592 praecipue
1824 3537 1928 3578 inter
1944 3536 2117 3591 decora,
2145 3542 2292 3595 quibus

1275 3590 1471 3647 infigniris
1485 3623 1500 3645 ,
1526 3595 1613 3648 jure
1639 3596 1706 3637 fibi
1723 3595 1879 3650 optimo
1896 3595 2071 3639 vindicat
2089 3598 2291 3653 principa-

1275 3659 1361 3692 tum
1376 3681 1387 3693 .
1413 3652 1647 3696 Gratificari
1668 3654 1855 3708 quocirca
1870 3654 1999 3697 Nobis
2021 3655 2107 3711 ipsis
2125 3666 2290 3710 reputa-

1278 3708 1434 3762 bimus,
1462 3712 1643 3766 precibus
1670 3712 1738 3753 ubi
1768 3711 1926 3754 dabitur
1944 3713 2022 3754 tuis
2050 3713 2289 3767 indulgere.

1276 3766 1450 3825 Hujusce
1478 3779 1613 3813 tamen
1640 3783 1738 3828 erga
1765 3771 1827 3813 Te
1850 3771 2124 3872 propenfiongs
2136 3772 2292 3870 <5{mostra

2110 3845 2131 3872 u
2174 3843 2238 3872 um
