2658 4256
1005 220 1557 346 Wallssniaex.

286 418 297 437 ,,
327 380 398 430 ΑΒ
429 378 631 423 EADEM
668 380 1186 424 POENITENT1AR1A.

257 496 518 548 Tranfitum
555 501 629 547 Fr.
650 499 872 547 Brunonis
891 495 1055 544 Bibaux
1075 531 1089 551 ,
1127 498 1248 544 Lim·

328 566 556 637 burgensis
589 604 605 626 ‚
641 569 697 617 ad
733 572 905 618 Fratres
935 565 1246 620 Recollestos,

325 656 414 688 non
434 657 488 687 ex
520 641 694 687 motivo
722 623 998 702 perfestioris
1029 636 1131 684 vitae
1164 632 1247 681 du-

322 707 470 758 cendae
489 743 504 765 ,
541 705 616 756 sed
645 706 705 754 ob
733 702 950 753 discolarn
979 709 1070 766 ejus
1101 705 1249 751 incon-

319 774 526 828 stantiam
542 773 799 825 conceffum
823 771 947 823 fuiffe
964 773 1217 824 declaratur
1232 808 1245 821 .

335 903 579 962 Eminentiss'.
605 901 661 955 ὠ*
683 899 942 955 Reverendt‘si.
969 901 1134 942 Domine
1147 927 1158 939 .

392 1017 527 1061 {nister
541 1014 806 1057 Provincialis
821 1016 860 1056 &
876 1014 1126 1058 Diffinitores
1142 1017 1240 1056 Pro-

249 1022 386 1136 M
419 1075 557 1117 vinciae
572 1073 782 1116 Walloniae
796 1102 811 1123 ,
827 1074 989 1115 Ordinis
1018 1076 1093 1116 FF.
1115 1074 1246 1114 Mino·

244 1150 331 1178 runi
361 1132 659 1188 capucinorum
687 1135 728 1175 S.
759 1129 985 1183 Francisci‚
1012 1130 1245 1173 Eminentiae

244 1193 396 1236 Vestrae
412 1201 654 1233 reverenter
670 1217 684 1240 2
717 1189 828 1232 limul
854 1191 893 1231 &
916 1190 1098 1231 dolenter
1120 1202 1245 1243 expo-

246 1260 342 1294 nunt
366 1277 381 1298 ,
411 1250 588 1305 qualiter
625 1249 856 1303 nuperrime
880 1275 893 1297 a
925 1249 1072 1290 nedum
1104 1248 1144 1290 in
1175 1246 1245 1288 illa

246 1307 490 1359 Provincia,
522 1305 587 1349 sed
611 1321 681 1362 per
707 1315 836 1349 totam
860 1306 1111 1358 Flandriam,
1145 1308 1182 1346 &
1207 1306 1243 1346 in

246 1368 332 1410 aliis
366 1380 525 1422 quoque
559 1365 852 1407 circumvicinis
882 1365 1059 1418 partibus
1087 1364 1246 1406 suborta

245 1425 320 1467 fuit
345 1424 512 1466 maxima
534 1423 748 1464 admiratio
774 1423 876 1465 inter
902 1421 1189 1465 Ecclefiasticos
1206 1423 1247 1462 &

245 1482 459 1525 Saeculares
484 1482 612 1523 omnis
635 1482 818 1536 generis,
850 1481 1095 1523 conditionis
1118 1483 1157 1522 &
1172 1481 1242 1522 stau

246 1544 309 1584 tus
335 1569 349 1590 ,
379 1540 488 1595 aeque
523 1554 568 1582 ac
598 1539 820 1595 gravissima
848 1540 1103 1594 perturbatio
1138 1540 1247 1581 inter

244 1598 421 1641 Ordines
437 1597 659 1653 Regulares
677 1626 691 1648 ‚
721 1596 816 1641 alias
844 1596 1003 1652 pacifice
1022 1598 1090 1640 fibi
1106 1597 1242 1638 convi-

243 1667 387 1699 ventes
402 1685 416 1708 ‚
445 1657 498 1698 ob
513 1656 700 1698 linistram
715 1656 1094 1710 interpretationem
1117 1655 1243 1696 alicu-

243 1715 307 1772 jus
328 1715 468 1755 Brevis
482 1718 609 1757 Sacrae
627 1713 941 1756 Poenitentiariae
956 1740 970 1763 ‚
1002 1714 1039 1754 vi
1068 1712 1180 1763 cujus
1197 1713 1242 1752 P.

243 1775 450 1816 Fr-Bruno
465 1770 1125 1826 Bibaux,Limburgenfis,ejusdem
1144 1772 1244 1811 Pro-

245 1831 386 1873 vinciae
413 1828 624 1871 Walloniae
650 1823 839 1884 professus
862 1855 877 1878 ,
906 1828 1000 1871 dum
1030 1827 1243 1870 discretum

242 1890 282 1930 δι
306 1887 546 1931 laudabilem
574 1888 1095 1942 SeraphiciCapucinorum
1128 1886 1244 1927 Insti-

190 1954 194 1960 “
243 1948 322 1990 tuti
359 1947 532 2001 rigorem
569 1947 608 1987 &
633 1944 884 2002 disciplinam
922 1945 1148 2000 regularem
1175 1943 1244 1985 sibi

245 2006 409 2060 gravem
426 2018 469 2046 ac
486 2006 690 2059 pertaesum
704 2003 789 2047 fieri
807 2001 1036 2059 permififfet
1050 2031 1066 2053 a
1098 2002 1246 2045 nedum

242 2077 292 2105 ex
307 2063 473 2106 levitate
487 2064 528 2102 &
541 2062 754 2116 tepiditate
770 2063 825 2104 sui
838 2059 996 2115 spiritus
1015 2089 1028 2111 ,
1060 2061 1125 2103 sed
1149 2061 1168 2116 (
1185 2061 1244 2101 uti

248 2135 299 2162 ex
334 2119 450 2160 claris
486 2118 738 2161 documentis
772 2120 957 2177 constat)
991 2133 1040 2160 ex
1073 2116 1245 2160 studiosa

255 2175 407 2221 malitia
434 2176 665 2220 facultatem
690 2207 704 2229 ‚
734 2179 773 2219 in
803 2180 1024 2220 Germaniae
1059 2179 1099 2218 δι
1117 2178 1242 2218 Flan-

249 2236 348 2277 driae
363 2236 545 2276 Partibus
571 2236 635 2277 vix
649 2236 822 2277 auditam
836 2265 850 2286 ‚
880 2235 961 2278 fine
975 2235 1057 2278 ulla
1070 2233 1245 2275 difficul-

248 2303 334 2336 tate
355 2292 530 2334 obtinuit
558 2294 606 2334 ab
621 2294 774 2335 Ordine
802 2295 987 2336 Fratrum
1005 2292 1248 2335 Minorum.)

248 2351 549 2405 Capucinorum
570 2349 622 2393 ad
640 2351 776 2393 Patres
790 2351 1245 2403 FF.Rec011eet0s,stri-

246 2409 382 2451 &ioris
404 2406 660 2452 observantiae
674 2419 919 2464 nuncupatos
934 2410 1180 2459 transeundi,
1195 2424 1244 2452 ex

247 2482 299 2510 eo
311 2467 502 2510 duntaxat
515 2467 690 2522 allegato
704 2465 875 2523 specioso
887 2478 1081 2524 praetextu
1095 2495 1109 2517 a
1135 2470 1242 2523 quod

245 2531 287 2568 in
303 2525 391 2580 sud
409 2529 596 2569 Fratrum
610 2528 812 2569 Minorum
829 2528 1107 2582 Capucinorum
1135 2528 1240 2569 Reli-

241 2585 358 2638 gionc
378 2598 463 2626 cum
476 2582 600 2627 animi
610 2586 912 2640 tranquillitate
926 2586 973 2634 δ’
989 2585 1239 2642 confitmdae,

245 2642 372 2696 quiete
386 2642 534 2685 diutius
561 2655 757 2685 remanere
779 2657 852 2685 non
867 2645 1016 2687 valeret
1030 2645 1114 2694 &c-
1141 2647 1242 2699 Quae

244 2699 399 2746 verba,
430 2714 520 2742 cum
550 2700 655 2743 idem
684 2703 729 2743 Ρ.
758 2704 890 2744 Bruno
914 2716 994 2745 non
1021 2701 1164 2745 referat
1191 2702 1241 2745 ad

245 2757 331 2798 suos
356 2756 595 2812 irreligiosos
628 2759 668 2798 δι
690 2758 908 2802 indomitos
935 2774 1065 2803 mores
1093 2789 1107 2811 ,
1137 2775 1239 2816 quo-

243 2828 330 2857 rum
344 2812 462 2856 causa
480 2814 596 2868 plan'e
610 2828 681 2855 nec
697 2815 776 2868 ipse
789 2845 802 2866 ‚
831 2831 905 2858 nec
919 2819 1019 2860 alius
1034 2819 1244 2874 quispiam,

245 2887 340 2915 cum
362 2873 482 2913 animi
503 2871 792 2926 tranquillitate
811 2875 847 2912 &
864 2874 1112 2916 conscientiae
1133 2876 1242 2930 quie-

244 2941 286 2973 te
299 2931 369 2971 diu
386 2931 491 2971 inter
506 2929 733 2983 Capucinos
751 2930 892 2971 vivere
907 2942 1078 2984 unquam
1094 2934 1243 2985 potuit,

243 3003 317 3031 nec
341 2989 490 3042 poterit
515 2988 552 3029 in
569 2986 776 3029 futurum:
809 2988 889 3029 Sed
914 2988 937 3029 ὲ
961 2997 1104 3029 contra
1130 2988 1244 3030 abso-

242 3047 330 3090 lure
356 3046 605 3100 praetendat,
636 3045 778 3087 eadem
803 3046 924 3087 verba
951 3046 1110 3088 omnino
1136 3044 1244 3088 refe-

242 3104 370 3148 reuda
391 3103 468 3146 effe
496 3103 543 3145 ad
574 3104 693 3160 ipsam
725 3105 983 3158 Religionem
1011 3105 1244 3158 Capucino-

243 3177 334 3206 rum
350 3192 364 3212 ‚
395 3177 439 3204 ac
456 3164 481 3203 si
501 3163 581 3205 haec
606 3162 661 3204 ob
675 3162 834 3218 Regula(²
847 3164 886 3203 &
900 3162 1244 3204 Constitutionum

245 3220 577 3264 inobservantiam
627 3222 667 3262 in
707 3220 818 3262 causa
856 3219 964 3262 foret
1002 3221 1246 3275 perturbatae

247 3277 548 3335 tranquillitatis
580 3279 698 3337 animi
724 3293 771 3321 ac
796 3280 1047 3323 conscientia:
1071 3279 1242 3334 quietis3

2101 277 2244 338 111

1311 380 1482 433 indeque
1507 372 1635 431 plenis
1656 371 1791 414 buccis
1820 401 1834 424 ³
1863 374 1948 429 ipsis
1973 377 2098 418 etiam
2129 381 2306 422 Patribus

1310 435 1555 478 Recolleetis
1577 430 1736 475 strenue
1751 430 2063 486 consonantibus
2082 462 2096 484 a
2133 435 2302 489 parlim-2

1307 495 1518 548 divulgare
1554 489 1870 546 praesumpserit‚
1904 492 1939 533 se
1967 492 2146 545 ejusdem
2172 495 2307 535 Brevis

1306 563 1449 594 tenore
1464 565 1512 593 ac
1528 550 1686 591 virtute
1705 560 1757 591 ex
1770 548 1891 588 titulo
1910 550 2071 604 majoris
2091 548 2310 605 perfeetio-

1304 612 1365 659 nis
1379 638 1394 659 ,
1427 623 1476 649 ex
1494 608 1741 648 authoritate
1765 619 1810 646 ac
1825 608 2118 658 approbatione
2132 610 2306 664 Aposto-

1305 665 1383 708 lica
1407 669 1430 709 ὲ
1458 666 1601 706 laxiori
1630 663 1681 707 ad
1706 663 1941 705 strietiorem
1969 668 2168 709 ()rdinem
2195 678 2306 709 tran·
2334 666 2337 667 ⁷

1307 721 1424 765 fiiffe.
1460 725 1560 776 Quae
1574 736 1633 764 res
1651 724 1743 764 curn
1770 720 1873 762 male
1895 721 2004 763 sonet
2027 725 2067 766 in
2102 726 2173 779 piis
2197 727 2307 767 auri-

1304 779 1568 837 busfidelium
1584 809 1599 831 ,
1630 783 1754 834 sitque
1776 779 1939 820 honoris
1970 794 2015 821 ac
2039 781 2303 826 aestimationis

1306 839 1473 895 publicae
1491 838 1654 891 Ordinis
1670 837 1971 893 Capucinorum
1988 841 2167 892 graviter
2185 841 2306 896 offena

1306 897 1410 946 siva,
1439 897 1478 936 &
1505 896 1692 937 haetenus
1718 909 1788 949 per
1805 895 1881 936 Dei
1905 897 2078 949 gratiam
2105 912 2233 952 neque
2265 900 2306 942 in

1300 953 1418 998 Sacra
1433 952 1557 995 Curia
1574 953 1757 998 Romana
1772 982 1785 1003 ,
1817 967 1948 1008 neque
1967 954 2007 1009 in
2022 953 2100 997 ulla
2117 955 2194 997 alia
2213 972 2305 1012 parf

1302 1024 1342 1055 te
1365 1013 1473 1056 orbis
1489 1021 1687 1055 terrarum
1715 1010 1975 1067 usquemodo
1991 1012 2126 1054 audita
2140 1042 2155 1063 ,
2188 1028 2246 1056 acv
2266 1016 2306 1055 in

1305 1071 1383 1127 ipsa
1405 1084 1566 1127 quoque
1581 1072 1701 1112 Sacra
1722 1069 2026 1113 Poenitentiaria
2048 1072 2203 1124 penitus
2219 1072 2309 1112 inu-

1307 1131 1418 1171 sitata
1436 1130 1511 1171 διε.
1529 1128 1710 1171 Praedie'ti
1735 1131 1877 1171 Patres
1892 1157 1905 1180 ,
1938 1130 2135 1170 Oratores
2162 1130 2308 1173 humil-

1305 1188 1420 1238 limi,
1455 1187 1686 1230 Eminentiae
1713 1187 1858 1229 Vestrae
1892 1197 2132 1230 reverenter
2158 1187 2307 1243 suppli-

1305 1255 1430 1296 cant,
1459 1258 1656 1300 quatenus
1682 1245 1733 1287 ad
1750 1244 1945 1288 sedandos
1974 1256 2138 1297 motus,
2171 1261 2221 1289 ex
2245 1246 2312 1287 dia.

1303 1306 1363 1346 &a
1386 1304 1531 1347 sinistra
1554 1306 1593 1346 &
1610 1304 1812 1359 publicata
1832 1303 2011 1359 ejusdem
2027 1305 2168 1351 Brevis
2184 1307 2310 1347 inter-

1307 1363 1540 1418 pretatione
1565 1361 1772 1406 suscitatos
1787 1391 1802 1412 ‚
1832 1363 2004 1418 benigne
2019 1363 2227 1408 declarare
2247 1362 2306 1404 di-

1305 1433 1452 1477 gnetur
1467 1422 1701 1471 ,transitum
1717 1422 1767 1463 ad
1786 1423 1865 1464 PP.
1879 1422 2311 1472 Recollestos,P.Bru-

1306 1482 1398 1521 noni
1415 1481 1563 1522 Bibaux
1582 1478 1852 1533 Lirnburgenfi
1871 1480 2082 1534 Capucino
2105 1493 2182 1520 non
2197 1476 2309 1521 fuisse

1305 1536 1531 1589 concessum
1546 1551 1592 1580 ex
1609 1537 1729 1578 titulo
1746 1534 1905 1591 majoris
1920 1534 2178 1590 perfeetionis
2194 1564 2209 1586 ‚
2239 1534 2310 1578 sed

1304 1610 1352 1638 ex
1371 1597 1540 1648 benigna
1555 1592 1821 1648 compassione
1849 1592 2273 1649 humanae'fragilitatis
2291 1621 2307 1643 ‚

1300 1652 1475 1708 indeque
1499 1652 1577 1692 dici
1611 1667 1684 1693 nec
1712 1650 1846 1706 posse,
1879 1666 1949 1694 nec
1977 1653 2131 1695 debere
2160 1682 2173 1704 ‚
2205 1667 2250 1694 ac
2283 1651 2310 1694 fi

1303 1709 1411 1752 idem
1437 1712 1480 1751 P.
1500 1711 1632 1752 Bruno
1648 1708 1854 1752 transitum
1871 1709 2023 1753 feciffet
2045 1714 2068 1755 a
2087 1712 2228 1755 laxiori
2256 1710 2308 1752 ad

1302 1769 1537 1811 strietiorem
1548 1769 1778 1816 Ordinem,
1805 1766 1912 1811 salvo
1927 1767 2077 1825 semper
2102 1771 2208 1812 omni
2236 1766 2311 1811 de->

1303 1842 1398 1870 core
1415 1829 1453 1868 &
1476 1828 1632 1868 honore
1645 1855 1659 1878 ‚
1685 1828 1754 1882 qui
1774 1827 1867 1869 RR.
1885 1831 1964 1871 ΡΡ.
1981 1829 2232 1871 ΒεεοΙΙεᾶῐς
2248 1830 2312 1869 in-

1305 1898 1366 1929 tra
1381 1885 1569 1941 sphaeram
1583 1884 1639 1927 sui
1651 1885 1812 1928 Ordinis
1827 1885 2003 1929 debetur
2015 1916 2028 1938 ‚
2042 1889 2081 1930 ὃ(
2095 1889 2117 1931 ὲ
2131 1890 2212 1931 ΡΡ.
2226 1889 2308 1929 Ca-

1307 1945 1462 2001 pucinis
1479 1944 1700 1986 nullatenus
1716 1943 1943 1999 denegatur
1957 1948 2034 1988 &c-
2060 1947 2110 1990 Et
2126 1961 2200 2001 pro
2214 1959 2309 2001 gra-

1308 2002 1364 2048 tia
1379 2032 1388 2043 .
1416 2005 1550 2064 Qam
1568 2006 1676 2045 Deus.
1690 2003 1767 2046 &c.

1365 2124 1484 2160 sacra
1511 2120 1801 2161 poenitentiario
1826 2121 2095 2176 retrosc'riptae
2123 2119 2308 2178 petitioni

1305 2178 1502 2233 respondet
1524 2204 1539 2225 2
1569 2176 1780 2233 transitum
1823 2180 2011 2237 Relzgiosb
2039 2183 2217 2220 Brunom'
2241 2179 2312 2220 Bi·

1306 2237 1408 2278 baux
1421 2265 1435 2286 ,
1455 2234 1737 2292 Umbra-gensi,
1764 2237 1793 2277 ἅ
1805 2239 1997 2278 Fratrum
2014 2241 2219 2280 Minorum
2236 2243 2308 2281 Ca-

1300 2299 1531 2349 pucinarum
1551 2292 1746 2349 Religione
1769 2294 1824 2334 ad
1833 2296 1954 2335 altam
1972 2297 2165 2337 Fratrum
2181 2298 2313 2338 Recol-

1304 2353 1489 2395 leHarum
1512 2352 1675 2408 ejusdcm
1690 2352 1846 2392 Ordinis
1862 2352 1994 2394 saneti
2007 2353 2210 2411 Francis‘c'i
2222 2383 2234 2405 ‚
2266 2358 2309 2396 in

1305 2413 1387 2466 qud
1398 2410 1488 2452 αὲῗιι
1509 2409 1757 2467 vitamsuam
1771 2410 1878 2465 degit
1892 2438 1907 2460 ‚
1940 2411 1967 2451 d
1987 2412 2078 2453 sede
2097 2409 2315 2466 Apostolica

1297 2479 1370 2526 per
1396 2472 1558 2510 sacram
1589 2468 1921 2510 Poenitentiariam
1939 2470 2141 2528 concffem
2154 2465 2311 2528 futffi’,

1300 2541 1376 2570 non
1399 2524 1644 2584 persa-&ioris
1678 2531 1771 2567 vitae
1792 2526 1970 2568 ducenda·
1997 2532 2137 2569 motivo
2161 2558 2175 2580 ,
2208 2530 2314 2583 quod

1301 2600 1365 2628 nec
1391 2584 1439 2626 ab
1463 2585 1543 2642 ipsb
1559 2584 1746 2642 Religioso
1761 2587 1939 2626 Brunone
1964 2590 2004 2627 in
2018 2587 2106 2644 ssed
2121 2587 2310 2642 porreffld

1287 2643 1579 2703 fhpplicatione
1593 2671 1607 2693 ,
1638 2656 1702 2683 nec
1730 2646 1772 2684 in
1786 2648 1906 2684 Brevi
1927 2644 2128 2701 Transt'tds
2153 2645 2309 2703 επεμψ-

1289 2703 1382 2762 stam
1399 2700 1521 2758 suff
1533 2701 1760 2754 reperitur,
1785 2701 1860 2755 fid
1879 2703 2012 2751 unice,
2041 2708 2136 2756 quia
2150 2703 2194 2744 ob
2203 2705 2307 2759 ficas

1296 2762 1476 2816 privatas
1516 2763 1686 2800 rationes
1712 2763 1818 2800 inter
1852 2761 2060 2812 Capaciuos
2085 2763 2307 2815 tranquilli?

1305 2820 1352 2867 ὅ
1368 2818 1497 2872 quien³
1508 2817 1556 2873 β’
1580 2819 1707 2857 vivere
1730 2829 1807 2856 non
1825 2815 1928 2870 poffi’
1946 2815 2130 2872 afflruit.

1364 2880 1517 2918 Datum
1532 2877 1658 2914 Romae
1669 2877 1711 2914 in
1722 2873 1847 2913 sacra
1855 2872 2222 2919 Poenitents‘ariada‘e
2234 2892 2256 2919 2
2262 2892 2303 2935 9.

1304 2933 1522 2976 Februarii
1544 2943 1557 2969 1
1567 2944 1588 2979 7
1597 2943 1616 2980 3
1627 2945 1664 2972 2.

1441 3036 1507 3085 Ῥ.
1529 3036 1778 3085 Patriarcha
1796 3036 1996 3105 Hierosbl.
2021 3038 2151 3089 Sacrae
2173 3042 2305 3092 Poeni‘a

1575 3109 1779 3156 tentiariae
1797 3106 1962 3176 Regem
1977 3144 1990 3156 .

1361 3223 1483 3264 Breve
1493 3222 1719 3281 formatum
1738 3223 1782 3268 iu
1797 3225 1967 3269 Arcbtvo
1985 3229 2210 3272 Provc‘nciae.
