2638 4204
429 270 603 353 410

468 374 542 427 fol.
566 372 655 413 188.
674 373 720 413 In
736 372 800 413 via
813 371 975 425 Pragam
988 369 1010 412 ὲ
1025 365 1219 410 militibus
1236 366 1364 409 itera&

474 433 520 474 to
547 431 816 482 vexaturibt‘‚
847 431 886 471 δι
907 441 1010 470 mors
1040 424 1364 469 intentatur-ibi.

475 493 755 534 Concionator
778 489 908 531 felicis
935 486 1137 528 memoriae
1164 485 1220 526 ibi
1247 513 1258 524 .
1294 484 1368 524 Vi-

475 563 622 593 ennam
636 547 807 591 tendens
825 548 1002 602 pericula
1026 557 1134 600 aquae
1159 542 1264 585 subit
1277 542 1362 583 ibi.

472 609 574 651 mire
589 608 785 649 liberatur
798 607 856 647 ibe·
870 632 884 654 ,
915 607 935 645 a
951 605 1071 656 Rege
1086 602 1265 647 Poloniae
1285 604 1370 643 Ro·

474 679 578 709 mam
594 666 803 720 ablegatur
815 664 872 705 ibi
886 691 898 703 .
916 662 980 703 Ab
996 661 1207 704 Haereticis
1222 663 1368 704 Mona-

474 725 565 768 chus
584 726 752 779 Magnus
777 731 975 771 vocatur,
999 721 1071 776 fol.
1098 721 1189 776 189.
1207 721 1247 761 &
1270 732 1365 763 cum

474 781 655 840 periculo
668 781 902 824 vulneratur
915 778 973 819 ibi
988 808 998 819 .
1015 781 1060 819 In
1076 778 1254 820 Galliam
1272 778 1365 820 mit-

474 843 575 886 titur
587 840 675 891 ibi,
705 852 791 894 quae
811 838 927 894 super
957 836 1040 892 ejus
1054 836 1271 892 prudentia
1288 839 1366 879 stu-

472 908 545 958 pet
571 897 654 939 ibi.
686 896 1022 952 Archiepiscopus
1038 894 1245 949 Pragensis
1273 909 1372 937 con-

473 958 566 1003 filiis
611 954 699 1011 ejus
749 957 884 999 utitur
937 953 996 996 ibi
1030 980 1045 1003 ,
1087 953 1325 996 inducendae
1363 981 1375 993 .

472 1015 798 1061 Reformationis
832 1012 1029 1056 articulos
1066 1012 1260 1067 proponit
1288 1011 1376 1052 ibi.

472 1076 710 1120 Tractatum
740 1073 792 1116 de
835 1071 1007 1115 absurda
1032 1070 1376 1113 Acatholicorum

473 1131 616 1191 regula
629 1132 716 1176 edit
731 1161 746 1185 ,
769 1132 841 1184 fol.
864 1143 957 1182 190·
979 1143 1082 1185 opus
1103 1129 1270 1173 &zelus
1289 1130 1376 1173 lau-

475 1194 598 1237 datur
613 1191 694 1233 ibi.
725 1191 790 1234 Ad
818 1191 925 1245 pacis
954 1187 1207 1244 congressum
1232 1190 1273 1230 in
1288 1190 1373 1230 Ita-

471 1253 568 1297 liam
583 1247 829 1292 mittitur-ibi
842 1277 856 1300 ,
887 1249 909 1291 a
923 1246 1053 1291 Gallis
1070 1255 1283 1290 tentantur
1297 1246 1372 1297 ibi,

473 1308 716 1368 Sigismundi
731 1307 818 1364 jura
832 1322 906 1363 pro
927 1309 1103 1362 Sceptro
1120 1307 1297 1349 Poloniae
1312 1303 1374 1347 fe-

471 1369 611 1413 liciter
638 1375 778 1411 tuetur
801 1367 885 1417 ibi,
914 1366 982 1422 qui
1010 1366 1162 1409 electus
1197 1379 1291 1408 eum
1320 1363 1372 1406 ad

469 1427 779 1470 coronationem
793 1426 944 1469 invitat
961 1424 1020 1465 ibi
1032 1453 1045 1475 ,
1070 1426 1109 1467 in
1125 1423 1193 1467 suo
1208 1421 1372 1480 appulsu

470 1489 633 1530 noviter
659 1495 818 1528 exortas
862 1484 999 1527 turbas
1030 1482 1142 1526 sedat
1169 1481 1226 1524 tbi
1246 1511 1260 1535 ,
1292 1495 1369 1537 pro

471 1558 651 1602 purpura
678 1542 865 1587 Ecclefiae
891 1540 1035 1584 frustra
1060 1545 1084 1586 a
1115 1544 1231 1597 Rege
1260 1555 1376 1582 com-

470 1603 718 1652 mendatur,
740 1603 912 1656 fol-191.
932 1600 1142 1643 calumniis
1164 1601 1375 1656 impetitur

470 1659 549 1702 ibi.
581 1659 750 1706 Caesari,
782 1667 827 1700 ut
851 1671 944 1699 cum
969 1660 1083 1714 Rege
1100 1661 1281 1702 Poloniae
1307 1672 1375 1713 pa-

471 1718 643 1761 ciscatur
655 1746 672 1767 ‚
688 1713 829 1757 suadet
841 1714 913 1764 ibi,
927 1717 1136 1758 confilium
1154 1716 1375 1770 negligitur

469 1790 564 1819 cum
584 1775 733 1817 damno
744 1770 800 1813 tbi
815 1800 830 1823 ‚
862 1771 912 1814 ad
930 1772 1086 1827 Regem
1105 1774 1278 1816 Poloniae
1301 1774 1373 1815 ab-

467 1834 628 1891 legatur
645 1833 703 1875 ibi
718 1833 907 1886 Regem,
938 1845 987 1874 ne
1002 1830 1228 1876 Palatinam
1244 1832 1368 1875 haere·

467 1894 592 1938 ticam
609 1891 736 1935 ducat
749 1921 765 1943 ‚
797 1890 1026 1946 persuadet,
1040 1890 1206 1934 Caesaris
1226 1892 1368 1934 Filiam

465 1961 637 1996 econtra
667 1948 782 1994 offert
809 1976 824 2000 ‚
846 1949 918 1999 fol.
950 1962 1038 2006 192.
1070 1951 1309 2007 Regemque
1328 1951 1369 1992 δε

463 2009 665 2055 Caesarem
678 2007 873 2052 conciliat
889 2006 946 2050 ibi
959 2038 970 2049 .
1002 2007 1215 2052 Botsacum
1237 2010 1379 2052 Geda-

467 2071 505 2109 ni
522 2066 734 2111 confundit
748 2095 761 2117 ,
785 2068 855 2119 fol.
879 2081 968 2122 192·
989 2068 1086 2120 ficut
1105 2069 1143 2108 ἃ
1162 2069 1375 2123 Nigrinum

467 2126 632 2184 publice
654 2125 863 2169 convincit
880 2123 939 2167 ibi
956 2154 971 2178 ,
1001 2127 1070 2182 qui
1097 2125 1372 2169 modestiam„

390 2233 392 2236 Α
466 2185 677 2229 Valeriani
700 2183 902 2227 admirans
919 2213 933 2235 ‚
964 2183 1087 2228 fidem
1111 2185 1370 2229 catholicam

465 2245 725 2301 amplectitur
738 2273 753 2296 ,
767 2241 838 2291 fol.
863 2257 954 2302 194.
973 2245 1263 2299 Disputationis
1281 2245 1369 2301 glo·-

464 2304 590 2347 riosus
613 2302 772 2347 effectus
787 2332 802 2353 ,
825 2300 898 2351 fol.
924 2316 1012 2359 192.
1040 2305 1207 2347 Litteris
1225 2305 1364 2359 Regiis

462 2363 599 2406 denuo
639 2375 716 2418 pro
748 2362 905 2404 honore
937 2362 1215 2405 Cardinalitio
1251 2378 1364 2406 com·

462 2421 706 2472 mentiatur,
729 2422 799 2477 fid.
824 2432 915 2476 ¹93·
941 2421 1088 2465 Redux
1117 2425 1286 2479 Pragam
1302 2424 1364 2465 vi-

460 2482 689 2523 fitationem
707 2479 937 2522 Dioeceseos
952 2479 1126 2523 consulit
1143 2509 1157 2533 ,
1176 2483 1250 2533 fol.
1270 2493 1366 2538 195.

461 2540 623 2583 obicem
664 2539 814 2592 reperit
841 2538 899 2579 rbi
923 2566 934 2579 .
969 2538 1167 2582 tudinum
1197 2540 1369 2583 Turonii

457 2595 682 2654 polemium
710 2591 961 2647 congressum
989 2595 1103 2637 adire
1131 2597 1296 2650 jubetur
1312 2598 1369 2639 ibi

371 2671 374 2674 ⁴
462 2654 668 2710 decipitur
696 2653 746 2693 ab
759 2652 910 2694 aemulis
934 2652 1015 2693 ibi.
1050 2654 1263 2697 Cracoviae
1281 2659 1362 2698 Do·

461 2727 572 2757 mum
591 2726 668 2769 pro
680 2710 870 2766 Hospitio
884 2711 1029 2767 recipit
1057 2710 1145 2764 ibi,
1178 2727 1254 2769 pro
1270 2728 1365 2768 pur-

461 2787 561 2830 pura
578 2773 705 2815 tertio
731 2770 1039 2813 commendatus
1055 2770 1114 2814 ibi
1128 2800 1141 2812 .
1174 2773 1367 2817 Varsariae

462 2836 628 2887 Magum
659 2831 907 2885 Regularem
935 2833 1138 2874 convertit
1154 2831 1237 2873 ibi.
1264 2837 1367 2877 Pro-

458 2905 596 2934 cerum
625 2890 797 2933 Poloniae
824 2887 990 2933 fervore
1014 2899 1159 2933 contra
1189 2907 1280 2934 eum
1299 2892 1364 2936 su·

416 2983 421 2989 .
457 2948 682 2998 scitatofol.
701 2948 791 2998 196.
808 2949 1023 3000 Gedanum
1040 2950 1108 2992 seu
1126 2952 1361 2995 Dantiscum

457 3009 568 3052 redit
584 3008 669 3059 ibi,
699 3009 721 3050 a
749 3007 958 3050 catholicis
974 3009 1055 3059 ibi,
1077 3023 1155 3052 non
1172 3020 1360 3067 accepta·

457 3075 526 3111 tur
551 3096 566 3119 ,
595 3068 633 3108 &
662 3068 711 3109 ab
735 3067 987 3110 Acatholicis
1023 3067 1243 3112 honoratur
1268 3069 1326 3113 ibt·
1347 3099 1360 3112 .

457 3126 695 3181 Principem
713 3126 925 3169 Ernestum
941 3126 1243 3182 Landgravium
1260 3131 1360 3174 Ha(-

455 3184 513 3228 fiae
529 3185 578 3226 ad
595 3184 853 3228 Catholicam
881 3183 999 3227 fidem
1014 3188 1359 3242 convertitfol.19.

455 3244 588 3286 media
605 3243 763 3299 publica
780 3243 1049 3300 disputatione
1061 3272 1075 3295 ‚
1107 3248 1218 3304 cujus
1237 3246 1358 3291 series

455 3301 589 3355 ample
605 3303 849 3346 describitur
862 3329 877 3351 a
899 3302 979 3360 fhl.
999 3317 1090 3361 197.
1108 3310 1190 3352 aeta
1205 3308 1245 3350 in
1265 3307 1359 3350 fini-

456 3363 574 3403 strum
602 3361 754 3404 sensum
794 3371 1038 3418 torquentur
1065 3365 1123 3407 ibi
1145 3396 1156 3407 .
1190 3370 1358 3421 Anony-

455 3434 565 3462 mum
595 3419 776 3464 confutat
798 3420 878 3462 ibi.
914 3421 1063 3466 Livore
1090 3434 1238 3468 contra
1260 3439 1356 3468 eum

455 3479 705 3529 adauctofol.
732 3493 822 3537 ¹99·
843 3479 935 3522 zelo
950 3482 1115 3525 honoris
1131 3483 1356 3527 defenden-

458 3537 498 3579 di
533 3539 763 3583 incenditur
789 3539 876 3589 ibi,
906 3541 945 3581 &
966 3542 1144 3585 AEmulos
1174 3542 1354 3599 Regula·

453 3611 518 3639 res
535 3598 776 3655 Apostolicae
791 3598 883 3640 Sedi
899 3598 1181 3643 denuntiatibi
1197 3631 1211 3654 ‚
1226 3615 1353 3657 auge·

456 3667 521 3697 tur
545 3658 743 3701 aemulatio
766 3656 825 3699 ibi
850 3686 862 3698 .
897 3659 1061 3701 Viennae
1092 3661 1141 3704 ad
1164 3673 1349 3703 carceres

457 3714 614 3758 ducitur
631 3718 716 3769 ibi,
747 3731 822 3771 pro
843 3716 956 3773 cujus
985 3715 1176 3762 libertate
1194 3720 1351 3763 Princi-

454 3785 525 3827 pes
550 3775 688 3819 instant
707 3774 794 3827 ibi,
826 3790 919 3818 cum
936 3779 1091 3819 honore
1116 3778 1346 3829 seducitur,

446 3831 518 3882 fol·
546 3844 643 3878 200·
668 3836 942 3890 salisburgum
969 3838 1187 3881 contendit
1210 3865 1225 3890 ,
1254 3837 1347 3880 ubi·

2407 0 2471 337 Κ

1543 380 1624 422 que
1641 365 1847 423 perviam
1870 366 2011 425 plausu
2029 382 2119 411 eum
2134 371 2354 419 comitante
2379 361 2478 421 ibis*
2527 415 2529 419 f

1545 429 1612 468 Ab
1650 428 1975 482 Archiepiscopo
2011 427 2192 471 distincta
2229 433 2464 482 charitate)

1548 488 1751 541 excipitur
1782 485 1880 538 ibi,
1922 488 1991 543 qui
2020 485 2107 543 ejus
2140 489 2310 532 consiliis
2340 501 2462 539 uritur

1544 541 1603 586 ibi
1626 572 1640 595 ,
1670 555 2017 601 aegrotantemque
2053 546 2181 589 invifit
2211 547 2271 588 ibi
2297 577 2308 591 .
2348 547 2459 600 βω

1546 603 1800 647 odiocontra
1821 605 2005 647 inimicos
2033 605 2277 658 protestatur
2291 607 2375 659 ibi,
2404 615 2462 664 ρῑὲ

1544 664 1714 705 moritur
1745 663 1802 704 ibi
1829 662 2041 717 Epitaphia
2072 691 2085 714 ,
2109 666 2182 718 fol.
2208 676 2305 709 201.
2336 669 2389 711 de
2416 681 2462 717 eo

1543 723 1776 774 Scriptores
1797 721 2021 764 honorifice
2040 734 2270 766 memorant
2289 726 2422 774 fol-20
2426 739 2465 776 5.

1541 780 1751 837 catalogus
1768 780 1984 824 Librorum
1998 783 2049 822 ab
2071 794 2121 822 eo
2133 782 2337 826 editorum
2353 814 2366 837 ‚
2390 788 2462 836 fol.

1549 839 1647 880 206.

1786 957 2108 1022 Varasdini

1435 1095 1692 1140 Construnio
1707 1099 1893 1140 Fratrum
1916 1096 2068 1140 Domus
2089 1097 2345 1157 inhibeturfi
2363 1105 2467 1152 275.'r

1552 1156 1837 1197 inhibitionem
1854 1155 1944 1197 tolli
1966 1165 2136 1211 urgetur
2149 1155 2207 1198 ibi
2223 1186 2234 1196 .

1797 1271 2099 1340 Varsaviae

1432 1414 1660 1471 Hospitium
1678 1416 1863 1457 Fratrum
1888 1415 2060 1470 erigitur
2072 1414 2154 1469 sol.
2176 1426 2268 1468 351.
2297 1414 2461 1472 quodin

1548 1477 1815 1516 Conventum
1832 1473 2042 1516 reducitur
2054 1472 2136 1531 fol.
2154 1487 2251 1528 353.
2280 1475 2317 1516 in
2346 1475 2460 1531 cujus

1550 1530 1728 1574 Ecclefia
1758 1534 1921 1576 Fratres
1952 1533 2031 1575 fine
2058 1531 2243 1589 strupulo
2277 1533 2458 1578 officiare

1549 1588 1740 1645 jubentur
1754 1591 1952 1649 fol-357.
2440 1618 2443 1623 ‹

1721 1723 1904 1786 Viam
1940 1723 2158 1785 Crucis
2171 1769 2185 1784 .

1430 1867 1604 1923 Erigunt
1621 1869 1831 1912 Provincia
1849 1867 2064 1912 Helvetica
2077 1866 2146 1922 fol.
2165 1881 2230 1918 52.
2259 1872 2298 1913 &
2320 1873 2447 1914 Bava-

1544 1929 1626 1971 rica
1643 1927 1730 1986 sol.
1752 1928 1844 1982 163.

1572 2063 1663 2124 Fr.
1681 2058 1895 2125 Victor
1930 2060 1965 2121 ὲ
1993 2058 2315 2124 SolodorO.

1429 2209 1650 2253 Provinciae
1665 2209 1906 2261 Helveticae,
1931 2208 1970 2251 in
1984 2208 2122 2251 saeculo
2139 2211 2345 2264 Ephebum
2365 2209 2450 2252 Rea

1541 2269 1600 2324 gis
1623 2281 1705 2325 agit
1724 2269 1797 2319 fol.
1816 2281 1867 2319 27
1914 2270 2103 2311 Lucernae
2133 2272 2221 2311 Deo
2245 2272 2283 2311 &
2311 2271 2357 2309 D.
2376 2269 2450 2312 Pa-

1538 2327 1592 2369 tri
1611 2329 1821 2371 Francisco
1837 2330 1876 2369 se
1890 2324 2067 2371 devovet
2079 2327 2139 2369 ibt
2153 2356 2163 2368 .
2180 2329 2348 2384 Spiritui
2363 2330 2450 2370 Do-

1538 2386 1636 2428 mini
1660 2386 1822 2429 deditus
1859 2384 1933 2428 ibi.

1577 2505 1941 2580 Viennensis
1973 2514 2302 2579 Provincia

1435 2664 1522 2708 Vide
1545 2662 1752 2721 Austriaco
1780 2665 2012 2718 Hungarica
2028 2692 2040 2703 .

1551 2796 1916 2865 Viennensis
1957 2800 2327 2864 Conventus

1422 2949 1611 2994 Ecclefiae
1627 2979 1640 3002 ‚
1654 2950 1704 2994 ab
1719 2950 1988 3006 Imperatrice
2020 2953 2137 2994 Anna
2169 2950 2236 2991 SS.
2255 2944 2449 3003 Reliquiae

1534 3010 1844 3054 concreduntur
1871 3008 1953 3068 fol.
1970 3010 2067 3065 236.
2086 3041 2100 3060 ,
2125 3022 2220 3064 quas
2250 3009 2372 3050 etiam
2409 3005 2450 3047 iu

1536 3071 1634 3112 vafis
1659 3069 1859 3125 argenteis
1877 3067 2022 3124 positas
2038 3066 2243 3125 acceptari
2258 3064 2448 3119 indulge-

1536 3128 1700 3187 tursol.
1727 3141 1823 3180 237.
1852 3129 2101 3171 extractione
2133 3140 2269 3169 earum
2311 3121 2447 3177 vetita

1522 3185 1607 3247 sol·
1625 3189 1719 3244 238.
1752 3200 1836 3243 quae
1860 3186 2122 3230 recensentur
2148 3183 2207 3226 ihs·
2231 3183 2452 3243 orantibus

1534 3260 1674 3290 coram
1692 3248 1869 3302 Imagine
1885 3249 1929 3290 B.
1952 3248 2003 3288 V.
2021 3245 2157 3288 Mariae
2174 3242 2448 3299 Consolatrict'r

1535 3305 1775 3363 afflifiorum
1790 3305 1814 3347 s
1807 3304 2344 3362 pecialiffimaetndulgentiae
2355 3312 2445 3344 con-

1533 3366 1735 3409 ceduntur
1751 3363 1833 3424 fol.
1863 3378 1955 3415 251-
1991 3366 2038 3406 In
2072 3367 2235 3419 Crypta
2261 3355 2442 3405 Ecclefiae

1534 3426 1748 3468 Cadavera
1780 3428 2106 3480 Imperatorum,
2136 3425 2176 3464 &
2208 3421 2440 3471 Principum

1532 3482 1761 3527 conduntur
1781 3482 1863 3540 fol.
1879 3483 1978 3532 255.'
1999 3495 2084 3537 quae
2101 3482 2246 3525 ordine
2263 3478 2443 3518 chrono-

1526 3543 1664 3599 logico
1694 3551 1971 3584 memorantur
1995 3539 2065 3582 ibi.
2095 3541 2236 3584 Altare
2269 3539 2434 3590 Cryptae

1528 3602 1811 3658 privilegiatur
1825 3597 2014 3659 fol-254.
2047 3599 2256 3641 assistentes
2272 3595 2442 3637 Oratio·

1527 3661 1569 3703 ni
1600 3673 1669 3714 40-
1696 3662 1886 3704 horarum
1903 3657 2182 3712 Indulgentias
2209 3669 2283 3711 pro
2309 3656 2438 3709 prima

1524 3722 1828 3763 Communione
1857 3713 2241 3772 consequuntursol.
2262 3714 2360 3759 260.
2391 3714 2437 3753 In

1522 3782 1741 3822 Conventa
1769 3778 1922 3820 diutior
1940 3778 2131 3818 Fratrum
2150 3784 2433 3817 extraneorum

1524 3827 1725 3881 incolatus
1741 3835 1999 3881 interdicitur
2007 3834 2131 3893 fol-*2
2139 3849 2158 3890 3
2170 3847 2208 3877 2.
2311 3894 2340 3934 I

2332 3904 2381 3931 ‹r-
