2658 4256
309 290 401 332 tes,
420 295 466 324 ac
492 279 753 337 praefatarum
781 280 935 323 Urbani
966 278 1267 322 Praedecefforis
1296 279 1342 319 li-

300 350 483 383 terarum
500 335 963 394 tenoreimpraesentibus
979 354 1053 395 pro
1071 338 1245 394 plene2&
1264 335 1344 378 suf·

302 397 490 443 ficienter
504 399 688 455 expresso
702 401 766 449 ,ὃι
788 397 939 442 inserto
962 400 1162 440 habentes
1177 423 1193 445 2
1208 394 1343 451 hujus-

300 460 409 501 modi
434 460 792 515 supplicationibus
809 457 1017 505 inclinati,
1035 456 1343 498 Authoritate,

297 520 530 578 Apostolica
546 548 561 569 ‚
586 530 731 560 tenore
753 516 1003 571 praeientium
1021 515 1195 569 benigne
1211 514 1346 555 indul-

299 594 466 639 gemus,
479 588 523 621 ut
542 591 616 633 pro
632 574 1043 630 CapitulorGenerali
1060 572 1230 616 Ordinis
1246 586 1343 628 prae-

298 640 394 684 dicti
430 637 611 693 proxime
642 633 889 677 celebrando
915 632 1071 676 tantum
1087 661 1102 684 ‚
1126 632 1164 673 in
1182 630 1343 689 singulis

299 696 474 757 praefatis
492 693 720 741 Germaniae
733 693 960 738 Provinciis
977 691 1073 747 eligi
1093 689 1237 746 poffint
1259 690 1343 734 duo

299 756 533 803 Custodes,
559 753 626 808 qui
654 761 791 794 votum
819 752 996 795 habeant
1021 751 1060 791 in
1087 750 1197 791 dicto
1218 750 1343 805 Capi-

301 818 392 860 tulo
406 813 633 865 Generali;
657 812 733 854 hac
752 819 886 853 tamen
909 808 1065 864 adjetfi'ta
1082 808 1343 861 conditione,

297 889 341 920 ut
359 871 583 919 Provinciis
601 871 704 914 citra
720 872 885 912 Montes
900 867 1079 925 ejusdem
1094 867 1260 909 Ordinis
1278 878 1341 911 tot

300 946 396 980 vota
418 932 710 980 restituantur,
740 929 850 984 quod
879 941 930 970 ex
955 926 1183 983 hujusmodi
1208 940 1340 969 novo-

298 1010 387 1039 rum
404 990 627 1036 Custodum
644 988 845 1031 electione
867 985 1097 1043 supradictis
1114 986 1339 1029 Provinciis

297 1054 560 1110 augebuntur
579 1047 691 1106 juxta
708 1045 1004 1101 dispositionem
1021 1056 1339 1088 memoratarum

298 1111 457 1156 Urbani
484 1104 791 1151 Praedecefforis
818 1105 1030 1147 literarum
1053 1134 1063 1144 .
1096 1104 1208 1162 Qid
1234 1107 1338 1147 vero

296 1174 336 1213 in
359 1173 540 1212 futurum
566 1164 809 1208 servandum
835 1165 910 1214 fit,
939 1162 1172 1205 mandamus
1188 1190 1202 1210 ‚
1228 1173 1274 1204 ut
1297 1163 1337 1205 in

293 1229 442 1272 eodem
459 1225 655 1280 Capitulo
683 1222 876 1265 Generali
904 1221 1092 1275 proxima
1122 1221 1338 1264 celebran-

293 1287 349 1328 do
381 1285 606 1342 hujusmodi
634 1282 843 1335 negotium
870 1281 1152 1321 examinetur.
1181 1283 1337 1324 Decer-

292 1356 435 1390 nentes
465 1342 627 1383 easdem
661 1337 874 1392 praesentes
904 1337 1046 1380 literas
1072 1336 1237 1391 firmas,
1271 1353 1340 1383 va-

295 1404 427 1453 lidas,
454 1402 493 1441 &
518 1396 705 1440 efficaces
733 1395 933 1444 existere,
959 1398 999 1437 δε
1026 1395 1143 1446 fore,
1171 1397 1338 1453 suosque

294 1461 532 1517 plenarios,
560 1457 598 1496 8(-
620 1455 803 1508 integros
831 1452 993 1496 effectus
1018 1452 1184 1505 sortiri,
1211 1456 1338 1496 &ob-

295 1522 430 1564 tinere
446 1547 458 1567 ,
482 1531 525 1558 ac
544 1513 768 1557 Provinciis
800 1510 997 1566 praedieris
1020 1512 1246 1566 pleniffime
1260 1509 1341 1556 suf-

295 1577 473 1634 fragari:
506 1573 638 1626 sicque
662 1572 703 1612 in
731 1568 931 1626 praemiffis
956 1583 1031 1624 per
1056 1569 1338 1625 quoscumque

286 1638 453 1696 Judices
469 1631 712 1675 Ordinatios
728 1657 743 1679 2
769 1632 805 1670 δε
828 1627 1072 1683 delegatos,
1099 1629 1223 1670 etiam
1241 1643 1339 1671 cau·

294 1697 424 1740 sarum
443 1690 587 1736 Palatii
605 1687 829 1743 Apostolici
845 1687 1073 1729 Auditores
1090 1716 1104 1739 ‚
1135 1685 1336 1742 judicari,

290 1758 331 1798 δι
359 1748 704 1796 ἀεῆηἰῐὴάεὸετε
721 1774 736 1799 ‚
767 1761 814 1789 ac
842 1746 1002 1787 irritum
1022 1774 1036 1797 ,
1063 1748 1103 1788 δι
1127 1746 1276 1799 inane,
1309 1748 1336 1788 st

294 1813 409 1856 secus
429 1811 544 1866 super
561 1808 619 1851 his
635 1809 655 1848 :i
673 1818 875 1864 quoquam
888 1835 902 1856 ,
918 1806 1060 1862 quavis
1077 1806 1344 1859 authoritate,

296 1874 505 1919 scienter,
534 1868 599 1911 vel
627 1867 866 1920 ignoranter
881 1865 1104 1921 contigerit
1130 1868 1342 1908 attentari.

298 1936 394 1975 Non
418 1928 664 1970 obstantibus
693 1921 920 1981 praemiffis,
943 1938 990 1966 ac
1019 1922 1336 1967 Constitutioni·

291 1991 365 2034 bus
379 2018 395 2045 2
420 1990 461 2031 &
476 1983 812 2030 Ordinationibus
827 1984 862 2026 A
868 1981 1076 2038 postolicis
1091 2009 1105 2033 ‚
1133 1995 1209 2024 nec
1226 1996 1305 2026 non
1319 2007 1333 2032 ,

1069 144 1753 233 monumenta

1407 290 1606 334 quatenus
1628 291 1728 331 opus
1746 275 1790 316 fit
1804 302 1818 323 ³
1833 275 2001 317 Ordinis
2014 306 2030 328 ‚
2049 282 2089 322 δι
2103 283 2445 325 provinciarum-2

1406 334 1660 392 hujusmodi,
1677 335 1803 375 etiam
1818 333 2065 390 juramento,
2096 341 2443 386 confirmatione,

1406 393 1640 451 Apostolica
1658 421 1670 443 ‚
1699 393 1766 434 vel
1791 394 1931 448 quavis
1962 391 2149 440 firmitate
2176 403 2254 443 alia
2271 403 2443 444 robora-

1405 456 1459 496 tis
1487 452 1643 494 statutis
1667 479 1681 502 ‚
1721 453 1759 491 &
1787 451 2179 511 consuetudinibus;
2211 459 2436 515 privilegiis

1409 525 1597 570 quoque,
1614 510 1783 553 indultis
1797 539 1811 561 .,
1826 512 1867 551 &
1887 511 2019 554 literis
2035 514 2274 567 Apostolicis
2286 521 2326 560 in
2343 532 2443 560 con..

1410 572 1585 615 trarium
1623 567 1909 626 praemissorum
1936 571 2246 626 quomodolibet
2274 576 2441 619 conces-

1408 631 1454 673 sis
1469 661 1483 682 ,
1507 628 1758 672 confirmatis
1779 656 1793 679 ‚
1816 628 2072 672 &innovatis
2091 658 2103 669 .
2131 633 2283 689 Qibus
2309 636 2441 676 omni.

1407 692 1510 741 bus,
1541 691 1578 730 &
1596 686 1759 741 singulis
1775 715 1789 738 ‚
1814 687 1976 730 illorum
2004 699 2166 731 tenores
2188 693 2441 745 praesentibus

1405 764 1482 806 pro
1498 748 1618 804 plene
1630 774 1643 797 ,
1668 748 1707 788 &
1723 744 1965 790 sufficienter
1990 747 2178 803 expressis
2193 777 2208 800 ‚
2231 750 2271 790 δι
2284 748 2336 789 ad
2351 761 2444 792 ver-

1405 811 1498 851 bum
1520 805 1679 849 insertis
1707 806 1901 848 habentes
1918 834 1932 857 ‚
1958 806 2038 848 illis
2055 807 2149 851 alias
2176 808 2216 849 in
2242 806 2310 848 suo
2325 807 2446 849 rubo-

1402 884 1446 911 re
1465 863 1733 923 permansuris
1747 893 1762 916 ,
1785 863 1836 907 ad
1854 865 2135 919 praemissorum
2165 865 2353 909 effeetum
2371 864 2445 907 hac

1401 929 1492 970 vice
1518 925 1728 968 dumtaxat
1758 924 2016 979 specialiter,
2042 926 2083 967 &
2108 926 2299 982 expresse
2327 925 2449 966 dero-

1402 998 1566 1042 gamus,
1598 983 1832 1040 caeterilque
1858 984 2071 1028 contrariis
2098 985 2446 1044 quibuscumque.

1403 1045 1604 1089 Volumus
1619 1053 1757 1085 autem
1771 1070 1786 1093 ‚
1807 1050 1852 1084 ut
1873 1043 2096 1087 earundem
2124 1043 2378 1100 praesentium
2392 1041 2448 1083 li·-

1400 1115 1586 1147 terarum
1602 1102 1859 1157 transumptis
1875 1130 1888 1153 ,
1911 1102 1978 1145 seu
1990 1104 2188 1159 exemplis
2201 1132 2214 1156 ‚
2229 1105 2353 1147 etiam
2367 1102 2448 1143 im-

1399 1161 1561 1219 preffis,
1586 1174 1705 1202 manu
1720 1159 1887 1215 alicujus
1912 1163 2245 1218 Notariipublici
2270 1159 2447 1205 subscri-

1399 1224 1507 1279 ptis,
1532 1222 1573 1261 δε
1598 1219 1727 1273 sigillo
1751 1219 1927 1275 personae
1949 1221 1988 1263 in
2008 1215 2284 1266 Ecclesiast'ica
2308 1219 2444 1275 digni-

1401 1291 1487 1324 tate
1515 1278 1741 1320 constitutae
1768 1277 1955 1331 munitis,
1979 1279 2123 1322 eadem
2151 1278 2311 1336 prorsus
2340 1277 2444 1319 fides

1402 1339 1646 1382 adhibeatur
1666 1365 1682 1388 ,
1711 1350 1798 1394 quae
1828 1336 2093 1381 adhiberetur
2124 1339 2214 1394 ipsis
2247 1334 2448 1394 praesenti-

1400 1400 1474 1442 bus
1491 1427 1506 1449 ‚
1534 1399 1560 1439 fi
1588 1396 1726 1442 forent
1751 1396 1971 1448 exhibitae,
2000 1397 2069 1441 vel
2092 1397 2279 1442 ostensae.

1459 1459 1613 1498 Datum
1643 1458 1785 1498 Roniae
1810 1455 1918 1510 apud
1944 1458 2128 1499 Sanctam
2157 1457 2330 1501 Mariam
2360 1457 2448 1497 Ma·

1399 1513 1531 1570 jorem
1554 1512 1624 1555 sub
1646 1514 1816 1555 Annulo
1836 1514 2050 1558 Piscatoris
2077 1515 2144 1558 die
2170 1531 2243 1560 xv.
2262 1518 2448 1558 Novem-

1399 1573 1482 1671 iptis
1515 1584 1799 1615 muetxxv.
1842 1572 2110 1617 Pontificatus
2148 1575 2287 1618 Nostri
2321 1575 2447 1617 Anno

1418 1641 1513 1673 exto
1532 1658 1544 1671 .

1896 1748 1935 1803 J.
1961 1750 2015 1789 G.
2040 1748 2190 1792 Slufius
2208 1778 2219 1791 .

1456 1926 1578 1968 Breve
1593 1923 1811 1976 formatum
1826 1927 1869 1967 in
1883 1924 2005 1968 Arcb.
2024 1927 2120 1969 Gen.
2138 1925 2233 1970 Ord.
2252 1895 2448 1969 Armario

1511 1986 1641 2029 Bullae
1659 2012 1674 2037 ,
1699 1987 1849 2026 Brevia
1880 1985 1963 2033 &c-

1117 2108 1599 2181 ‘NOTA.

321 2286 324 2291 ·
381 2270 516 2308 imitata
541 2269 603 2305 hac
622 2268 785 2306 facultate
802 2278 880 2304 cum
898 2264 1144 2311 Augustiffimo
1161 2266 1362 2312 Imperatori
1378 2264 1585 2303 satisfaetum
1601 2276 1672 2311 non
1695 2264 1777 2301 effer
1789 2289 1802 2310 ‚
1827 2263 1978 2312 aliisque
1993 2266 2103 2303 fixum
2119 2276 2270 2303 maneret
2294 2265 2337 2302 de
2362 2263 2449 2312 pezi-

395 2320 465 2361 τίς,
491 2319 605 2357 donec
630 2315 783 2357 concessa
820 2314 935 2355 forent
952 2339 966 2361 ,
992 2326 1061 2352 non
1090 2314 1248 2352 desistere
1266 2338 1281 2360 ,
1307 2327 1346 2352 ea
1370 2313 1463 2351 Ven.
1489 2316 1559 2352 Dei
1584 2316 1700 2353 Servo
1727 2314 1937 2352 innocentio
1961 2315 2030 2351 ΧΙ.
2069 2316 2288 2363 sequentibus
2313 2312 2450 2350 Litteris

295 2365 560 2408 commendavit
570 2390 582 2402 .

664 2462 923 2528 ‘Beatifflme
955 2467 1000 2512 in
1031 2461 1205 2511 chrisio
1237 2461 1382 2511 ‘Pater
1398 2500 1414 2524 ‚
1453 2464 1823 2533 Reverendissime
1858 2464 2042 2514 Domine
2063 2501 2076 2514 .

779 2593 863 2652 Post
883 2593 1085 2655 officiosbm
1109 2598 1474 2641 commendationem
1503 2600 1665 2655 Filialis
1689 2600 1946 2658 obstrvantiae
1959 2629 1974 2653 ,

1077 2655 1357 2714 Prosperitans
1380 2656 1659 2702 incrementum
1673 2687 1686 2700 .

396 2777 556 2828 Conceffit
578 2779 767 2827 praeteritis
786 2778 890 2813 annis
914 2776 1044 2816 Sanfia
1070 2778 1175 2816 Sedes
1187 2778 1378 2830 Apostolica
1397 2790 1548 2829 quatuor
1568 2781 1773 2822 Provinciis
1792 2784 1988 2822 Germaniae
2013 2785 2163 2822 Ordinis
2189 2784 2355 2822 Fratrum
2371 2784 2452 2822 Μὶέ

260 2865 263 2871 ,
299 2841 422 2868 norum
448 2825 758 2883 Sant‘iiFrancisci
774 2826 1032 2881 Capacinorum
1057 2827 1097 2863 ob
1121 2839 1240 2864 earum
1263 2828 1551 2877 amplitudinem,
1578 2831 1853 2882 &vastitatem,
1881 2831 2097 2884 neceffariam
2123 2834 2340 2883 divisionem,
2376 2841 2448 2870 icus

297 2877 425 2929 defaffio
452 2876 582 2926 quevis
606 2873 786 2912 a‘c‘iualster
808 2884 848 2908 m
868 2873 955 2909 duas
973 2875 1089 2923 divisa
1098 2875 1247 2926 subststit
1261 2905 1277 2920 ·.
1294 2878 1447 2916 Decreta
1460 2890 1575 2918 autem
1588 2880 1802 2929 Divifionum
1820 2883 1858 2919 in
1872 2883 1912 2930 se
1935 2883 2114 2919 continent
2133 2883 2219 2919 duas
2236 2883 2448 2919 conditiones

299 2926 479 2975 orzerosas,
499 2935 648 2973 quarum
661 2925 776 2972 prima
792 2920 859 2972 est:
885 2931 927 2979 ut
950 2933 1019 2957 non
1040 2923 1271 2972 multiplicent
1293 2935 1376 2963 vota
1400 2929 1440 2963 in
1456 2929 1618 2977 Capitulo
1635 2930 1802 2966 Generali
1814 2954 1827 2973 ,
1848 2930 1930 2975 vel,
1951 2942 1994 2966 ne
2016 2932 2146 2979 quaevis
2155 2931 2347 2968 Provincia
2361 2929 2448 2965 duos

301 2975 466 3026 Custodes
487 2973 534 3010 ad
553 2971 643 3009 illud
664 2973 790 3019 eligat,
816 2971 859 3012 ὼ·
878 2980 998 3011 mittat
1011 2998 1019 3007 .
1043 2970 1197 3011 Altera:
1223 2984 1265 3012 ut
1278 2987 1340 3012 nec
1352 2974 1582 3025 multiplicent
1595 2977 1741 3027 amplius
1754 2979 1981 3023 Conventus,
2007 2978 2087 3023 vel,
2104 2991 2146 3016 ne
2162 2976 2448 3026 novosvaedificent

292 3027 365 3078 fine
368 3024 510 3074 speciali
525 3020 668 3059 licentia
690 3023 807 3059 Sacrae
820 3019 922 3059 Sedis
934 3045 945 3057 .

401 3073 447 3110 Et
465 3071 546 3109 licit
562 3070 659 3120 felic.
683 3069 815 3108 record.
839 3067 993 3107 Clemens
1007 3067 1054 3106 X.
1081 3070 1289 3109 Sanfilitatis
1305 3069 1429 3122 Vestrae
1443 3072 1674 3126 'Praedeceffbr
1719 3076 1841 3112 rimam
1865 3075 2094 3114 conditionem
2123 3077 2162 3111 in
2180 3076 2295 3125 forma
2320 3075 2448 3111 Brevis

301 3121 551 3172 dispensaverit
567 3120 636 3168 fieb
654 3119 735 3157 dato
755 3130 808 3165 ις.
823 3115 1038 3157 Novembris
1050 3121 1156 3156 Anni
1177 3123 1275 3165 1675.
1289 3144 1301 3163 ,
1326 3132 1431 3170 atque
1453 3121 1645 3172 conceffierit
1709 3125 1880 3161 rovinciis
1903 3125 1986 3162 dieti
2012 3124 2162 3161 Ordinis
2189 3128 2228 3160 in
2254 3125 2447 3162 Germania

302 3184 371 3208 non
384 3172 437 3207 ita
447 3171 595 3220 pridiem
607 3169 724 3218 divisis
738 3167 821 3204 duos
834 3165 991 3215 Custodes
1005 3165 1130 3215 eligere
1144 3192 1158 3212 ‚
1182 3170 1244 3216 qui
1258 3169 1303 3206 ad
1317 3170 1518 3218 Capitulum
1533 3173 1703 3210 Generale
1725 3173 1890 3211 accedant
1903 3197 1916 3218 ‚
1939 3174 1985 3216 ἐν
2005 3184 2122 3212 votum
2135 3174 2283 3211 habeant
2293 3199 2305 3217 ,
2331 3184 2448 3221 quem-

301 3219 481 3258 admodum
503 3218 577 3255 aliae
594 3217 746 3266 praedifti
759 3215 912 3253 Ordinis
926 3214 1133 3255 “Provincias
1155 3217 1303 3254 antebac
1325 3218 1446 3271 divisae
1459 3244 1472 3263 ,
1496 3233 1536 3258 ac
1563 3222 1667 3258 etiam
1681 3221 1894 3271 subdivisae,
1914 3222 2027 3261 voluit
2040 3233 2153 3260 tamen
2166 3223 2254 3260 idem
2266 3232 2327 3270 pro
2339 3222 2446 3269 Capi.

301 3268 375 3308 tulo
390 3268 554 3306 Generali
574 3265 725 3316 proxime
743 3263 942 3303 celebrando
965 3265 1100 3303 tantiam
1125 3265 1266 3312 valere,
1287 3267 1330 3309 ἔθ’
1354 3278 1418 3313 ut,
1443 3270 1529 3318 quid
1549 3271 1589 3307 in
1607 3270 1774 3320 futurum
1782 3271 1997 3321 servandum
2011 3273 2056 3323 fit
2069 3297 2083 3317 ,
2104 3273 2142 3307 in
2157 3271 2268 3309 eodem
2283 3268 2444 3320 Capitulo

302 3316 470 3356 Generali
492 3315 680 3365 hujusmodi
707 3316 878 3363 negotium
905 3315 1121 3353 examinetur
1136 3339 1148 3349 .
2044 3322 2049 3328 ·

404 3367 489 3404 Cum
511 3367 621 3413 igitur
636 3391 648 3410 ,
672 3373 777 3414 prout
798 3361 1054 3407 intelleximus,
1077 3363 1230 3412 pra-ditia·
1249 3365 1400 3404 Ordinis
1423 3368 1625 3416 Capitulum
1639 3367 1818 3408 Generale
1837 3369 1990 3420 proxime
2014 3369 2252 3407 celebrandum
2261 3369 2307 3418 fit
2327 3367 2443 3404 Romae

308 3414 392 3452 ‘Die
425 3425 481 3462 27-
507 3415 601 3454 Maii
624 3415 726 3452 Anni
752 3415 852 3460 1678·
869 3441 880 3457 ,
905 3422 1009 3460 atque
1041 3410 1221 3464 &ustum
1244 3417 1404 3464 equitati
1421 3444 1431 3460 ,
1466 3418 1509 3460 ὠ·
1535 3420 1668 3459 rationi
1687 3419 1880 3468 conforme,
1906 3429 1948 3457 ut
1970 3419 2168 3468 consuetus,
2193 3430 2233 3454 ac
2256 3419 2441 3454 communis

308 3474 382 3502 sam
410 3463 615 3514 Custodum,
640 3473 862 3510 votorumque
885 3473 1047 3500 numerus
1071 3487 1083 3506 ‚
1118 3463 1219 3509 quim
1249 3477 1353 3501 novos
1378 3465 1579 3505 Conventus
1611 3467 1804 3517 ‘edificandi
1835 3468 1938 3516 usus,
1980 3478 2050 3506 tcut
2074 3467 2222 3503 aliarum
2243 3464 2444 3505 Nationum

307 3513 533 3556 Provinciis,
559 3514 610 3549 ita
632 3514 735 3550 etiam
749 3512 943 3550 Germaniae
967 3511 1198 3557 concedatur,
1217 3513 1444 3555 SanEiitatem
1468 3513 1619 3570 Vestram
1637 3518 1730 3553 omni
1750 3541 1765 3561 ‚
1800 3517 1866 3566 quii
1887 3469 2076 3568 poffiaesmus,
2126 3514 2202 3552 liali
2231 3514 2374 3566 offitia,
2398 3520 2444 3553 09-

311 3562 420 3598 animi
441 3561 655 3616 contentione
672 3561 882 3611 requirimus
894 3585 906 3606 ,
928 3569 969 3598 ut
983 3559 1051 3608 sua
1067 3559 1286 3599 Aufloritate
1301 3563 1495 3612 Apostolica
1514 3566 1638 3615 jubeat
1649 3566 1858 3605 Provincias
1871 3567 2064 3604 Germania
2105 3570 2249 3602 'ratrum
2264 3565 2443 3602 Minorum

307 3611 349 3650 S·
368 3608 542 3658 Francilci
565 3611 816 3657 Capacinarum
845 3611 884 3646 in
918 3607 1037 3659 nostris
1059 3607 1293 3648 hoereditariis
1312 3636 1326 3656 ,
1352 3613 1395 3654 ὅς’
1414 3613 1564 3654 Romani
1590 3615 1728 3663 Imperii
1749 3613 1943 3652 ditionibus
1967 3614 2163 3666 existentes,
2177 3624 2244 3649 non
2270 3614 2441 3650 tantum-s

310 3659 463 3707 proximo
481 3682 493 3702 2
510 3657 573 3707 sed
591 3658 797 3709 imposterum
821 3659 911 3696 omni
933 3657 1094 3707 Capitulo
1104 3658 1269 3696 Generali
1290 3662 1329 3696 in
1344 3661 1524 3711 Custodum
1543 3689 1555 3708 ,
1580 3673 1806 3712 votorumque
1829 3675 1992 3708 numero,
2017 3665 2099 3701 item
2119 3664 2159 3698 in
2177 3662 2323 3710 antiqua
2338 3673 2443 3698 novos

310 3708 512 3745 Conventus
535 3706 723 3754 edificandi
746 3707 988 3757 consuetudine
1009 3730 1023 3751 ,
1048 3706 1130 3744 aliis
1160 3707 1306 3759 ejusdem
1331 3708 1483 3749 Ordinis
1507 3712 1708 3752 Provinciis
1725 3721 1827 3762 pares
1847 3711 1967 3750 haberi
1993 3736 2006 3757 ,
2042 3725 2082 3749 ac
2100 3710 2275 3759 pradinas
2297 3710 2382 3747 duas
2405 3712 2446 3744 in

302 3756 507 3810 divisionum
523 3755 692 3807 ‘Decretis
716 3757 868 3810 onerosas
881 3756 1094 3806 conditiones
1101 3759 1244 3809 penitus
1256 3757 1395 3805 tollere,
1420 3760 1465 3803 ὠ·
1485 3762 1654 3813 abrogare
1667 3761 1833 3809 mandet,
1858 3762 1933 3801 cum
1952 3763 2068 3812 prima
2085 3760 2292 3810 Religiosam
2318 3758 2448 3796 Chari-

2269 3818 2373 3845 tatem
2386 3831 2399 3851 ‚
