2638 4204
948 206 1610 322 Colonienfis·

199 350 317 400 rium,
330 348 487 404 diesque
502 352 689 392 mensium
702 378 716 401 ,
732 349 771 391 in
782 360 880 404 quos
895 347 1070 392 cadunt:
1086 360 1184 402 prae-

198 418 313 450 terea
335 420 587 450 communem
609 409 780 463 aliquam
805 404 1076 449 neceffitatem
1103 408 1186 459 ξε..

197 465 320 506 clefiae
333 493 346 515 ‚
373 481 444 518 pro
458 467 535 521 quii
549 472 745 508 orandum
763 478 776 506 :
804 463 883 518 ipse
897 471 1034 506 autem
1049 463 1181 503 nomi-

196 535 245 564 na
274 523 537 567 Confratmm
558 553 578 577 ⁵,
598 538 672 581 pro
697 523 836 578 quibus
859 521 1053 563 orandum
1074 547 1088 569 ,
1109 520 1180 560 in·

196 578 341 678 ἓσιῑὲὸεε
357 596 370 624 ε
395 583 555 626 demum
571 584 682 629 Patri
701 579 896 635 spirituali
911 581 979 620 suo
995 587 1178 630 tempore

229 651 249 679 e
269 651 381 685 eret.

430 754 735 800 CAPUT
822 753 937 794 XIV.

464 870 544 920 De
558 871 878 933 Eleemosynario
896 903 909 916 .

249 991 287 1031 1.
320 986 661 1042 Eleemosymrius
673 983 822 1032 dicitur
835 1008 850 1029 a
880 982 989 1040 cujus
1003 982 1175 1028 ministe-

194 1048 257 1091 rio
269 1045 526 1099 eleemosynoe
539 1041 824 1086 distribuuntur
840 1067 853 1079 .

249 1107 302 1147 11.
334 1108 372 1147 Is
389 1103 538 1146 nullam
552 1099 725 1143 omnino·
739 1099 812 1146 ulli
827 1099 1029 1146 hominurn
1041 1099 1174 1141 nomi-

193 1176 244 1206 ne
258 1161 535 1205 Fraternitatis
562 1158 857 1213 eleemosynam,
881 1158 990 1200 dabit
1005 1186 1018 1208 ,
1043 1156 1107 1198 nili
1123 1157 1174 1200 de

190 1219 384 1270 consilio,
409 1219 449 1260 &
475 1215 652 1275 expreffo
677 1215 865 1264 mandato
891 1212 1069 1259 Praefesti
1089 1245 1106 1267 ,
1132 1217 1176 1258 s&

188 1277 454 1322 Affistentium
467 1305 480 1319 .

245 1340 322 1380 111.
353 1335 649 1384 Anthenticum
670 1334 817 1381 librum
835 1332 992 1375 habebit
1006 1360 1020 1383 ‚
1038 1332 1076 1374 in
1099 1346 1180 1388 quo

191 1395 319 1443 datae,
353 1405 602 1451 receptaeque
629 1392 755 1435 omnis
784 1390 1053 1446 Eleemosynae
1066 1419 1080 1443 ,
1112 1391 1180 1433 seu

189 1453 406 1495 oblationis
420 1452 652 1507 pecuniariae
673 1451 848 1492 distincta
864 1451 967 1492 ratio
981 1449 1026 1491 sit
1040 1478 1052 1490 .

248 1512 330 1554 IV„
357 1510 531 1566 Singulis
545 1509 656 1555 annis
670 1504 875 1555 Praefefim
890 1506 1178 1558 Affistentibus,

191 1569 420 1614 Secretario
438 1568 582 1624 primo,
597 1569 636 1609 &
655 1567 976 1620 Eleemosynario
988 1578 1094 1606 novo
1108 1565 1179 1608 suae

195 1626 539 1671 administrationis
555 1626 754 1668 rationem
769 1625 880 1671 dabit
896 1652 910 1675 ‚
931 1624 992 1666 cui
1008 1624 1045 1665 in
1059 1622 1178 1667 fidem

197 1686 258 1729 rei
275 1688 377 1728 bene
391 1685 501 1739 gesta:
525 1697 664 1725 omnes
682 1682 924 1730 subscribent
938 1711 950 1723 .

250 1745 299 1784 V.
331 1745 412 1802 Qi
432 1741 571 1784 modus
601 1742 637 1782 in
654 1739 930 1786 distribuendis
955 1737 1177 1795 eleemosy-

189 1803 249 1844 nis
262 1799 472 1844 servandus
488 1799 532 1842 fit
545 1826 560 1850 ,
581 1796 685 1841 infra
699 1811 784 1854 cap.
800 1800 860 1840 18.
874 1796 1034 1842 dicetur
1050 1826 1063 1840 .

436 1975 743 2020 CAPUT
818 1975 925 2022 XV.

258 2092 331 2141 De
345 2090 575 2160 Magii‘lris
595 2090 826 2140 libellorum
846 2090 881 2139 S
881 2091 1082 2158 applicum
1100 2126 1113 2141 .

199 2211 234 2251 1.
266 2209 442 2267 Magistri
459 2209 690 2251 libellorum
716 2207 936 2265 supplicum
950 2208 1032 2251 duo
1047 2219 1182 2253 erunt:

195 2281 294 2312 unus
311 2268 630 2311 Eccleliasti'cus:
657 2267 759 2309 alter
775 2268 984 2312 saecularis
998 2297 1009 2309 .

247 2330 305 2370 11.
337 2330 390 2370 Hi
409 2339 640 2382 eorum,.qui
653 2335 721 2369 aut
733 2327 773 2367 in
788 2327 1103 2372 fraternitatem
1117 2341 1182 2370 re-

192 2384 299 2439 cipi,
328 2397 395 2429 atu
409 2385 554 2439 aliquid
589 2383 697 2427 aliud
714 2387 852 2436 petere
869 2387 1007 2427 volent
1021 2414 1035 2435 ,
1063 2385 1181 2429 libel-

194 2442 254 2485 los
269 2443 465 2498 supplices
481 2441 670 2484 Praefesto
686 2466 700 2491 ,
724 2443 764 2482 δι
780 2442 1050 2486 Affistentibus
1066 2445 1181 2490 exhi-

196 2501 347 2542 bebunt
359 2529 373 2550 ‚
397 2502 437 2542 δι
463 2498 689 2554 responsum,
699 2498 971 2545 sollicitabunt
984 2529 998 2553 ‚
1029 2516 1074 2544 ac
1090 2502 1181 2559 sup·

194 2559 434 2612 plicantibus
457 2557 688 2601 indicabunt
700 2585 711 2597 .

250 2619 328 2660 111.
346 2619 523 2660 Utentur
535 2630 656 2670 porro
668 2616 811 2671 magna
827 2616 1040 2673 prudentia
1054 2622 1090 2662 δι
1107 2621 1185 2663 dis·

199 2677 408 2726 cretione,
432 2684 475 2716 ut
505 2687 584 2716 non
610 2672 715 2728 quos
710 2689 879 2731 cumque
904 2676 1068 2721 libellos
1094 2678 1186 2733 sup-

192 2732 319 2787 plices
335 2733 355 2773 i
369 2730 664 2788 quibuscunqua
676 2732 834 2775 oblatos
849 2745 1063 2788 acceptent
1076 2763 1090 2785 ‚
1114 2745 1185 2780 aut
1252 2762 1259 2780 θ

196 2790 366 2833 offerant
381 2803 408 2843 ·‚,
425 2788 490 2832 sed
515 2802 684 2845 quorum
703 2791 896 2843 postulata
922 2792 1073 2836 statutis
1087 2796 1183 2836 Fra-

194 2849 399 2894 'tei-nitatis
413 2847 651 2891 contrariari
666 2874 681 2896 ,
710 2857 777 2889 aut
791 2849 886 2892 alins
900 2861 980 2889 non
995 2850 1098 2904 poffe
1111 2851 1182 2893 ad*

196 2907 304 2950 mitti
317 2935 330 2958 ,
343 2907 354 2948 i
360 2905 412 2960 psi
431 2919 508 2961 pro
519 2905 587 2948 suo
601 2903 754 2960 judicio
763 2905 987 2962 praevident
998 2934 1013 2958 ,
1029 2908 1188 2951 honeste

198 2965 455 3008 declinabunt
467 2990 482 3004 .

423 3081 735 3124 CAPUT
814 3082 952 3124 xvi.

348 3198 418 3247 De
436 3195 667 3265 Magistris
686 3197 1022 3248 Caeremoniarum
1039 3235 1051 3248 .

257 3317 291 3358 1.
319 3315 832 3370 Magistricaeremoniarum
853 3315 1190 3360 duoconstituen·

201 3380 292 3415 tur·
716 3415 718 3417 ,

258 3432 313 3472 11.
340 3433 506 3475 Iierunt
524 3431 612 3473 Viri
629 3431 918 3484 Ecclenastici‚
944 3430 1024 3486 pii,
1054 3434 1192 3478 beno

201 3490 344 3530 morati
362 3516 376 3538 ,
405 3489 770 3533 Ecciefiasticarum
785 3490 1107 3534 caeremoniarum
1123 3506 1191 3546 pe·

203 3547 269 3590 riti
288 3574 303 3595 ‚
324 3560 370 3589 ac
383 3548 576 3590 decorem
603 3547 755 3591 Domus
771 3550 932 3591 Domini
947 3548 1166 3602 diligentes
1180 3579 1193 3592 .

259 3606 339 3648 111.
366 3604 547 3648 officium
562 3607 619 3648 est
635 3608 850 3661 providere
866 3635 880 3657 ‚
905 3621 952 3648 ac
974 3608 1163 3650 ordinare
1179 3637 1194 3660 ‚

203 3671 248 3705 ut
274 3663 313 3703 in
338 3659 716 3717 supplicationibus,
745 3667 782 3707 in
809 3666 990 3721 precibus
1017 3666 1192 3721 quadra-

203 3722 310 3776 ginta
326 3721 523 3762 Horarum
536 3746 551 3768 ,
565 3721 588 3761 fi
603 3724 765 3776 quando
779 3724 1016 3779 peragendae
1028 3752 1045 3776 ‚
1066 3725 1195 3767 omni·-

201 3793 280 3835 que
301 3778 384 3821 alio
407 3779 569 3834 publico
595 3781 875 3825 Fraternitatis
911 3783 1052 3825 divino
1079 3783 1195 3825 cultu

1239 344 1372 386 omnia
1396 340 1504 397 iuxta
1529 337 1738 385 decretum
1758 333 1964 387 Praefeffl,
1998 336 2038 377 δι
2057 336 2236 381 Affisten-

1241 401 1343 445 tium
1360 399 1438 442 rite
1454 398 1728 449 decenterque
1743 390 1836 434 fiant
1854 422 1865 434 .

1295 459 1370 499 IV·
1401 457 1532 502 fidem
1563 454 1602 500 in
1626 449 1966 508 processionibus,
2004 454 2044 495 δε
2073 455 2231 507 quoties

1239 512 1437 564 necqffum,
1462 511 1611 562 fuerit,
1639 512 1839 555 Cantores
1868 511 2159 566 defignabunt3
2187 523 2232 555 ut

1240 587 1349 622 arma
1365 573 1552 617 Paffionis.
1564 565 1726 612 Domini
1741 577 1952 620 portentur
1969 599 1982 619 ‚
2011 571 2204 612 curabunt
2219 600 2235 621 ‚

1241 633 1318 672 &fi
1334 630 1430 686 quid
1454 629 1560 674 aliud
1575 625 1700 671 fimile
1711 635 1904 668 occurret
1919 655 1935 676 ,
1962 627 2120 672 idoneis
2139 629 2234 670 viris

1242 697 1499 731 committent
1512 716 1525 730 .

1300 747 1351 787 V.
1377 745 1492 789 Idem
1516 747 1689 795 Saccus,
1718 743 1760 787 δε,
1779 745 1933 784 Cruces
1953 745 2232 790 Fraternitatis

1239 803 1281 844 in
1296 801 1651 857 supplicationibus
1664 827 1677 849 ‚
1703 799 1874 855 aliasque
1887 800 2026 855 gestari
2043 803 2177 847 {initas
2191 806 2231 846 in

1239 862 1303 904 sua
1315 858 1489 902 custodia
1503 857 1754 905 asservabant
1766 886 1784 907 ‚
1808 861 2029 912 curabunt,
2044 862 2117 904 suis
2134 871 2233 904 tem.

1238 920 1400 974 poribus
1420 933 1495 976 per
1521 917 1718 961 ministros
1747 928 1952 972 exponent
1978 947 1993 970 ,
2032 929 2079 963 a'e
2102 920 2236 963 distri-

1237 978 1391 1023 buent-

1443 1060 1505 1138 rC
1533 1095 1569 1138 A
1595 1096 1627 1137 P
1651 1096 1691 1138 U
1719 1093 1757 1134 T
1837 1095 2008 1136 XVII.

1578 1197 1653 1263 'De
1668 1194 1885 1280 Mimflris
1901 1248 1914 1262 .
1956 1197 1960 1200 .

1295 1332 1333 1371 1.
1359 1330 1607 1374 Fraternitas
1620 1331 1720 1374 duos
1736 1331 1937 1375 Ministros
1951 1328 2120 1373 affumet
2133 1361 2147 1383 ‚
2171 1333 2240 1388 qui

1238 1389 1275 1430 ei
1293 1388 1332 1431 in
1345 1390 1533 1433 omnibus
1549 1403 1622 1444 pro
1633 1399 1878 1434 occurrente
1894 1389 1962 1434 seu
1974 1388 2207 1433 neceffitate
2223 1418 2239 1443 ,

1238 1445 1303 1490 scu
1321 1448 1615 1495 commoditate
1631 1478 1644 1500 ,
1672 1449 1917 1492 inservient.

1298 1507 1354 1547 11.
1384 1508 1439 1549 Hi
1454 1504 1609 1562 possunt
1625 1506 1703 1550 effe
1715 1507 1894 1558 externi,
1920 1507 1989 1563 qui
2004 1520 2084 1548 non
2099 1505 2172 1549 fint
2192 1506 2243 1550 de

1241 1577 1408 1607 numero
1425 1566 1701 1610 Fraternitatis
1718 1581 1731 1608 ε
1760 1568 1814 1608 sin
1829 1575 1964 1608 autem
1992 1579 2043 1608 ex
2060 1566 2244 1608 Confra-

1239 1623 1368 1665 tribus
1389 1623 1431 1668 id
1446 1622 1569 1668 officii
1592 1633 1755 1678 petant,
1781 1624 1936 1667 caeteris
1950 1624 2113 1680 paribus
2129 1653 2144 1677 ‚
2168 1639 2239 1667 ex-

1238 1681 1360 1724 ternis
1372 1679 1610 1737 praeferendi
1633 1684 1720 1728 sunt
1736 1712 1747 1723 .
1907 1709 1909 1711 »

1297 1740 1374 1784 111.
1410 1740 1465 1787 Hi
1494 1741 1607 1787 Patri
1628 1740 1864 1797 Spirituali,
1900 1740 2094 1785 Praefec‘to
2111 1769 2125 1791 2
2143 1740 2246 1785 Affi-

1241 1798 1462 1850 flentibus,
1494 1801 1533 1844 δε,
1551 1800 1748 1854 Magistris
1769 1801 2100 1847 caeremoniarum
2118 1801 2159 1842 -in
2182 1815 2247 1843 re-

1242 1857 1316 1901 bus
1330 1857 1378 1898 ad
1396 1859 1708 1902 Frater-nitatem
1733 1859 1997 1913 spectantibus
2022 1858 2218 1902 obedient
2232 1887 2244 1900 .

1298 1916 1372 1957 IV.
1406 1918 1565 1960 Patrem
1579 1918 1841 1973 Spiritualem
1855 1947 1869 1969 ‚
1887 1919 1927 1962 δε
1939 1920 2172 1960 Praefectum
2187 1918 2247 1959 al-

1241 1974 1366 2016 ternis
1386 1974 1542 2019 vicibus
1566 1976 1748 2031 quotidie
1770 1977 1877 2022 alter
1891 1990 2039 2018 eorum
2069 1974 2248 2026 inviset,

1240 2033 1276 2073 δι
1292 2046 1341 2075 an
1351 2047 1472 2086 opera
1487 2034 1550 2078 sua
1564 2034 1797 2090 indigeant,
1810 2035 1986 2091 inquiret
1999 2064 2010 2074 .

1301 2092 1352 2132 V.
1383 2094 1511 2135 Erunt
1525 2093 1645 2135 zelon
1657 2122 1671 2145 ‚
1694 2097 1732 2139 ὃς
1747 2093 1798 2149 pii
1814 2095 1854 2136 in
1870 2094 2069 2149 religione
2085 2092 2241 2135 Catho-

1241 2147 1319 2191 lica
1335 2177 1349 2200 ,
1374 2151 1484 2192 bonae
1511 2153 1627 2202 vitae,
1661 2166 1708 2194 ac
1724 2150 1863 2202 famae,
1896 2151 2022 2194 aetatis
2047 2161 2239 2203 maturae,

1243 2206 1479 2255 litteraturae
1494 2210 1708 2252 mediocris
1723 2240 1737 2262 ‚
1762 2222 1805 2251 ut
1824 2209 1968 2253 Latine
1982 2209 2239 2264 intelligere,

1240 2267 1280 2306 δι
1296 2265 1536 2320 respondere
1559 2278 1712 2323 queant
1725 2296 1740 2318 a
1768 2268 1892 2324 iisque
1904 2268 2169 2324 qualitatibus
2181 2268 2247 2310 in-

1239 2323 1377 2427 stziuegi
1391 2354 1405 2376 ‚
1432 2340 1518 2382 quae
1530 2327 1580 2370 ad
1595 2340 1734 2370 eorum
1749 2328 2008 2372 ministerium
2023 2324 2246 2370 neceffariae

1241 2395 1279 2424 vi
1309 2398 1331 2426 e
1361 2395 1485 2428 untur
1499 2415 1511 2428 .
1738 2394 1745 2398 “

1426 2516 1738 2559 CAPUT
1844 2517 2061 2560 XVIII.

1277 2709 1280 2712 Ι
1360 2642 1431 2691 De
1462 2644 1728 2708 eleemosynis
1757 2646 2004 2709 accipiendis
2021 2679 2037 2704 ,
2078 2645 2132 2693 (θ’

1576 2713 1870 2765 distribuendis
1890 2748 1903 2762 .

1299 2851 1335 2892 1.
1363 2849 1569 2906 Qioniam
1594 2859 1675 2894 tam
1703 2851 1900 2902 sacrarum
1927 2851 2157 2896 litterarum
2175 2858 2250 2895 ati-¹

1247 2909 1465 2958 &oi-itate,
1499 2909 1619 2962 quim
1643 2910 1888 2963 experientii
1914 2911 2064 2954 constat
2086 2940 2102 2962 ‚
2146 2911 2247 2954 nihil

1250 2964 1393 3008 five-ad
1409 2964 1578 3016 famam,
1609 2966 1689 3011 five
1708 2969 1758 3012 ad
1784 2969 1953 3018 salutem
1980 2968 2249 3025 periculosius

1254 3020 1359 3074 else,
1385 3024 1502 3079 quam
1515 3025 1850 3071 alienastrast-rre
1873 3032 2060 3084 pecunias
2076 3058 2091 3079 ,
2125 3042 2246 3070 accu-

1254 3081 1343 3123 rate
1369 3095 1414 3123 ac
1447 3081 1617 3130 solerter
1644 3085 1897 3133 Fraternitas‘
1918 3087 2166 3143 prospiciet,
2197 3101 2249 3127 ne

1255 3139 1492 3205 vel-minima
1518 3141 1683 3198 suspicio
1703 3143 1857 3189 fraudis
1874 3175 1888 3197 ,
1918 3157 1986 3189 aut
2001 3145 2145 3200 quaefiti
2168 3145 2251 3200 pri-

1253 3208 1334 3241 vati
1349 3201 1556 3245 commodi
1568 3231 1585 3252 ,
1609 3213 1678 3245 aut
1696 3203 1830 3247 fimilis
1846 3203 2150 3260 suboriripoffit
2164 3230 2174 3242 ·

1257 3280 1262 3285 ,
1307 3258 1362 3298 11.
1396 3260 1556 3314 Itaque,
1569 3260 1759 3317 quidquid
1775 3263 1997 3317 recipietur
2012 3291 2027 3313 ‚
2043 3274 2110 3307 aut
2126 3274 2250 3315 expo·

1247 3324 1367 3357 1¹2th
1391 3344 1405 3366 ο
1430 3319 1678 3367 secretarius
1712 3321 1968 3378 diligenter,
1996 3322 2035 3363 δε
2065 3319 2249 3364 distinct-*2

1251 3376 1487 3417 annotabit.
1685 3417 1690 3422 ,

1308 3433 1382 3475 111·
1418 3433 1618 3479 Universae
1631 3439 1803 3491 pecuniae
1814 3445 2057 3493 reponentur
2069 3436 2108 3478 in
2127 3436 2252 3480 cista-2

1254 3484 1382 3534 ferrea
1395 3520 1412 3541 ,
1423 3491 1552 3538 clausit
1566 3495 1691 3539 tribus
1704 3496 1802 3543 seris
1815 3524 1830 3547 ‚
1845 3509 2015 3551 quarum
2028 3495 2145 3538 unius
2160 3496 2246 3539 cla-

1252 3560 1343 3590 vem
1357 3550 1538 3596 Nuncius
1551 3554 1802 3609 Apostolicus
1818 3568 1891 3609 pro
1907 3564 2093 3609 tempore
2104 3584 2119 3605 ,
2135 3554 2251 3599 ,alte-

1254 3607 1333 3648 rius
1353 3608 1588 3662 Praefectus,
1613 3613 1739 3654 tertiae
1766 3613 1915 3668 primus
1941 3611 2251 3657 Affistentiuw

1251 3663 1463 3710 affervablt
1480 3696 1491 3708 .

1311 3724 1385 3766 1V.
1417 3726 1525 3768 Cista
1555 3741 1603 3769 ea
1638 3735 1729 3771 tuto
1757 3728 1879 3781 loco,
1912 3738 2033 3786 prout
2062 3725 2250 3772 universa:

1251 3782 1511 3826 Fraternitati
1528 3786 1667 3830 melitis
1681 3787 1805 3831 visum
1826 3787 1947 3833 fuerit
1961 3818 1976 3842 ,
2002 3788 2246 3844 deponetur,

2122 3855 2197 3886 nec
