2638 4204
910 207 1593 323 Colonienstr.

200 370 206 379 ,-
219 339 300 381 bris
314 335 483 380 nocivi
497 351 530 381 1.
544 339 804 386 Pontificatfis
814 341 936 386 nostri
949 349 1068 388 Anno
1091 345 1199 387 deci-

217 409 285 440 mo
309 395 433 451 tertio
447 425 460 439 .
1175 419 1177 422 ⁴

635 519 675 560 S·
689 515 810 560 card.
822 519 862 560 S·
876 514 1075 558 Susannae.

201 921 521 972 Confratribus
529 917 1042 976 Archiconfraternitatis
1053 921 1129 988 qui
1135 937 1177 967 n·

265 991 389 1056 quies
432 992 700 1040 Orationem
740 987 1026 1037 Dominicam
1062 1025 1076 1045 ,
1126 986 1173 1038 <St

259 1058 570 1111 salutationem
612 1059 910 1127 Angelicam,
946 1057 1018 1108 seu
1051 1054 1172 1107 Offi-

258 1129 382 1179 cium
408 1129 632 1178 S.Crucis
659 1132 701 1176 in
726 1129 992 1178 memoriam
1019 1129 1169 1197 plaga-

257 1215 362 1248 rum
382 1197 549 1248 Christi
584 1197 926 1266 peragentibus,
952 1201 1168 1264 quinqua-r

258 1270 384 1338 ginta
410 1267 503 1316 dies
533 1303 549 1326 ,
582 1267 629 1318 ἃ
660 1270 709 1316 iis
736 1303 751 1325 ‚
781 1267 856 1333 qui
881 1266 997 1316 dieta
1027 1271 1167 1334 poeni·

261 1352 429 1396 tentes,
458 1356 508 1386 ac
542 1340 673 1387 Sacra
690 1339 1028 1388 Communione
1061 1335 1167 1385 refe-

182 1408 193 1469 j
256 1407 318 1456 «sti
351 1409 639 1476 peregerint,
681 1405 894 1455 ducentos
943 1405 1037 1456 dies
1081 1406 1167 1467 tle-2

258 1475 420 1526 debitis
455 1479 730 1545 poenitentiis
773 1477 819 1526 in
859 1491 1167 1546 perpetuum..

261 1547 460 1597 relaxat.

2014 283 2017 285 >
2089 239 2138 292 Ο

1260 349 1422 395 Altare
1437 340 1635 406 ejusdem
1653 237 2248 395 Archiconfraterritagse.

1324 417 1417 463 mel
1443 415 1488 460 in
1515 409 1759 478 septimana
1777 406 1865 458 ἃς.
1894 415 2176 480 privilegiat.

1250 546 1812 602 BENEDICTUS
1853 549 2046 602 PAPA
2094 554 2240 602 XIV.

1432 688 1501 731 Ad
1503 693 1732 742 perpetuam
1743 685 1804 725 νει·
1817 689 2036 730 memoriam
2045 718 2057 730 .

1385 801 1536 843 Mnium
1551 799 1667 843 saluti
1683 808 1849 854 paterna
1868 802 2065 846 charitate
2080 806 2229 849 intenti

1399 858 1506 900 sacra
1534 858 1740 901 interdum
1772 859 1859 903 loca
1877 860 2145 915 spiritualibus
2171 869 2235 909 ln-

1237 918 1538 972 dulgen'tiarum
1559 916 1792 959 muneribus
1817 916 2052 960 decoramus
2071 951 2083 972 ,
2105 934 2146 964 ut
2169 926 2233 966 in-

1234 975 1285 1019 de
1310 975 1506 1018 Fidelium
1527 974 1813 1017 Defunstorum
1833 977 1997 1027 Animae,
2013 981 2060 1018 D.
2081 979 2231 1034 N.Jesu

1230 1036 1385 1077 Christi
1409 1065 1421 1084 ,
1447 1033 1611 1090 ejusque
1626 1035 1858 1075 Sanstorum
1877 1033 2053 1089 suffragia
2069 1041 2232 1079 merito-

1230 1108 1315 1135 rum
1345 1093 1560 1148 consequi,
1585 1094 1624 1133 &
1651 1092 1730 1133 illis
1755 1091 1899 1148 adjutae
1926 1106 1975 1134 ex
2006 1093 2229 1149 purgatorii

1228 1153 1358 1207 paenis
1379 1151 1430 1193 ad
1447 1162 1628 1193 aeternam
1643 1150 1809 1192 salutem
1828 1165 1897 1205 per
1915 1152 1989 1194 Dei
2003 1154 2230 1195 misericor-

1227 1211 1334 1253 diam
1360 1207 1524 1264 perduci
1555 1209 1741 1252 valeant.
1775 1210 1970 1252 volentes
1998 1213 2119 1265 igitur
2149 1210 2227 1254 Ecss

1231 1268 1414 1316 cleliam,
1438 1265 1506 1309 seu
1522 1268 1734 1322 Capellam
1758 1269 1961 1323 publicam
1978 1268 2225 1312 Confrater-

1228 1326 1364 1369 nitatis
1388 1325 1455 1366 sub
1474 1325 1596 1367 titulo
1619 1329 1768 1368 Sanstae
1787 1329 1932 1370 Crucis
1946 1355 1960 1377 ,
1986 1329 2025 1369 δι
2044 1328 2225 1371 Paffionis

1231 1388 1283 1427 D.
1303 1387 1355 1426 Ν.
1368 1384 1461 1440 Jesu
1480 1384 1627 1427 Christi
1652 1385 1706 1428 de
1723 1388 1983 1442 Propaganda
2002 1387 2098 1428 Fide
2119 1401 2226 1429 nun-

1230 1453 1400 1498 cupatae,
1415 1442 1605 1485 Civitatis
1617 1443 1868 1487 Colonienlis
1882 1475 1898 1496 ‚
1928 1447 1967 1486 δε
1988 1446 2026 1486 in
2046 1459 2090 1486 ea
2108 1445 2224 1487 litum

1228 1502 1369 1544 Altare
1410 1499 1588 1555 ejusdem
1616 1502 1979 1546 Confraternitatis
2018 1503 2129 1544 simili
2172 1504 2223 1547 ad

1228 1558 1391 1617 praesens
1421 1559 1632 1613 privilegio
1672 1562 1832 1602 minime
1866 1561 2103 1603 decoratum
2140 1562 2219 1604 hoc

1160 1639 1162 1642 ·
1229 1618 1386 1674 speciali
1403 1615 1513 1658 dono
1529 1617 1738 1666 illustrare,
1752 1619 1804 1661 de
1819 1621 2123 1673 omnipotentis
2143 1620 2219 1662 Dei

322 1689 660 1742 PAULUS
712 1686 920 1736 PAPA
975 1689 1034 1736 V.

307 1881 310 1884 Α
360 1839 650 1897 Adperpotuam
671 1842 731 1883 rei
755 1841 997 1884 mcmom’am.

307 1975 347 2016 D
361 1973 578 2030 augendam
590 1973 832 2018 dilestorum
849 1975 1039 2018 Filiorum
1049 1978 1161 2017 Con-

335 2032 504 2075 fratrum
520 2032 985 2076 Archiconfraternitatis
1017 2031 1160 2074 Paffio-

187 2102 249 2129 nis
278 2091 494 2132 Dominicae
516 2089 696 2132 Coloniae
714 2092 816 2146 apud
844 2093 907 2133 PP
933 2091 1161 2145 Capucinos

185 2148 379 2190 canonice
403 2148 584 2189 institutae
606 2147 864 2193 devotionem
878 2152 916 2191 &
933 2151 1159 2192 Animarum

183 2203 354 2247 salutem
379 2234 391 2255 ,
417 2206 642 2248 coelestibus
675 2208 851 2250 Ecclefiae
877 2205 1069 2250 thesauris
1093 2205 1159 2262 pia

183 2263 380 2306 'charitate
395 2265 534 2305 intenti
550 2291 563 2312 ,
587 2264 731 2306 eisdem
753 2265 1036 2307 Confratribus
1051 2291 1064 2312 a
1089 2266 1155 2321 qui

171 2323 392 2420 ¹puinquies
416 2322 646 2363 Orationem
666 2323 914 2365 Dominicam
933 2352 947 2375 ,
971 2325 1011 2364 &
1038 2325 1157 2366 toties

202 2379 459 2422 alutationem
476 2379 705 2433 Angelicam
719 2410 733 2431 ‚
748 2382 784 2423 in
801 2383 1034 2424 memoriam
1045 2383 1157 2438 quin·

172 2441 264 2492 'que
278 2438 478 2492 plagarum
498 2439 654 2479 Domini
671 2437 896 2494 NostriJesu
914 2441 1159 2491 Christ1,five

186 2493 362 2536 officium
387 2500 427 2538 S.
457 2497 599 2537 Crucis
623 2494 902 2550 recitaverint3
933 2499 1085 2554 quoties
1115 2498 1156 2539 id

182 2551 345 2608 ¹egerint
360 2581 372 2602 ‚
397 2552 500 2595 ultra
516 2553 611 2594 alias
632 2555 901 2609 indulgentias
923 2571 991 2610 per
1011 2559 1093 2600 Nos
1107 2556 1162 2598 ei-

182 2611 275 2656 dem
289 2610 736 2656 Archiconfraternitati
750 2612 964 2664 concessas,
974 2616 1160 2670 quinqua·

176 2666 294 2722 'ginta
308 2668 396 2709 dies
409 2696 424 2717 ‚
453 2682 546 2724 quas
561 2672 776 2715 Animabus
793 2672 990 2714 fidelium
1007 2672 1160 2716 Defun-

176 2728 338 2766 ‘c'torum
354 2739 426 2780 per
440 2727 600 2769 modurn
619 2729 782 2784 suffragii
796 2731 993 2784 applicare
1008 2730 1160 2785 poffinn

185 2784 272 2842 Qi
293 2793 427 2828 autem
457 2786 549 2826 vere
579 2791 815 2839 poenitentes
845 2790 881 2828 St
904 2786 1092 2836 confesti,
1116 2802 1160 2830 ac

179 2841 291 2882 sacra
308 2837 600 2884 Communione
627 2843 758 2885 refecti
780 2844 966 2899 pra-missa
994 2859 1167 2900 perege-1

179 2900 265 2942 rint
280 2929 292 2949 ,
308 2900 501 2942 ducents-s
516 2899 601 2941 dies
616 2899 665 2942 de
678 2900 859 2955 injunt‘tis
873 2903 944 2953 eis,
967 2901 1027 2944 seu
1042 2902 1160 2945 aliter

172 2956 487 3012 'quomodolibet
513 2958 660 2999 debitis
688 2958 935 3013 poenitentiis
963 2961 1001 3001 in
1033 2957 1159 3002 forma

180 3015 370 3058 Ecclefiae
398 3017 581 3058 consueta
616 3019 833 3059 relaxamus
853 3044 867 3064 ,
908 3016 1158 3072 praesentibus

181 3075 386 3130 perpetuis
400 3073 539 3115 futuris
558 3077 801 3129 temporibus
818 3075 1014 3117 valituris.

245 3135 389 3174 Davum
407 3135 543 3174 Romae
568 3134 668 3186 apud
692 3137 871 3176 Sanctam
887 3135 1052 3175 Mariam
1068 3137 1158 3177 Ma-

181 3190 314 3247 jorem
331 3189 396 3232 sub
411 3191 570 3231 Annulo
585 3190 794 3232 piscatoris
809 3219 820 3240 ‚
832 3192 897 3233 die
910 3205 983 3233 xxt
998 3207 1009 3234 ι
1025 3205 1059 3233 1.
1073 3197 1160 3236 No-

180 3249 300 3291 vemb
343 3262 559 3291 mocxvu.
591 3246 852 3292 Pontificatfis
882 3250 1005 3294 nostri
1031 3252 1155 3294 Anno

181 3319 329 3364 quarto
348 3305 523 3350 decimo.

592 3482 633 3524 S.
648 3480 775 3525 Card.
802 3483 842 3525 S.
856 3478 1049 3526 Susannae.

304 3828 406 3868 Tom.
424 3829 442 3867 1
453 3827 489 3869 V.

1230 1674 1504 1720 Misericordia
1519 1702 1534 1725 ,
1561 1689 1606 1717 ac
1638 1678 1714 1718 Bss.
1729 1678 1834 1720 Petri
1866 1679 1905 1719 &
1924 1679 2032 1721 Pauli
2052 1680 2220 1733 Aposto-

1226 1735 1358 1778 lorum
1373 1732 1455 1790 ejus
1470 1733 1705 1777 aucloritate
1723 1734 1871 1786 confisi,
1891 1739 2219 1793 ut,quandocun-

1228 1809 1305 1850 que
1319 1791 1514 1837 Sacerdos
1542 1792 1685 1850 aliquis
1701 1793 1896 1838 saecularis
1921 1797 1984 1838 vel
2005 1797 2217 1851 Regularis

1229 1851 1382 1895 Miffam
1403 1849 1690 1894 DefunAEtorum
1705 1853 1744 1893 in
1768 1852 1833 1895 die
1850 1855 2216 1896 Commemoratio.

1227 1912 1284 1954 nis
1305 1908 1839 1967 Defuustorum,&s1ngulis
1854 1911 1993 1954 diebus
2015 1914 2115 1954 intra
2133 1912 2219 1955 illi-

1223 1984 1266 2012 us
1281 1972 1458 2011 octavam
1476 1998 1487 2016 ‚
1513 1983 1555 2011 ac
1573 1971 1609 2011 in
1626 1984 1698 2012 una
1713 1969 1813 2012 feria
1829 1970 2045 2025 cujuslibet
2064 1971 2223 2014 hebdo-

1220 2028 1344 2070 madae
1360 2026 1687 2082 perOrdinarium
1703 2027 1958 2083 designanda,
1973 2043 2049 2085 pro
2067 2031 2213 2074 Anima

1221 2086 1490 2143 cujuscunque
1506 2081 1757 2138 Confratris,
1773 2090 1812 2129 &
1835 2089 2078 2130 Consororis
2106 2089 2219 2130 dietae

1220 2144 1576 2188 Confraternitatis
1591 2174 1604 2196 ‚
1630 2159 1716 2201 quae
1735 2149 1822 2188 Deo
1837 2147 1875 2187 in
1898 2146 2099 2188 charitate
2113 2160 2213 2189 con-

1218 2203 1346 2260 juncta
1361 2207 1409 2245 ab
1426 2205 1497 2245 hac
1516 2202 1606 2246 luce
1621 2204 1878 2260 emigraverit
1892 2234 1905 2256 ,
1917 2206 1964 2248 ad
1984 2205 2215 2260 praedistum

1218 2262 1360 2304 Altare
1389 2262 1642 2314 celebrabit,
1672 2264 1812 2305 Anima
1844 2264 1920 2318 ipsa
1945 2264 1998 2305 de
2025 2263 2214 2306 thesauro

1220 2321 1406 2363 Ecclefiae
1431 2335 1504 2375 per
1531 2320 1696 2363 modum
1726 2320 1892 2377 suffragii
1914 2322 2212 2376 indulgentiam

1219 2378 1486 2435 consequatur
1501 2407 1514 2429 ,
1528 2379 1584 2421 ita
1602 2390 1643 2422 ut
1658 2379 1834 2435 ejusdem
1855 2384 1891 2422 D
1922 2383 1974 2423 N·
1987 2380 2217 2436 jesuChri-

1219 2437 1290 2487 sti,
1322 2452 1364 2479 ac
1394 2436 1625 2480 Beatiffimae
1652 2439 1828 2492 Virginis
1855 2439 2014 2490 Mariae,
2047 2441 2214 2482 53οὲὶο-

1218 2510 1382 2551 rumque
1398 2495 1577 2537 omnium
1597 2497 1750 2538 meritis
1769 2497 1835 2539 fibi
1865 2496 2166 2551 suffragantibus
2187 2498 2208 2539 ὲ

1220 2553 1451 2609 Purgatorii
1475 2554 1604 2607 poenis
1630 2555 1856 2603 liberetur,
1882 2556 2147 2597 concedimus
2167 2558 2210 2597 &

1215 2612 1490 2666 indulgemus.
1523 2615 1567 2653 In
1593 2616 1845 2655 contrarium
1861 2613 2102 2657 facientibus
2128 2629 2208 2655 non

1219 2671 1460 2712 obstantibus
1490 2670 1785 2724 quibuscunque
1808 2699 1820 2709 .
1863 2671 2122 2713 Praesentibus
2153 2671 2205 2713 ad

1220 2727 1470 2783 septennium
1487 2725 1641 2767 tantum
1660 2727 1837 2769 valituris
1851 2755 1862 2767 .
2053 2740 2056 2743 “

1241 2789 1424 2828 *Datum
1443 2786 1577 2825 Romae
1600 2784 1701 2837 apud
1723 2787 1904 2827 §anetam
1923 2785 2095 2829 Mariam
2117 2789 2205 2830 Ma.

1218 2842 1344 2899 jorem
1359 2842 1426 2885 sub
1441 2841 1601 2884 Annulo
1619 2841 1846 2893 piscatoris,
1861 2844 1924 2886 die
1939 2858 2016 2886 xxv
2028 2859 2061 2886 1.
2086 2846 2207 2899 Apri-

1222 2900 1270 2942 lis
1282 2912 1473 2945 Mnccxnv
1484 2912 1516 2939 1.
1535 2898 1794 2944 Pontificatus
1809 2902 1929 2945 nostri
1942 2906 2060 2947 Anno
2076 2906 2205 2949 sexto.

1336 3076 1473 3117 Gratis
1487 3082 1563 3129 pro
1588 3078 1693 3119 Deo.

1503 3259 1574 3299 Pro
1594 3262 1640 3299 D.
1655 3261 1762 3302 Card.
1785 3263 1973 3315 Paffioneo.

1447 3427 1614 3482 ‘Joannes
1642 3428 1797 3472 Florius
1826 3428 2087 3486 substitutus.

1282 3600 1534 3654 Autographa
1560 3603 1726 3640 omnium
1758 3604 2077 3648 Documentorum
2103 3606 2204 3648 cie-m

1342 3659 1426 3699 Vcn.
1447 3658 1515 3698 hdc
1542 3658 1988 3715 Archicoafraternitate
2019 3662 2198 3705 adduflo-

1336 3728 1424 3756 rum
1435 3743 1450 3765 ,
1462 3720 1714 3771 reperiuntur
1725 3722 1767 3759 in
1779 3718 1890 3776 hujus
1903 3721 2082 3764 Archivo.

1514 3833 1591 3887 Qq
1621 3845 1644 3874 2
2070 3838 2152 3877 Do·
