2658 4256
443 294 603 360 100
632 272 635 276 ’

1159 263 1773 362 'Provincia

378 414 436 457 ris
448 435 462 458 2
477 423 648 466 quarum
662 395 862 453 tenorem
879 410 1138 468 praesentibus
1154 423 1231 465 pro
1244 410 1410 467 expres·
1468 406 1695 475 hujusmodi
1713 407 2075 466 supplicationibus
2096 411 2304 464 inclinati,
2327 423 2484 458 attento

381 473 425 520 so
439 471 577 514 haberi
591 469 775 511 volumus
789 499 802 522 ,
819 472 982 515 uberius
998 476 1258 514 continetur.
1341 512 1343 514 .

437 533 542 572 Cum
556 529 1060 579 autem,ficutdile6ti1=ilii
1076 527 1251 574 Michael
1268 530 1405 584 Ange·

381 589 445 633 lus
473 590 491 630 ἐ
525 588 692 639 Ragufia
707 615 722 638 ‚
744 588 1173 633 MinisterGeneralis
1188 616 1202 639 ,
1223 590 1400 645 Joannes

378 649 581 692 Antonius
595 646 616 685 ἐι
633 645 901 699 Florentia,in
916 651 1098 691 Romana
1111 647 1236 691 Curia
1251 650 1403 691 Procu-

376 718 516 758 rator,
541 705 578 744 &
594 702 896 750 Commiffarius
915 707 1130 750 Generalis
1143 733 1157 755 ⁵
1179 709 1246 751 Fr·
1260 708 1401 749 Timo·

378 767 502 806 thaeus
519 766 542 806 ἐι
558 762 697 805 Flexia
716 791 730 815 ,
753 766 792 808 &
808 767 1049 810 Timotheus
1068 769 1091 812 a
1106 765 1298 811 Rodenas
1317 769 1403 808 De-

379 823 564 865 finitores
596 823 822 867 Generales
865 825 1030 867 Ordinis
1062 824 1238 881 praedini
1273 826 1403 869 Nobis

377 896 508 936 nuper
523 881 667 936 exponi
682 880 867 929 fecerunt
879 914 895 936 ,
910 886 958 926 ab
974 897 1025 927 eo
1041 895 1223 939 tempore
1242 887 1404 942 experi-

377 937 488 984 entia
511 951 766 995 compertum
793 942 945 990 suerit,
971 957 1053 987 non
1078 941 1203 987 solum
1230 948 1399 993 damna,

376 1000 692 1041 &incommoda
713 1015 762 1045 ex
777 1002 1000 1044 eorundem
1020 1001 1299 1048 Discretorum
1316 1005 1403 1047 ele-

375 1060 511 1101 Ctione
543 1056 698 1102 sublata
725 1061 889 1106 minime
914 1060 1054 1114 fuisse,
1083 1060 1148 1104 sed
1176 1064 1329 1122 majora
1357 1065 1398 1106 in

374 1118 538 1171 gravius
554 1116 747 1173 religiosae
762 1119 867 1174 pacis
883 1147 896 1170 ‚
910 1122 949 1162 δε.
962 1120 1194 1163 concordiae
1207 1153 1221 1175 ‚
1235 1137 1397 1166 necnon

375 1175 595 1232 Regularis
622 1175 898 1220 Observantiae
931 1178 1206 1233 praejudicium
1226 1210 1240 1232 ,
1271 1182 1397 1225 etiam

374 1235 469 1276 cum
497 1234 685 1278 scandalo
711 1264 725 1285 ,
755 1238 794 1279 δι
829 1237 1088 1279 Saecularium
1116 1237 1398 1284 admiratione

374 1292 569 1335 emeriiffe
589 1322 603 1343 ,
626 1308 671 1334 ac
700 1295 736 1335 in
763 1294 851 1335 dies
879 1307 1114 1352 emergere,
1147 1311 1194 1341 ac
1221 1299 1396 1356 proinde

372 1354 535 1398 Fratres
553 1351 745 1406 praediftae
766 1353 991 1395 Provinciae
1020 1353 1206 1399 Flandro·
1220 1359 1397 1414 Belgicae

370 1409 596 1455 eorundem
615 1410 896 1453 Discretorum
923 1412 1164 1456 electionem
1181 1444 1194 1465 ,
1220 1432 1295 1471 pro
1316 1431 1393 1473 qua

370 1467 521 1525 pluries
535 1494 549 1515 a
566 1469 715 1511 nedum
727 1471 1013 1524 Superioribus
1029 1474 1300 1519 Generalibus
1314 1506 1328 1526 ,
1354 1478 1393 1519 δι

371 1528 482 1571 diofto
502 1527 676 1572 Nicolao
691 1529 892 1583 Episcopo
909 1531 1123 1574 Cardinali
1137 1559 1151 1581 2
1175 1537 1216 1576 &
1245 1540 1394 1580 Prote-

370 1585 471 1627 &ori
484 1609 498 1631 a
526 1598 572 1626 ac
591 1585 720 1626 Nobis
733 1613 747 1635 ‚
766 1582 980 1640 praesertim
994 1591 1035 1631 in
1049 1593 1238 1636 Comitiis
1255 1599 1395 1638 Gene-

370 1643 520 1687 ralibus
535 1642 602 1685 die
621 1656 728 1686 xiii.
744 1645 840 1687 Maii
857 1647 960 1689 Anni
979 1653 1254 1694 MDccx11.in
1272 1653 1393 1694 Alma

369 1703 490 1747 Urbe
514 1702 645 1746 nostra
662 1701 878 1746 celebratis
901 1704 1255 1761 supplicaverant,
1276 1711 1394 1754 resti-

372 1762 450 1805 tuti
469 1761 721 1816 summopere
737 1761 968 1806 desiderent
983 1778 995 1807 :
1031 1765 1162 1810 Nobis
1175 1780 1392 1826 propterea

369 1819 546 1879 praedieti
561 1819 817 1873 Exponentes
834 1823 1044 1866 humiliter
1059 1823 1273 1881 supplicari
1288 1829 1396 1872 fece·

369 1889 466 1924 runt
484 1907 496 1928 ‚
514 1888 557 1920 ut
571 1878 609 1920 in
629 1879 829 1933 praemisfis
848 1882 1078 1936 opportune
1092 1886 1325 1938 providere,
1339 1890 1394 1937 &‚

370 1948 417 1981 ut
434 1936 534 1979 insra
551 1963 564 1985 a
591 1937 808 1992 indulgere
834 1939 885 1982 de
900 1942 1149 1995 benignitate
1162 1946 1395 1997 Apostolica

369 1997 650 2052 dignaremur3
669 2001 753 2039 Nos
769 1998 895 2055 igitur
914 1998 1013 2054 ipsos
1030 2002 1288 2056 Exponentes
1305 2008 1389 2057 spe-

371 2056 543 2107 cialibus
565 2056 771 2101 favoribus
787 2084 800 2107 ,
825 2059 864 2098 &
882 2059 1021 2112 gratiis
1038 2060 1226 2117 prosequi
1241 2063 1388 2106 volen-

366 2126 429 2159 tes
443 2142 457 2165 ,
479 2116 518 2156 δι
545 2129 686 2159 eorum
715 2115 928 2170 fingulares
945 2117 1130 2172 personas
1148 2121 1168 2162 a
1185 2121 1389 2173 quibusvis

366 2174 797 2217 excommunicationis
815 2203 829 2225 ,
859 2172 1137 2230 suspenfionis,
1165 2181 1389 2224 &interdi-

366 2234 419 2275 eti
434 2259 448 2281 2
474 2231 641 2290 aliisque
661 2233 945 2276 Ecclesiasticis
964 2237 1173 2280 sententiis
1190 2268 1205 2289 ,
1240 2239 1387 2282 censu·

367 2291 424 2333 ris
441 2320 456 2342 ,
483 2292 523 2335 &
538 2291 654 2347 paenis
681 2294 703 2336 a
719 2290 804 2347 jure
820 2321 833 2343 ,
861 2293 930 2337 vel
950 2296 999 2339 ab
1022 2297 1187 2339 homine
1204 2325 1218 2349 ‚
1245 2298 1384 2352 quavis

366 2349 600 2401 occasione,
631 2349 695 2392 vel
717 2350 830 2393 causa
848 2352 966 2402 latiS,
994 2356 1020 2398 fi
1047 2358 1195 2411 quibus
1215 2370 1386 2412 quomo·

369 2408 532 2450 dolibet
560 2410 758 2451 innodatae
787 2410 958 2454 existunt
973 2443 986 2464 ,
1010 2413 1060 2456 ad
1084 2415 1267 2458 effectum
1287 2429 1386 2470 prae-

365 2463 537 2510 sentium
563 2466 776 2511 dumtaxat
801 2469 1123 2527 consequendum
1138 2503 1152 2525 ‚
1169 2475 1310 2516 harum
1329 2475 1384 2515 se-

364 2527 428 2571 rie
451 2524 726 2576 absolventes,
754 2527 794 2571 δζ
809 2525 1013 2573 absolutas
1033 2530 1120 2576 fore
1135 2531 1347 2579 censentes
1366 2559 1380 2582 ‚

1466 478 1587 511 etiam
1614 479 1712 509 voto
1737 467 1917 522 ejusdem
1946 470 2109 513 Nico'lai
2130 473 2314 530 Episcopi
2333 476 2486 518 Cardi-

1464 527 1565 569 nalis
1583 555 1597 578 ‚
1623 528 1663 570 &
1680 529 1928 570 Proteftoris
1945 557 1957 578 ‚
1981 528 2173 584 praedido
2190 533 2381 575 Michaeli
2396 538 2487 576 An-

1460 586 1554 641 gelo
1570 586 1755 629 Ministro
1770 587 2000 639 Generali,
2027 587 2176 630 auditis
2196 591 2325 644 prius,
2358 608 2403 636 ac
2424 594 2485 636 vi-

1466 645 1591 687 {itatis
1619 646 1834 697 omnibus,
1861 646 1901 687 δι
1926 645 2087 701 lingulis
2113 647 2291 703 ejusdem
2306 652 2483 694 Provin-

1463 706 1533 747 ciae
1562 704 1939 760 Flandro-Belgicae
1957 706 2166 748 Fratribus
2181 735 2195 757 ‚
2220 720 2268 749 ac
2291 723 2334 750 re
2353 708 2483 762 serio,

1466 762 1689 820 prudenter
1703 792 1719 813 ,
1744 765 1784 806 δι
1798 764 2020 819 diligenter
2046 764 2272 808 examinata
2289 792 2303 816 ,
2319 765 2486 811 electio-

1468 835 1563 865 nem
1592 821 1869 867 Discretorum
1897 823 2124 879 hujusmodi
2155 853 2168 875 ,
2208 823 2232 866 fi
2270 824 2311 866 id
2344 826 2488 870 divinae

1466 881 1620 924 Gloriae
1634 909 1648 933 ,
1676 883 1845 937 publicae
1863 883 2181 940 tranquillitati,
2203 897 2251 925 ac
2272 884 2489 939 Regularis

1465 938 1737 982 Observantiae
1761 941 2016 985 incremento
2040 945 2078 984 in
2096 943 2276 986 Domino
2290 942 2486 998 expedire

1459 999 1706 1057 judicaverit
1723 1027 1736 1050 ,
1757 1000 1995 1044 restituendi
2011 1001 2248 1045 facultatem
2262 1027 2276 1050 2
2290 1001 2397 1043 dit‘ta
2414 1015 2488 1043 au—

1458 1058 1674 1109 ctoritate,
1708 1068 1849 1103 tenore
1870 1060 2127 1115 praesentium
2153 1060 2413 1103 concedimus
2445 1061 2486 1103 δι

1457 1117 1739 1172 impartimur,
1762 1121 1857 1161 Non
1870 1120 2124 1163 obstantibus
2141 1119 2337 1174 praedictis
2355 1123 2483 1163 Inno-

1461 1175 1589 1218 centii
1606 1174 1906 1220 Praedecelsoris
1938 1178 2118 1225 litteris,
2140 1178 2306 1235 aliisque
2322 1178 2485 1221 Consti-

1460 1234 1688 1277 tutionibus
1713 1263 1729 1284 2
1767 1236 1807 1275 &
1834 1236 2178 1280 ordinationibus
2207 1237 2484 1292 Apostolicis‚

1456 1307 1615 1336 necnon
1631 1292 1855 1336 Provinciae
1869 1296 1909 1336 δε
1921 1295 2088 1338 Ordinis
2106 1294 2482 1351 hujusmodi,etiam

1457 1351 1719 1408 juramento,
1748 1353 2075 1398 Confirmatione
2101 1354 2338 1406 Apostolica
2367 1383 2382 1407 ‚
2414 1354 2483 1396 vel

1456 1412 1596 1467 quavis
1640 1409 1834 1453 firmitate
1868 1414 1947 1456 alia
1982 1412 2189 1456 roboratis
2221 1413 2408 1464 statutis,
2439 1413 2481 1454 δε

1455 1469 1844 1523 Consuetudinibus,
1859 1472 2091 1527 Privilegiis
2117 1484 2282 1527 quoque
2302 1501 2315 1522 ,
2342 1469 2483 1515 indul-

1457 1530 1509 1569 tis
1526 1556 1541 1578 ‚
1568 1529 1607 1568 &
1625 1528 1776 1571 Literis
1794 1532 2038 1584 Apostolicis
2052 1535 2090 1573 in
2110 1531 2363 1574 contrarium
2378 1544 2482 1586 prae-

1458 1583 1662 1629 missorum
1676 1591 1994 1642 quomodolibet
2010 1589 2199 1633 conceffis
2218 1618 2230 1639 ‚
2254 1589 2482 1634 confirma-

1455 1647 1506 1687 tis
1518 1671 1532 1692 a
1551 1645 1811 1688 &innovatis
1827 1673 1841 1695 a
1870 1649 2016 1704 quibus
2031 1650 2219 1690 omnibus
2236 1649 2276 1691 &
2291 1647 2452 1702 lingulis
2465 1672 2481 1694 ‚

1457 1705 1627 1746 illorum
1659 1715 1820 1748 tenores
1853 1707 2114 1762 praesentibus
2144 1720 2219 1762 pro
2249 1705 2369 1761 plene
2395 1735 2410 1758 ,
2439 1708 2480 1748 &

1458 1763 1698 1805 sufficienter
1721 1764 1909 1819 expreffis
1925 1794 1939 1817 ,
1955 1780 2001 1808 ac
2017 1766 2069 1807 de
2087 1766 2214 1808 verbo
2237 1765 2286 1806 ad
2306 1766 2477 1808 verbum

1454 1821 1611 1864 insertis
1645 1819 1841 1864 habentes
1869 1852 1882 1874 ‚
1928 1823 2009 1866 illis
2035 1823 2138 1866 alias
2164 1825 2203 1865 in
2229 1822 2300 1863 suo
2329 1824 2477 1866 robore

1456 1878 1763 1936 permansum,
1792 1881 1842 1923 ad
1875 1881 2162 1939 psraemissorum
2189 1883 2372 1925 eflectum
2402 1880 2477 1923 hac

1457 1935 1548 1982 vice
1575 1938 1787 1980 dumtaxat
1816 1941 2072 1994 specialiter,
2103 1939 2338 1995 &expresse
2351 1939 2478 1982 dero·

1455 2011 1591 2053 gamus
1609 2027 1624 2048 ,
1653 1998 1886 2054 caeterisque
1900 1999 2115 2043 contrariis
2130 1999 2449 2055 quibuscumque
2461 2027 2474 2040 .

1515 2060 1667 2099 Datum
1686 2058 1828 2099 Romae
1854 2058 1962 2113 apud
1990 2059 2169 2102 sanctam
2201 2059 2369 2101 Mariam
2386 2062 2476 2099 Ma·

1440 2115 1578 2171 ‘jorem
1608 2116 1676 2156 sub
1705 2116 1875 2157 Annulo
1903 2115 2120 2159 Piscatoris
2146 2143 2159 2165 ‚
2187 2116 2255 2157 die
2286 2130 2379 2157 xiv.
2400 2119 2475 2172 Ju-

1448 2175 1492 2218 lii
1511 2186 1726 2217 Μοεεκιν.
1761 2174 2030 2220 pontificatus
2057 2173 2179 2216 nostri
2207 2177 2333 2216 Anno
2359 2173 2472 2216 deci-

1448 2249 1514 2279 mo
1533 2242 1678 2290 quarto
1692 2261 1703 2272 .

1848 2353 1894 2396 F.
1915 2349 2046 2394 Card.
2063 2350 2293 2394 Oliverius.

1501 2471 1671 2522 Autogr.
1685 2470 1728 2509 in
1743 2467 1845 2510 dfft'o
1860 2468 2032 2513 Archivo
2048 2470 2144 2524 ch.
2162 2467 2283 2526 mensi
2298 2467 2351 2518 ὠ·
2365 2467 2464 2511 anni

1552 2527 1681 2586 praed.
1700 2526 1781 2587 fol.
1807 2539 1869 2569 10.

1169 2675 1639 2740 NOTA.

450 2811 578 2852 lbellus
595 2809 740 2855 supplex
754 2810 775 2844 ὲ
800 2810 1043 2856 P.Generali‚
1072 2815 1139 2850 Sec.
1168 2816 1284 2853 SSmo
1306 2827 1371 2863 pro
1399 2814 1559 2861 praemisi'a
1585 2813 1814 2852 restitutionis
1825 2837 1840 2858 ‚
1877 2813 1934 2851 seu
1951 2814 2033 2850 ussts
2050 2812 2255 2851 Discretalis
2277 2812 2311 2848 &
2329 2807 2464 2850 detnato

471 2862 507 2897 in
530 2859 719 2896 Provincia
733 2858 883 2903 vigentis
894 2863 1006 2908 gratia
1023 2863 1202 2913 porreQus
1215 2890 1227 2910 ,
1251 2865 1317 2902 fuit
1332 2865 1459 2901 tenoris
1472 2889 1486 2910 ,
1512 2865 1573 2916 qui
1587 2864 1740 2913 sequitur
1756 2877 1766 2901 ε

871 2977 1535 3036 BEATISSIME
1618 2982 1968 3035 PATER.

461 3099 601 3137 Fratres
617 3095 772 3136 Michael
782 3096 938 3144 Angelus
951 3097 972 3135 ἃ
985 3097 1140 3148 Ragufir‚
1158 3102 1251 3141 Ord.
1265 3104 1359 3142 Min.
1375 3102 1595 3150 S.Francisci
1610 3101 1866 3150 Caput-inarum
1881 3100 2042 3150 Minister
2058 3098 2244 3137 Generalis
2256 3097 2336 3148 ‚270-
2349 3099 2463 3138 Anm

373 3155 454 3191 nius
480 3148 499 3186 ἃ
520 3146 694 3184 Florentia
707 3170 720 3189 ,
743 3145 888 3195 ejusdem
902 3146 1051 3185 Ordinis
1076 3151 1115 3186 in
1130 3150 1286 3188 Romana
1303 3154 1415 3190 Curia
1429 3154 1660 3192 Procurator,
1689 3151 1732 3191 ὼ·
1763 3150 1889 3186 Commi
1915 3151 2012 3189 arius
2032 3147 2237 3192 Generalis,
2263 3149 2460 3187 Timotheus

370 3202 393 3243 ἃ
405 3201 534 3242 Flexia‚
545 3198 586 3239 &⁶
598 3194 794 3233 Timothem
810 3193 830 3231 ἃ
845 3193 1002 3234 Rodenas
1012 3220 1023 3239 ‚
1038 3197 1244 3246 Definitores
1257 3201 1444 3241 Generales
1458 3202 1569 3238 Romae
1580 3198 1768 3248 existentes,
1782 3197 1828 3232 ad
1837 3198 1882 3234 ss
1923 3224 1932 3235 .
1947 3198 2052 3236 Pedes
2074 3196 2253 3235 humiliter
2300 3197 2452 3236 roz-oluti

367 3257 569 3289 reverenter
590 3253 785 3292 exponunt:
810 3242 977 3330 Qualiter
1001 3246 1147 3296 instante
1171 3249 1218 3286 ad
1233 3251 1260 3286 S
1263 3249 1460 3288 anflitatem
1477 3249 1627 3300 Vestram
1643 3246 1852 3296 Sereniffimo
1864 3246 2033 3293 ‘Philippo
2047 3245 2184 3295 Qnto
2196 3207 2451 3295 Hisffirm'arum

361 3299 458 3348 Rege
475 3294 650 3335 Catholico
662 3319 674 3337 ,
697 3304 737 3328 ac
750 3291 839 3341 supp
854 3294 1027 3331 icantibus
1044 3295 1227 3335 Fratribus
1252 3298 1460 3338 ‘Provincia
1475 3298 1624 3336 Flandro
1660 3295 2003 3345 Belgicaesupradiitii
2017 3296 2167 3333 Ordinis
2181 3308 2195 3337 3
2221 3306 2262 3332 ut
2274 3296 2319 3331 ad
2331 3295 2456 3333 tollen-

359 3349 406 3386 da
421 3349 551 3384 damna
564 3368 576 3388 ‚
596 3344 639 3385 (ξ’
652 3341 858 3380 incommoda
871 3367 880 3381 ‚
907 3353 979 3389 quae
997 3355 1038 3380 ex
1061 3345 1217 3384 elefitione
1230 3347 1468 3395 Discretornm
1481 3374 1493 3393 ,
1519 3348 1581 3396 qui
1607 3344 1628 3383 ἃ
1645 3344 1898 3382 Conventihus'
1911 3346 1957 3382 ad
1974 3343 2121 3395 effefium
2131 3345 2199 3394 sua
2214 3343 2386 3395 suffragia
2413 3345 2453 3379 in

363 3395 537 3445 Capitulis
553 3390 836 3431 Provincialibus
854 3389 997 3438 ferendi
1006 3416 1019 3435 2
1041 3393 1123 3442 eligi
1137 3395 1388 3444 consueverant
1400 3422 1412 3441 ‚
1428 3398 1467 3436 in
1484 3394 1661 3443 Religiosae
1683 3394 1786 3432 Pacis
1799 3394 1841 3435 ὠ·
1856 3395 2041 3431 concordia
2055 3418 2067 3438 ,
2086 3407 2124 3431 ac
2134 3392 2454 3442 RegularisDisci-

357 3446 465 3496 plina:
479 3442 720 3493 prejudicium
731 3440 983 3489 patiebantur,
1010 3443 1185 3483 Sani-‘titas
1201 3442 1320 3495 Vestra
1339 3446 1435 3493 usum
1457 3445 1610 3495 eligendi
1625 3444 1799 3492 Discretos
1815 3443 1990 3490 praedifios
2011 3443 2200 3491 abrogare,
2226 3443 2270 3484 ὡ·
2285 3442 2450 3479 abolere)

365 3495 574 3542 dignaretur
588 3504 600 3532 3
616 3489 769 3528 ‘Placuit
780 3487 971 3526 Sanfflicaei
987 3488 1108 3540 Vestrae
1122 3517 1134 3537 ,
1153 3503 1285 3533 attento
1297 3490 1374 3531 vot'o
1391 3493 1646 3543 Eminentiffimi
1661 3490 1864 3530 Cardinalis
1877 3490 2050 3541 Acciajoli
2063 3515 2076 3535 ,
2100 3491 2183 3527 dieti
2198 3489 2345 3527 Ordinis
2364 3492 2451 3530 Pro·

366 3543 514 3588 tefiioris,
524 3550 584 3590 per
599 3536 822 3588 apostolicum
834 3537 950 3575 Breve
969 3539 1088 3577 datum
1100 3567 1110 3584 ,
1132 3542 1189 3582 die
1218 3542 1260 3579 28
1285 3544 1434 3594 Augusti
1450 3554 1549 3591 ¹702-
1568 3539 1792 3592 pontificatus
1806 3540 1866 3587 sui
1890 3541 1994 3580 Anno
2004 3540 2154 3588 secundo
2170 3563 2181 3582 ‚
2206 3540 2305 3589 cujus
2320 3542 2450 3589 copiam
2483 3542 2489 3546 '

363 3593 474 3634 dant,
498 3590 678 3640 praefatum
696 3587 792 3636 usum
812 3585 963 3633 eligendi
976 3589 1161 3635 ‘Discretos
1188 3592 1227 3627 in
1241 3592 1355 3630 eadem
1368 3594 1558 3631 Provincia
1584 3589 1731 3627 Flandro
1752 3589 1899 3637 ‘Belgica
1921 3589 2039 3626 tollere
2052 3613 2063 3633 ‚
2083 3601 2123 3624 ac
2136 3600 2329 3626 removere.
2361 3591 2451 3627 Cum

363 3651 478 3679 autem
500 3641 542 3676 ab
553 3651 588 3676 eo
599 3645 744 3685 tempore
756 3659 769 3680 ,
794 3636 1009 3684 experientia
1021 3638 1160 3677 docente
1173 3664 1186 3682 ‚
1205 3651 1272 3675 non
1289 3641 1399 3689 solum
1418 3642 1543 3679 damna
1556 3665 1570 3685 ‚
1593 3640 1637 3682 ὁδ’
1649 3639 1855 3676 3n⁶⁰mm⁰da
1878 3648 1919 3674 ex
1933 3639 2180 3687 ‘Discretorum
2202 3637 2356 3675 eleffivne
2363 3640 2454 3685 sub·

361 3689 435 3728 lata
460 3700 526 3725 non
536 3688 674 3737 fuerint
687 3699 697 3727 3
715 3685 779 3733 sed
793 3684 922 3734 majora
935 3685 974 3723 in
982 3689 1132 3733 gravius
1145 3686 1324 3736 Religiofae
1331 3690 1444 3728 Pacis
1458 3692 1501 3733 ὼ·
1519 3687 1716 3729 Concordia
1729 3711 1742 3732 ‚
1767 3700 1806 3724 ac
1821 3686 2008 3734 Regularis
2023 3687 2264 3736 Observantiae
2283 3688 2453 3738 praejudi.

361 3741 454 3779 cium
468 3764 474 3772 .
488 3739 590 3774 etiam
602 3747 676 3773 cum
683 3734 848 3783 scandalo
864 3758 875 3776 ,
900 3733 942 3774 ἐς·
957 3735 1179 3784 secularium
1204 3732 1434 3778 admiratione
1452 3738 1673 3788 emerserint,
1700 3749 1739 3773 ac
1762 3738 1801 3772 in
1820 3736 1893 3773 dies
1906 3746 2106 3784 emergant,
2140 3748 2179 3771 ac
2200 3736 2346 3787 proinde
2361 3747 2449 3785 prae·

359 3787 443 3828 aiffa·
465 3785 604 3822 Fratres
618 3784 816 3823 Provincia
831 3781 979 3821 Flandro
1001 3784 1153 3833 ‘Belgica
1172 3784 1327 3834 pluries.
1352 3790 1476 3825 nedum
1493 3786 1738 3836 SuperiorIbus
1754 3784 1983 3828 Generalibus
2010 3784 2162 3821 Ordinis
2180 3800 2188 3827 3
2205 3785 2270 3833 sed
2290 3785 2333 3827 ὼ·
2357 3786 2450 3822 Emi·

360 3835 547 3885 nentiffimo
560 3831 746 3874 Cardinali
760 3830 933 3879 Acctajoli
950 3832 1140 3874 procertari
1154 3858 1166 3876 ‚
1191 3847 1232 3871 ac
1245 3836 1435 3875 Sanfiiitati
1453 3835 1575 3887 Vestrae
1588 3858 1601 3876 ‚
1620 3834 1807 3884 praesertim
1820 3836 1859 3871 in
1877 3834 2040 3871 Comitiis
2060 3835 2295 3871 Generalibus
2318 3833 2375 3871 die
2395 3845 2448 3881 13.

356 3886 452 3927 Maii
466 3886 555 3923 anni
574 3879 801 3932 1712.R0mae
813 3880 1008 3929 celebratis,
1024 3893 1088 3935 pro
1100 3883 1293 3923 eorumdem
1304 3887 1545 3938 Discrenrum
1556 3882 1733 3933 electione,
1759 3896 1800 3923 ac
1816 3883 2034 3936 restitutione
2050 3883 2211 3933 supplica
2217 3885 2359 3969 vedulfi·

2345 3944 2403 3968 1110
