<?xml version="1.0" encoding="UTF-8"?>
<!DOCTYPE html PUBLIC "-//W3C//DTD XHTML 1.0 Transitional//EN"
    "http://www.w3.org/TR/xhtml1/DTD/xhtml1-transitional.dtd">
<html xmlns="http://www.w3.org/1999/xhtml" xml:lang="en" lang="en">
 <head>
  <title>
</title>
<meta http-equiv="Content-Type" content="text/html;charset=utf-8" />
  <meta name='ocr-system' content='tesseract 3.04.00' />
  <meta name='ocr-capabilities' content='ocr_page ocr_carea ocr_par ocr_line ocrx_word'/>
</head>
<body>
  <div class='ocr_page' id='page_1' title='image "./bullariumordinis04cath/bullariumordinis04cath_0381.png"; bbox 0 0 2638 4204; ppageno 0'>
   <div class='ocr_carea' id='block_1_1' title="bbox 976 170 2209 289">
    <p class='ocr_par' dir='ltr' id='par_1_1' title="bbox 976 170 2209 289">
     <span class='ocr_line' id='line_1_1' title="bbox 976 170 2209 289; baseline -0.002 -33"><span class='ocrx_word' id='word_1_1' title='bbox 976 170 1448 257; x_wconf 62' lang='lat' dir='ltr'>Po-loniae.</span> <span class='ocrx_word' id='word_1_2' title='bbox 2055 188 2209 289; x_wconf 78' lang='lat'>333</span> 
     </span>
    </p>
   </div>
   <div class='ocr_carea' id='block_1_2' title="bbox 217 294 2273 767">
    <p class='ocr_par' dir='ltr' id='par_1_2' title="bbox 217 294 2273 767">
     <span class='ocr_line' id='line_1_2' title="bbox 222 294 2273 371; baseline 0.003 -26"><span class='ocrx_word' id='word_1_3' title='bbox 222 299 302 345; x_wconf 83' lang='lat' dir='ltr'>bris</span> <span class='ocrx_word' id='word_1_4' title='bbox 339 303 558 348; x_wconf 65' lang='lat' dir='ltr'>nnctxx</span> <span class='ocrx_word' id='word_1_5' title='bbox 573 305 611 349; x_wconf 66' lang='lat' dir='ltr'>x}</span> <span class='ocrx_word' id='word_1_6' title='bbox 641 305 906 352; x_wconf 67' lang='lat' dir='ltr'>pontificatus</span> <span class='ocrx_word' id='word_1_7' title='bbox 934 305 1072 348; x_wconf 81' lang='lat' dir='ltr'>Nostri</span> <span class='ocrx_word' id='word_1_8' title='bbox 1110 320 1216 352; x_wconf 84' lang='lat' dir='ltr'>anno</span> <span class='ocrx_word' id='word_1_9' title='bbox 1271 303 1487 371; x_wconf 83' lang='lat' dir='ltr'>Hospitia</span> <span class='ocrx_word' id='word_1_10' title='bbox 1501 294 1711 363; x_wconf 68' lang='lat' dir='ltr'>praedista</span> <span class='ocrx_word' id='word_1_11' title='bbox 1729 295 1773 343; x_wconf 68' lang='lat' dir='ltr'>in</span> <span class='ocrx_word' id='word_1_12' title='bbox 1792 299 2059 347; x_wconf 78' lang='lat' dir='ltr'><strong>Conventus</strong></span> <span class='ocrx_word' id='word_1_13' title='bbox 2075 335 2090 357; x_wconf 86' lang='lat'><strong>,</strong></span> <span class='ocrx_word' id='word_1_14' title='bbox 2122 307 2164 351; x_wconf 89' lang='lat' dir='ltr'>in</span> <span class='ocrx_word' id='word_1_15' title='bbox 2179 312 2273 371; x_wconf 76' lang='lat' dir='ltr'>qui·-</span> 
     </span>
     <span class='ocr_line' id='line_1_3' title="bbox 217 362 2271 426; baseline 0.009 -24"><span class='ocrx_word' id='word_1_16' title='bbox 217 367 382 415; x_wconf 80' lang='lat' dir='ltr'>quarto.</span> <span class='ocrx_word' id='word_1_17' title='bbox 1343 373 1426 426; x_wconf 69' lang='lat' dir='ltr'>bus</span> <span class='ocrx_word' id='word_1_18' title='bbox 1454 367 1512 419; x_wconf 78' lang='lat' dir='ltr'>ad</span> <span class='ocrx_word' id='word_1_19' title='bbox 1535 368 1684 416; x_wconf 81' lang='lat' dir='ltr'>minus</span> <span class='ocrx_word' id='word_1_20' title='bbox 1719 362 1964 415; x_wconf 87' lang='lat' dir='ltr'>duodecim</span> <span class='ocrx_word' id='word_1_21' title='bbox 1991 372 2170 418; x_wconf 85' lang='lat' dir='ltr'>Fratres</span> <span class='ocrx_word' id='word_1_22' title='bbox 2199 377 2271 422; x_wconf 82' lang='lat' dir='ltr'>de·</span> 
     </span>
     <span class='ocr_line' id='line_1_4' title="bbox 1341 432 2270 510; baseline 0.002 -21"><span class='ocrx_word' id='word_1_23' title='bbox 1341 455 1485 510; x_wconf 85' lang='lat' dir='ltr'>gant,</span> <span class='ocrx_word' id='word_1_24' title='bbox 1521 433 1569 485; x_wconf 75' lang='grc' dir='ltr'>ἃ</span> <span class='ocrx_word' id='word_1_25' title='bbox 1598 432 1863 485; x_wconf 85' lang='lat' dir='ltr'>Sacerdotes</span> <span class='ocrx_word' id='word_1_26' title='bbox 1889 437 2005 486; x_wconf 89' lang='lat' dir='ltr'>inter</span> <span class='ocrx_word' id='word_1_27' title='bbox 2029 455 2104 487; x_wconf 87' lang='lat' dir='ltr'>eos</span> <span class='ocrx_word' id='word_1_28' title='bbox 2124 443 2270 492; x_wconf 83' lang='lat' dir='ltr'>Saecu-</span> 
     </span>
     <span class='ocr_line' id='line_1_5' title="bbox 1338 501 2271 577; baseline -0.003 -17"><span class='ocrx_word' id='word_1_29' title='bbox 1338 511 1502 560; x_wconf 85' lang='lat' dir='ltr'>larium</span> <span class='ocrx_word' id='word_1_30' title='bbox 1527 501 1816 553; x_wconf 83' lang='lat' dir='ltr'>confeffiones</span> <span class='ocrx_word' id='word_1_31' title='bbox 1841 508 2066 572; x_wconf 80' lang='lat' dir='ltr'>excipiant</span> <span class='ocrx_word' id='word_1_32' title='bbox 2082 543 2097 565; x_wconf 89' lang='lat'><strong>,</strong></span> <span class='ocrx_word' id='word_1_33' title='bbox 2127 511 2271 577; x_wconf 87' lang='lat' dir='ltr'>erigi,</span> 
     </span>
     <span class='ocr_line' id='line_1_6' title="bbox 1340 574 2273 630; baseline 0.002 -4"><span class='ocrx_word' id='word_1_34' title='bbox 1340 577 1451 630; x_wconf 82' lang='lat' dir='ltr'>&amp;in</span> <span class='ocrx_word' id='word_1_35' title='bbox 1469 590 1558 624; x_wconf 88' lang='lat' dir='ltr'>uno</span> <span class='ocrx_word' id='word_1_36' title='bbox 1588 574 1751 621; x_wconf 86' lang='lat' dir='ltr'>horum</span> <span class='ocrx_word' id='word_1_37' title='bbox 1773 574 2104 627; x_wconf 87' lang='lat' dir='ltr'>Conventuum</span> <span class='ocrx_word' id='word_1_38' title='bbox 2127 580 2273 628; x_wconf 87' lang='lat' dir='ltr'>Novi-</span> 
     </span>
     <span class='ocr_line' id='line_1_7' title="bbox 1337 640 2269 711; baseline 0 -15"><span class='ocrx_word' id='word_1_39' title='bbox 1337 649 1499 696; x_wconf 87' lang='lat' dir='ltr'>tiatum</span> <span class='ocrx_word' id='word_1_40' title='bbox 1525 659 1630 690; x_wconf 86' lang='lat' dir='ltr'>cum</span> <span class='ocrx_word' id='word_1_41' title='bbox 1661 640 1902 689; x_wconf 85' lang='lat' dir='ltr'>duodecim</span> <span class='ocrx_word' id='word_1_42' title='bbox 1927 648 2095 711; x_wconf 86' lang='lat' dir='ltr'>pariter</span> <span class='ocrx_word' id='word_1_43' title='bbox 2121 649 2269 696; x_wconf 90' lang='lat' dir='ltr'>Novi-</span> 
     </span>
     <span class='ocr_line' id='line_1_8' title="bbox 1335 707 1910 767; baseline -0.01 -3"><span class='ocrx_word' id='word_1_44' title='bbox 1335 717 1409 764; x_wconf 81' lang='lat' dir='ltr'>tiis</span> <span class='ocrx_word' id='word_1_45' title='bbox 1435 710 1606 767; x_wconf 85' lang='lat' dir='ltr'>institui</span> <span class='ocrx_word' id='word_1_46' title='bbox 1633 707 1876 759; x_wconf 84' lang='lat' dir='ltr'>confirmat</span> <span class='ocrx_word' id='word_1_47' title='bbox 1897 746 1910 759; x_wconf 90' lang='lat'><strong>.</strong></span> 
     </span>
    </p>
   </div>
   <div class='ocr_carea' id='block_1_3' title="bbox 691 478 987 524">
    <p class='ocr_par' dir='ltr' id='par_1_3' title="bbox 691 478 987 524">
     <span class='ocr_line' id='line_1_9' title="bbox 691 478 987 524; baseline -0.007 -1"><span class='ocrx_word' id='word_1_48' title='bbox 691 483 727 523; x_wconf 80' lang='lat'>1.</span> <span class='ocrx_word' id='word_1_49' title='bbox 750 482 805 524; x_wconf 89' lang='lat' dir='ltr'>G.</span> <span class='ocrx_word' id='word_1_50' title='bbox 817 478 962 523; x_wconf 85' lang='lat' dir='ltr'>Slufius</span> <span class='ocrx_word' id='word_1_51' title='bbox 973 506 987 521; x_wconf 86' lang='lat'>.</span> 
     </span>
    </p>
   </div>
   <div class='ocr_carea' id='block_1_4' title="bbox 270 592 1212 697">
    <p class='ocr_par' dir='ltr' id='par_1_4' title="bbox 270 592 1212 697">
     <span class='ocr_line' id='line_1_10' title="bbox 270 592 1212 652; baseline 0.001 -18"><span class='ocrx_word' id='word_1_52' title='bbox 270 595 394 644; x_wconf 57' lang='lat' dir='ltr'>&amp;we</span> <span class='ocrx_word' id='word_1_53' title='bbox 408 592 634 651; x_wconf 76' lang='lat' dir='ltr'>firmatum</span> <span class='ocrx_word' id='word_1_54' title='bbox 660 598 703 637; x_wconf 64' lang='lat' dir='ltr'>in</span> <span class='ocrx_word' id='word_1_55' title='bbox 714 595 834 638; x_wconf 76' lang='lat' dir='ltr'>Arc-b.</span> <span class='ocrx_word' id='word_1_56' title='bbox 853 607 942 652; x_wconf 73' lang='lat' dir='ltr'>gon.</span> <span class='ocrx_word' id='word_1_57' title='bbox 957 592 1050 638; x_wconf 69' lang='lat' dir='ltr'>ord.</span> <span class='ocrx_word' id='word_1_58' title='bbox 1066 595 1212 636; x_wconf 77' lang='lat' dir='ltr'>Arma-</span> 
     </span>
     <span class='ocr_line' id='line_1_11' title="bbox 327 651 804 697; baseline 0.006 -3"><span class='ocrx_word' id='word_1_59' title='bbox 327 651 387 694; x_wconf 83' lang='lat' dir='ltr'>rio</span> <span class='ocrx_word' id='word_1_60' title='bbox 400 652 590 697; x_wconf 76' lang='lat' dir='ltr'>Custodia</span> <span class='ocrx_word' id='word_1_61' title='bbox 606 653 780 697; x_wconf 77' lang='lat' dir='ltr'>Poloniae</span> <span class='ocrx_word' id='word_1_62' title='bbox 791 681 804 696; x_wconf 86' lang='grc'><strong>.</strong></span> 
     </span>
    </p>
   </div>
   <div class='ocr_carea' id='block_1_5' title="bbox 218 780 334 798">
    <p class='ocr_par' dir='ltr' id='par_1_5' title="bbox 218 780 334 798">
     <span class='ocr_line' id='line_1_12' title="bbox 218 780 334 798; baseline 0 0"><span class='ocrx_word' id='word_1_63' title='bbox 218 780 334 798; x_wconf 49' lang='grc' dir='ltr'>ὴ</span> 
     </span>
    </p>
   </div>
   <div class='ocr_carea' id='block_1_6' title="bbox 209 850 2263 937">
    <p class='ocr_par' dir='ltr' id='par_1_6' title="bbox 209 850 2263 937">
     <span class='ocr_line' id='line_1_13' title="bbox 209 850 2263 937; baseline -0.011 -2"><span class='ocrx_word' id='word_1_64' title='bbox 209 886 497 937; x_wconf 83' lang='lat' dir='ltr'>Provinciam</span> <span class='ocrx_word' id='word_1_65' title='bbox 527 881 850 935; x_wconf 81' lang='lat' dir='ltr'>Bononiensem</span> <span class='ocrx_word' id='word_1_66' title='bbox 876 885 900 934; x_wconf 64' lang='grc' dir='ltr'><strong>ἃ</strong></span> <span class='ocrx_word' id='word_1_67' title='bbox 932 901 1038 934; x_wconf 86' lang='lat' dir='ltr'>cura</span> <span class='ocrx_word' id='word_1_68' title='bbox 1066 881 1114 933; x_wconf 68' lang='grc' dir='ltr'>ὅ(</span> <span class='ocrx_word' id='word_1_69' title='bbox 1140 899 1204 930; x_wconf 88' lang='lat' dir='ltr'>re·</span> <span class='ocrx_word' id='word_1_70' title='bbox 1264 857 1289 905; x_wconf 85' lang='grc' dir='ltr'>Ῑ</span> <span class='ocrx_word' id='word_1_71' title='bbox 1306 856 1353 903; x_wconf 84' lang='lat' dir='ltr'>N</span> <span class='ocrx_word' id='word_1_72' title='bbox 1368 856 1417 904; x_wconf 83' lang='lat' dir='ltr'>N</span> <span class='ocrx_word' id='word_1_73' title='bbox 1433 854 1482 903; x_wconf 76' lang='grc' dir='ltr'>Ο</span> <span class='ocrx_word' id='word_1_74' title='bbox 1497 853 1652 901; x_wconf 78' lang='lat' dir='ltr'>CEN</span> <span class='ocrx_word' id='word_1_75' title='bbox 1668 850 1712 900; x_wconf 82' lang='lat' dir='ltr'>T</span> <span class='ocrx_word' id='word_1_76' title='bbox 1728 853 1753 899; x_wconf 89' lang='grc' dir='ltr'>Ῑ</span> <span class='ocrx_word' id='word_1_77' title='bbox 1769 851 1866 905; x_wconf 77' lang='lat' dir='ltr'>US</span> <span class='ocrx_word' id='word_1_78' title='bbox 1899 852 2104 904; x_wconf 77' lang='lat' dir='ltr'>PAPA</span> <span class='ocrx_word' id='word_1_79' title='bbox 2140 859 2263 907; x_wconf 88' lang='lat' dir='ltr'><strong>XII·</strong></span> 
     </span>
    </p>
   </div>
   <div class='ocr_carea' id='block_1_7' title="bbox 274 953 1204 1024">
    <p class='ocr_par' dir='ltr' id='par_1_7' title="bbox 274 953 1204 1024">
     <span class='ocr_line' id='line_1_14' title="bbox 274 953 1204 1024; baseline -0.006 -19"><span class='ocrx_word' id='word_1_80' title='bbox 274 956 445 1024; x_wconf 88' lang='lat' dir='ltr'>gimine</span> <span class='ocrx_word' id='word_1_81' title='bbox 464 958 787 1007; x_wconf 80' lang='lat' dir='ltr'>conventuum</span> <span class='ocrx_word' id='word_1_82' title='bbox 815 955 1010 1003; x_wconf 82' lang='lat' dir='ltr'>Poloniae</span> <span class='ocrx_word' id='word_1_83' title='bbox 1029 953 1204 1009; x_wconf 82' lang='lat' dir='ltr'>eximit,</span> 
     </span>
    </p>
   </div>
   <div class='ocr_carea' id='block_1_8' title="bbox 275 975 2062 1091">
    <p class='ocr_par' dir='ltr' id='par_1_8' title="bbox 275 975 2062 1091">
     <span class='ocr_line' id='line_1_15' title="bbox 466 975 2062 1037; baseline -0.008 -5"><span class='ocrx_word' id='word_1_84' title='bbox 466 1025 478 1037; x_wconf 87' lang='lat'><strong>.</strong></span> <span class='ocrx_word' id='word_1_85' title='bbox 636 1021 647 1030; x_wconf 92' lang='lat'><em>.</em></span> <span class='ocrx_word' id='word_1_86' title='bbox 892 1022 901 1032; x_wconf 92' lang='lat'><em>.</em></span> <span class='ocrx_word' id='word_1_87' title='bbox 1458 975 1717 1036; x_wconf 56' lang='lat' dir='ltr'>„adfuturam</span> <span class='ocrx_word' id='word_1_88' title='bbox 1730 978 1792 1018; x_wconf 70' lang='lat' dir='ltr'>rei</span> <span class='ocrx_word' id='word_1_89' title='bbox 1805 980 2031 1021; x_wconf 77' lang='lat' dir='ltr'><em>memoriam</em></span> <span class='ocrx_word' id='word_1_90' title='bbox 2049 1009 2062 1023; x_wconf 90' lang='lat'><strong>.</strong></span> 
     </span>
     <span class='ocr_line' id='line_1_16' title="bbox 275 1019 1202 1091; baseline -0.005 -17"><span class='ocrx_word' id='word_1_91' title='bbox 275 1023 443 1091; x_wconf 84' lang='lat' dir='ltr'>hosque</span> <span class='ocrx_word' id='word_1_92' title='bbox 462 1019 725 1072; x_wconf 71' lang='lat' dir='ltr'>immediato</span> <span class='ocrx_word' id='word_1_93' title='bbox 743 1023 1035 1086; x_wconf 69' lang='lat' dir='ltr'>Super-iorum</span> <span class='ocrx_word' id='word_1_94' title='bbox 1055 1024 1202 1070; x_wconf 80' lang='lat' dir='ltr'>Gene-</span> 
     </span>
    </p>
   </div>
   <div class='ocr_carea' id='block_1_9' title="bbox 278 1085 910 1161">
    <p class='ocr_par' dir='ltr' id='par_1_9' title="bbox 278 1085 910 1161">
     <span class='ocr_line' id='line_1_17' title="bbox 278 1085 910 1161; baseline 0 -19"><span class='ocrx_word' id='word_1_95' title='bbox 278 1094 441 1143; x_wconf 76' lang='lat' dir='ltr'>talium</span> <span class='ocrx_word' id='word_1_96' title='bbox 470 1089 694 1161; x_wconf 81' lang='lat' dir='ltr'>gubernio</span> <span class='ocrx_word' id='word_1_97' title='bbox 709 1085 885 1154; x_wconf 88' lang='lat' dir='ltr'>subjicit</span> <span class='ocrx_word' id='word_1_98' title='bbox 896 1126 910 1142; x_wconf 87' lang='lat'><strong>.</strong></span> 
     </span>
    </p>
   </div>
   <div class='ocr_carea' id='block_1_10' title="bbox 204 1276 1197 1343">
    <p class='ocr_par' dir='ltr' id='par_1_10' title="bbox 204 1276 1197 1343">
     <span class='ocr_line' id='line_1_18' title="bbox 204 1276 1197 1343; baseline 0.001 -17"><span class='ocrx_word' id='word_1_99' title='bbox 204 1276 843 1332; x_wconf 81' lang='lat' dir='ltr'>INNOCENTIUS</span> <span class='ocrx_word' id='word_1_100' title='bbox 880 1280 1061 1343; x_wconf 67' lang='lat' dir='ltr'>⁴PAPA</span> <span class='ocrx_word' id='word_1_101' title='bbox 1103 1279 1197 1328; x_wconf 87' lang='lat' dir='ltr'>XI.</span> 
     </span>
    </p>
   </div>
   <div class='ocr_carea' id='block_1_11' title="bbox 391 1462 1008 1524">
    <p class='ocr_par' dir='ltr' id='par_1_11' title="bbox 391 1462 1008 1524">
     <span class='ocr_line' id='line_1_19' title="bbox 391 1462 1008 1524; baseline -0.005 -17"><span class='ocrx_word' id='word_1_102' title='bbox 391 1463 459 1507; x_wconf 81' lang='lat' dir='ltr'>Ad</span> <span class='ocrx_word' id='word_1_103' title='bbox 468 1462 660 1524; x_wconf 80' lang='lat' dir='ltr'>suturam</span> <span class='ocrx_word' id='word_1_104' title='bbox 681 1464 740 1506; x_wconf 82' lang='lat' dir='ltr'>m·</span> <span class='ocrx_word' id='word_1_105' title='bbox 764 1465 983 1508; x_wconf 78' lang='lat' dir='ltr'>memoriam</span> <span class='ocrx_word' id='word_1_106' title='bbox 997 1492 1008 1504; x_wconf 91' lang='lat'><strong><em>.</em></strong></span> 
     </span>
    </p>
   </div>
   <div class='ocr_carea' id='block_1_12' title="bbox 185 1634 1186 3610">
    <p class='ocr_par' dir='ltr' id='par_1_12' title="bbox 185 1634 1186 3610">
     <span class='ocr_line' id='line_1_20' title="bbox 201 1634 1186 1749; baseline 0.003 -70"><span class='ocrx_word' id='word_1_107' title='bbox 201 1634 419 1749; x_wconf 68' lang='lat' dir='ltr'>Atiis</span> <span class='ocrx_word' id='word_1_108' title='bbox 432 1651 507 1693; x_wconf 89' lang='lat' dir='ltr'>pro</span> <span class='ocrx_word' id='word_1_109' title='bbox 521 1644 635 1694; x_wconf 80' lang='lat' dir='ltr'>parte</span> <span class='ocrx_word' id='word_1_110' title='bbox 654 1645 749 1683; x_wconf 85' lang='lat' dir='ltr'>tunc</span> <span class='ocrx_word' id='word_1_111' title='bbox 769 1638 970 1683; x_wconf 79' lang='lat' dir='ltr'>existentis</span> <span class='ocrx_word' id='word_1_112' title='bbox 985 1637 1186 1682; x_wconf 86' lang='lat' dir='ltr'>Commis-</span> 
     </span>
     <span class='ocr_line' id='line_1_21' title="bbox 354 1694 1183 1748; baseline 0.002 -12"><span class='ocrx_word' id='word_1_113' title='bbox 354 1694 440 1737; x_wconf 87' lang='lat' dir='ltr'>sarii</span> <span class='ocrx_word' id='word_1_114' title='bbox 457 1698 697 1748; x_wconf 74' lang='lat' dir='ltr'>Generalis,</span> <span class='ocrx_word' id='word_1_115' title='bbox 723 1699 886 1740; x_wconf 79' lang='lat' dir='ltr'>Ordinis</span> <span class='ocrx_word' id='word_1_116' title='bbox 914 1699 1042 1741; x_wconf 67' lang='lat' dir='ltr'>saneti</span> <span class='ocrx_word' id='word_1_117' title='bbox 1058 1700 1183 1739; x_wconf 78' lang='lat' dir='ltr'>Fran-</span> 
     </span>
     <span class='ocr_line' id='line_1_22' title="bbox 199 1751 1183 1810; baseline 0.004 -18"><span class='ocrx_word' id='word_1_118' title='bbox 199 1751 293 1794; x_wconf 88' lang='lat' dir='ltr'>cisci</span> <span class='ocrx_word' id='word_1_119' title='bbox 319 1754 503 1796; x_wconf 81' lang='lat' dir='ltr'>Fratrum</span> <span class='ocrx_word' id='word_1_120' title='bbox 532 1755 732 1797; x_wconf 87' lang='lat' dir='ltr'>Minorum</span> <span class='ocrx_word' id='word_1_121' title='bbox 757 1755 1055 1810; x_wconf 82' lang='lat' dir='ltr'>Capucinorum</span> <span class='ocrx_word' id='word_1_122' title='bbox 1080 1768 1183 1796; x_wconf 90' lang='lat' dir='ltr'>nun-</span> 
     </span>
     <span class='ocr_line' id='line_1_23' title="bbox 200 1813 1186 1868; baseline 0.006 -19"><span class='ocrx_word' id='word_1_123' title='bbox 200 1819 437 1864; x_wconf 79' lang='lat' dir='ltr'>cupatorum</span> <span class='ocrx_word' id='word_1_124' title='bbox 466 1813 592 1855; x_wconf 88' lang='lat' dir='ltr'>Nobis</span> <span class='ocrx_word' id='word_1_125' title='bbox 623 1813 798 1868; x_wconf 79' lang='lat' dir='ltr'>expossto</span> <span class='ocrx_word' id='word_1_126' title='bbox 819 1842 833 1864; x_wconf 88' lang='lat'>‚</span> <span class='ocrx_word' id='word_1_127' title='bbox 875 1813 983 1867; x_wconf 91' lang='lat' dir='ltr'>quod</span> <span class='ocrx_word' id='word_1_128' title='bbox 1005 1842 1020 1863; x_wconf 93' lang='lat'>,</span> <span class='ocrx_word' id='word_1_129' title='bbox 1060 1827 1186 1855; x_wconf 68' lang='lat' dir='ltr'>cum.»</span> 
     </span>
     <span class='ocr_line' id='line_1_24' title="bbox 198 1868 1183 1926; baseline 0.006 -19"><span class='ocrx_word' id='word_1_130' title='bbox 198 1868 459 1912; x_wconf 77' lang='lat' dir='ltr'>Chariffimus</span> <span class='ocrx_word' id='word_1_131' title='bbox 474 1870 510 1912; x_wconf 88' lang='lat' dir='ltr'>in</span> <span class='ocrx_word' id='word_1_132' title='bbox 525 1870 685 1913; x_wconf 87' lang='lat' dir='ltr'>Christo</span> <span class='ocrx_word' id='word_1_133' title='bbox 708 1871 828 1914; x_wconf 84' lang='lat' dir='ltr'>Filius</span> <span class='ocrx_word' id='word_1_134' title='bbox 842 1871 987 1922; x_wconf 78' lang='lat' dir='ltr'>noster,</span> <span class='ocrx_word' id='word_1_135' title='bbox 998 1872 1183 1926; x_wconf 78' lang='lat' dir='ltr'>Joannes,</span> 
     </span>
     <span class='ocr_line' id='line_1_25' title="bbox 193 1923 1180 1986; baseline 0.007 -22"><span class='ocrx_word' id='word_1_136' title='bbox 193 1923 373 1968; x_wconf 85' lang='lat' dir='ltr'>Poloniae</span> <span class='ocrx_word' id='word_1_137' title='bbox 390 1929 478 1970; x_wconf 86' lang='lat' dir='ltr'>Rex</span> <span class='ocrx_word' id='word_1_138' title='bbox 496 1928 680 1979; x_wconf 84' lang='lat' dir='ltr'>Illustris,</span> <span class='ocrx_word' id='word_1_139' title='bbox 696 1942 769 1984; x_wconf 87' lang='lat' dir='ltr'>pro</span> <span class='ocrx_word' id='word_1_140' title='bbox 794 1926 977 1983; x_wconf 78' lang='lat' dir='ltr'>fingulari</span> <span class='ocrx_word' id='word_1_141' title='bbox 998 1932 1061 1972; x_wconf 82' lang='lat' dir='ltr'>sua</span> <span class='ocrx_word' id='word_1_142' title='bbox 1086 1943 1180 1986; x_wconf 86' lang='lat' dir='ltr'>erga</span> 
     </span>
     <span class='ocr_line' id='line_1_26' title="bbox 195 1980 1183 2044; baseline 0.007 -22"><span class='ocrx_word' id='word_1_143' title='bbox 195 1980 341 2024; x_wconf 61' lang='lat' dir='ltr'>dietum</span> <span class='ocrx_word' id='word_1_144' title='bbox 363 1986 559 2028; x_wconf 78' lang='lat' dir='ltr'>Ordinem</span> <span class='ocrx_word' id='word_1_145' title='bbox 584 1987 804 2030; x_wconf 85' lang='lat' dir='ltr'>devotione</span> <span class='ocrx_word' id='word_1_146' title='bbox 821 1989 982 2030; x_wconf 84' lang='lat' dir='ltr'>Fratres</span> <span class='ocrx_word' id='word_1_147' title='bbox 1007 1987 1183 2044; x_wconf 88' lang='lat' dir='ltr'>ejusdem</span> 
     </span>
     <span class='ocr_line' id='line_1_27' title="bbox 195 2038 1183 2102; baseline 0.006 -20"><span class='ocrx_word' id='word_1_148' title='bbox 195 2038 360 2083; x_wconf 84' lang='lat' dir='ltr'>Ordinis</span> <span class='ocrx_word' id='word_1_149' title='bbox 377 2043 414 2084; x_wconf 90' lang='lat' dir='ltr'>in</span> <span class='ocrx_word' id='word_1_150' title='bbox 434 2045 615 2098; x_wconf 84' lang='lat' dir='ltr'>Regnum</span> <span class='ocrx_word' id='word_1_151' title='bbox 631 2045 807 2088; x_wconf 80' lang='lat' dir='ltr'>Poloniae</span> <span class='ocrx_word' id='word_1_152' title='bbox 824 2046 989 2096; x_wconf 84' lang='lat' dir='ltr'>induci,</span> <span class='ocrx_word' id='word_1_153' title='bbox 1020 2047 1183 2102; x_wconf 83' lang='lat' dir='ltr'>duoque</span> 
     </span>
     <span class='ocr_line' id='line_1_28' title="bbox 192 2097 1183 2158; baseline 0.006 -18"><span class='ocrx_word' id='word_1_154' title='bbox 192 2110 272 2154; x_wconf 81' lang='lat' dir='ltr'>pro</span> <span class='ocrx_word' id='word_1_155' title='bbox 289 2097 367 2140; x_wconf 86' lang='lat' dir='ltr'>illis</span> <span class='ocrx_word' id='word_1_156' title='bbox 394 2100 588 2155; x_wconf 84' lang='lat' dir='ltr'>hospitia,</span> <span class='ocrx_word' id='word_1_157' title='bbox 622 2115 743 2146; x_wconf 88' lang='lat' dir='ltr'>unum</span> <span class='ocrx_word' id='word_1_158' title='bbox 758 2103 922 2158; x_wconf 90' lang='lat' dir='ltr'>quidem</span> <span class='ocrx_word' id='word_1_159' title='bbox 949 2106 988 2145; x_wconf 91' lang='lat' dir='ltr'>in</span> <span class='ocrx_word' id='word_1_160' title='bbox 1003 2104 1183 2147; x_wconf 75' lang='lat' dir='ltr'>Civitate</span> 
     </span>
     <span class='ocr_line' id='line_1_29' title="bbox 193 2157 1182 2217; baseline 0.005 -18"><span class='ocrx_word' id='word_1_161' title='bbox 193 2157 449 2199; x_wconf 76' lang='lat' dir='ltr'>cracoviensi</span> <span class='ocrx_word' id='word_1_162' title='bbox 465 2187 478 2209; x_wconf 90' lang='lat'>,</span> <span class='ocrx_word' id='word_1_163' title='bbox 508 2159 681 2202; x_wconf 86' lang='lat' dir='ltr'>alterum</span> <span class='ocrx_word' id='word_1_164' title='bbox 708 2164 804 2204; x_wconf 79' lang='lat' dir='ltr'>vero</span> <span class='ocrx_word' id='word_1_165' title='bbox 825 2161 863 2202; x_wconf 88' lang='lat' dir='ltr'>in</span> <span class='ocrx_word' id='word_1_166' title='bbox 878 2162 1026 2217; x_wconf 91' lang='lat' dir='ltr'>oppido</span> <span class='ocrx_word' id='word_1_167' title='bbox 1038 2161 1182 2205; x_wconf 88' lang='lat' dir='ltr'>Varsa-</span> 
     </span>
     <span class='ocr_line' id='line_1_30' title="bbox 192 2213 1182 2275; baseline 0.006 -19"><span class='ocrx_word' id='word_1_168' title='bbox 192 2213 265 2256; x_wconf 83' lang='lat' dir='ltr'>viae</span> <span class='ocrx_word' id='word_1_169' title='bbox 284 2216 516 2259; x_wconf 82' lang='lat' dir='ltr'>Posnanien.</span> <span class='ocrx_word' id='word_1_170' title='bbox 534 2218 725 2262; x_wconf 82' lang='lat' dir='ltr'>Dioecelis</span> <span class='ocrx_word' id='word_1_171' title='bbox 741 2248 755 2271; x_wconf 89' lang='lat'><strong>,</strong></span> <span class='ocrx_word' id='word_1_172' title='bbox 769 2219 867 2274; x_wconf 84' lang='lat' dir='ltr'>erigi</span> <span class='ocrx_word' id='word_1_173' title='bbox 883 2221 1081 2263; x_wconf 82' lang='lat' dir='ltr'>&amp;institui</span> <span class='ocrx_word' id='word_1_174' title='bbox 1092 2221 1182 2275; x_wconf 83' lang='lat' dir='ltr'>plu-</span> 
     </span>
     <span class='ocr_line' id='line_1_31' title="bbox 192 2272 1182 2334; baseline 0.009 -22"><span class='ocrx_word' id='word_1_175' title='bbox 192 2272 335 2314; x_wconf 77' lang='lat' dir='ltr'>rimum</span> <span class='ocrx_word' id='word_1_176' title='bbox 357 2274 607 2318; x_wconf 76' lang='lat' dir='ltr'>desideraret</span> <span class='ocrx_word' id='word_1_177' title='bbox 626 2304 639 2325; x_wconf 88' lang='lat'><strong>,</strong></span> <span class='ocrx_word' id='word_1_178' title='bbox 674 2276 960 2320; x_wconf 85' lang='lat' dir='ltr'>Definitorium</span> <span class='ocrx_word' id='word_1_179' title='bbox 994 2278 1182 2334; x_wconf 83' lang='lat' dir='ltr'>generale</span> 
     </span>
     <span class='ocr_line' id='line_1_32' title="bbox 191 2329 1179 2393; baseline 0.008 -21"><span class='ocrx_word' id='word_1_180' title='bbox 191 2330 286 2372; x_wconf 67' lang='lat' dir='ltr'>dini</span> <span class='ocrx_word' id='word_1_181' title='bbox 299 2330 462 2374; x_wconf 88' lang='lat' dir='ltr'>Ordinis</span> <span class='ocrx_word' id='word_1_182' title='bbox 479 2332 586 2373; x_wconf 74' lang='lat' dir='ltr'>{uum</span> <span class='ocrx_word' id='word_1_183' title='bbox 599 2329 714 2388; x_wconf 88' lang='lat' dir='ltr'>super</span> <span class='ocrx_word' id='word_1_184' title='bbox 726 2348 773 2377; x_wconf 86' lang='lat' dir='ltr'>ea</span> <span class='ocrx_word' id='word_1_185' title='bbox 789 2349 832 2377; x_wconf 88' lang='lat' dir='ltr'>re</span> <span class='ocrx_word' id='word_1_186' title='bbox 847 2336 1073 2380; x_wconf 82' lang='lat' dir='ltr'>consensum</span> <span class='ocrx_word' id='word_1_187' title='bbox 1085 2351 1179 2393; x_wconf 64' lang='lat' dir='ltr'>prp-</span> 
     </span>
     <span class='ocr_line' id='line_1_33' title="bbox 189 2385 1182 2444; baseline 0.007 -14"><span class='ocrx_word' id='word_1_188' title='bbox 189 2385 376 2438; x_wconf 82' lang='lat' dir='ltr'>stiterat,</span> <span class='ocrx_word' id='word_1_189' title='bbox 409 2389 531 2444; x_wconf 90' lang='lat' dir='ltr'>idque</span> <span class='ocrx_word' id='word_1_190' title='bbox 558 2391 678 2434; x_wconf 86' lang='lat' dir='ltr'>etiam</span> <span class='ocrx_word' id='word_1_191' title='bbox 704 2392 725 2434; x_wconf 72' lang='lat' dir='ltr'>i</span> <span class='ocrx_word' id='word_1_192' title='bbox 742 2394 904 2436; x_wconf 68' lang='lat' dir='ltr'>Dileeio</span> <span class='ocrx_word' id='word_1_193' title='bbox 919 2396 1024 2438; x_wconf 82' lang='lat' dir='ltr'>Filio</span> <span class='ocrx_word' id='word_1_194' title='bbox 1050 2396 1182 2437; x_wconf 88' lang='lat' dir='ltr'>nostro</span> 
     </span>
     <span class='ocr_line' id='line_1_34' title="bbox 190 2445 1180 2512; baseline 0.006 -24"><span class='ocrx_word' id='word_1_195' title='bbox 190 2445 409 2512; x_wconf 70' lang='lat' dir='ltr'>Felice-,S-</span> <span class='ocrx_word' id='word_1_196' title='bbox 434 2449 487 2490; x_wconf 90' lang='lat' dir='ltr'>R.</span> <span class='ocrx_word' id='word_1_197' title='bbox 516 2449 564 2489; x_wconf 81' lang='lat' dir='ltr'>E.</span> <span class='ocrx_word' id='word_1_198' title='bbox 591 2450 772 2493; x_wconf 87' lang='lat' dir='ltr'>Diacono</span> <span class='ocrx_word' id='word_1_199' title='bbox 793 2453 1008 2497; x_wconf 77' lang='lat' dir='ltr'>cardinale</span> <span class='ocrx_word' id='word_1_200' title='bbox 1034 2453 1180 2508; x_wconf 89' lang='lat' dir='ltr'>Rospi·</span> 
     </span>
     <span class='ocr_line' id='line_1_35' title="bbox 189 2503 1175 2568; baseline 0.012 -26"><span class='ocrx_word' id='word_1_201' title='bbox 189 2503 340 2568; x_wconf 82' lang='lat' dir='ltr'>ghoso,</span> <span class='ocrx_word' id='word_1_202' title='bbox 368 2513 464 2546; x_wconf 77' lang='lat' dir='ltr'>tvnc</span> <span class='ocrx_word' id='word_1_203' title='bbox 483 2506 619 2549; x_wconf 86' lang='lat' dir='ltr'>Felice</span> <span class='ocrx_word' id='word_1_204' title='bbox 631 2520 861 2566; x_wconf 87' lang='lat' dir='ltr'>nuncupato</span> <span class='ocrx_word' id='word_1_205' title='bbox 874 2539 888 2562; x_wconf 84' lang='lat'>,</span> <span class='ocrx_word' id='word_1_206' title='bbox 902 2510 1063 2555; x_wconf 81' lang='lat' dir='ltr'>Ordinis</span> <span class='ocrx_word' id='word_1_207' title='bbox 1077 2526 1175 2568; x_wconf 85' lang='lat' dir='ltr'>prae-</span> 
     </span>
     <span class='ocr_line' id='line_1_36' title="bbox 191 2561 1175 2624; baseline 0.009 -21"><span class='ocrx_word' id='word_1_208' title='bbox 191 2562 264 2603; x_wconf 78' lang='lat' dir='ltr'>sati</span> <span class='ocrx_word' id='word_1_209' title='bbox 286 2561 394 2615; x_wconf 75' lang='lat' dir='ltr'>apud</span> <span class='ocrx_word' id='word_1_210' title='bbox 414 2565 524 2614; x_wconf 86' lang='lat' dir='ltr'>Nos,</span> <span class='ocrx_word' id='word_1_211' title='bbox 557 2565 596 2606; x_wconf 72' lang='grc' dir='ltr'>δε</span> <span class='ocrx_word' id='word_1_212' title='bbox 609 2565 754 2609; x_wconf 89' lang='lat' dir='ltr'>Sedem</span> <span class='ocrx_word' id='word_1_213' title='bbox 768 2568 1032 2624; x_wconf 86' lang='lat' dir='ltr'>Apostolicam</span> <span class='ocrx_word' id='word_1_214' title='bbox 1048 2573 1175 2612; x_wconf 85' lang='lat' dir='ltr'>Com·</span> 
     </span>
     <span class='ocr_line' id='line_1_37' title="bbox 188 2620 1176 2684; baseline 0.01 -23"><span class='ocrx_word' id='word_1_215' title='bbox 188 2620 418 2675; x_wconf 61' lang='lat' dir='ltr'>protestore</span> <span class='ocrx_word' id='word_1_216' title='bbox 458 2623 724 2677; x_wconf 76' lang='lat' dir='ltr'>approbatum</span> <span class='ocrx_word' id='word_1_217' title='bbox 763 2625 895 2669; x_wconf 82' lang='lat' dir='ltr'>suerat</span> <span class='ocrx_word' id='word_1_218' title='bbox 922 2655 937 2678; x_wconf 83' lang='lat'>‚</span> <span class='ocrx_word' id='word_1_219' title='bbox 979 2631 1062 2671; x_wconf 84' lang='lat' dir='ltr'>Nos</span> <span class='ocrx_word' id='word_1_220' title='bbox 1102 2628 1176 2684; x_wconf 87' lang='lat' dir='ltr'>piis</span> 
     </span>
     <span class='ocr_line' id='line_1_38' title="bbox 188 2679 1176 2737; baseline 0.008 -17"><span class='ocrx_word' id='word_1_221' title='bbox 188 2679 398 2720; x_wconf 75' lang='lat' dir='ltr'>memorati</span> <span class='ocrx_word' id='word_1_222' title='bbox 419 2680 580 2734; x_wconf 85' lang='lat' dir='ltr'>Joannis</span> <span class='ocrx_word' id='word_1_223' title='bbox 604 2682 731 2737; x_wconf 84' lang='lat' dir='ltr'>Regis</span> <span class='ocrx_word' id='word_1_224' title='bbox 764 2686 871 2728; x_wconf 85' lang='lat' dir='ltr'>votis</span> <span class='ocrx_word' id='word_1_225' title='bbox 901 2683 1176 2730; x_wconf 82' lang='lat' dir='ltr'>favorabiliter</span> 
     </span>
     <span class='ocr_line' id='line_1_39' title="bbox 187 2737 1176 2802; baseline 0.01 -25"><span class='ocrx_word' id='word_1_226' title='bbox 187 2747 364 2800; x_wconf 78' lang='lat' dir='ltr'>annuere</span> <span class='ocrx_word' id='word_1_227' title='bbox 387 2737 598 2791; x_wconf 78' lang='lat' dir='ltr'>volentes,</span> <span class='ocrx_word' id='word_1_228' title='bbox 627 2738 978 2796; x_wconf 84' lang='lat' dir='ltr'>supplicationibus</span> <span class='ocrx_word' id='word_1_229' title='bbox 1001 2745 1176 2802; x_wconf 87' lang='lat' dir='ltr'>ejusdem</span> 
     </span>
     <span class='ocr_line' id='line_1_40' title="bbox 188 2791 1175 2857; baseline 0.009 -23"><span class='ocrx_word' id='word_1_230' title='bbox 188 2791 455 2837; x_wconf 71' lang='lat' dir='ltr'>Commissarii</span> <span class='ocrx_word' id='word_1_231' title='bbox 468 2797 681 2840; x_wconf 79' lang='lat' dir='ltr'>Generalis</span> <span class='ocrx_word' id='word_1_232' title='bbox 699 2800 827 2842; x_wconf 82' lang='lat' dir='ltr'>Nobis</span> <span class='ocrx_word' id='word_1_233' title='bbox 855 2809 949 2844; x_wconf 88' lang='lat' dir='ltr'>tunc</span> <span class='ocrx_word' id='word_1_234' title='bbox 973 2800 1085 2857; x_wconf 86' lang='lat' dir='ltr'>super</span> <span class='ocrx_word' id='word_1_235' title='bbox 1099 2804 1175 2843; x_wconf 84' lang='lat' dir='ltr'>hoc</span> 
     </span>
     <span class='ocr_line' id='line_1_41' title="bbox 187 2850 1176 2912; baseline 0.007 -19"><span class='ocrx_word' id='word_1_236' title='bbox 187 2850 397 2893; x_wconf 82' lang='lat' dir='ltr'>humiliter</span> <span class='ocrx_word' id='word_1_237' title='bbox 410 2856 600 2906; x_wconf 64' lang='lat' dir='ltr'>porrefilis</span> <span class='ocrx_word' id='word_1_238' title='bbox 618 2854 808 2907; x_wconf 85' lang='lat' dir='ltr'>inclinati,</span> <span class='ocrx_word' id='word_1_239' title='bbox 822 2857 888 2912; x_wconf 78' lang='lat' dir='ltr'>ipsi</span> <span class='ocrx_word' id='word_1_240' title='bbox 902 2858 1176 2901; x_wconf 81' lang='lat' dir='ltr'>Commiffario</span> 
     </span>
     <span class='ocr_line' id='line_1_42' title="bbox 187 2909 1176 2970; baseline 0.006 -18"><span class='ocrx_word' id='word_1_241' title='bbox 187 2909 382 2953; x_wconf 83' lang='lat' dir='ltr'>Generali</span> <span class='ocrx_word' id='word_1_242' title='bbox 394 2909 475 2951; x_wconf 89' lang='lat' dir='ltr'>duo</span> <span class='ocrx_word' id='word_1_243' title='bbox 491 2913 674 2970; x_wconf 85' lang='lat' dir='ltr'>Hospitia</span> <span class='ocrx_word' id='word_1_244' title='bbox 687 2927 762 2968; x_wconf 89' lang='lat' dir='ltr'>pro</span> <span class='ocrx_word' id='word_1_245' title='bbox 787 2917 863 2958; x_wconf 84' lang='lat' dir='ltr'>FF.</span> <span class='ocrx_word' id='word_1_246' title='bbox 877 2915 970 2958; x_wconf 68' lang='lat' dir='ltr'>dieti</span> <span class='ocrx_word' id='word_1_247' title='bbox 983 2917 1147 2960; x_wconf 87' lang='lat' dir='ltr'>Ordinis</span> <span class='ocrx_word' id='word_1_248' title='bbox 1162 2942 1176 2965; x_wconf 67' lang='lat'>2</span> 
     </span>
     <span class='ocr_line' id='line_1_43' title="bbox 188 2968 1178 3026; baseline 0.01 -19"><span class='ocrx_word' id='word_1_249' title='bbox 188 2979 310 3008; x_wconf 86' lang='lat' dir='ltr'>unum</span> <span class='ocrx_word' id='word_1_250' title='bbox 322 2968 487 3021; x_wconf 89' lang='lat' dir='ltr'>quidem</span> <span class='ocrx_word' id='word_1_251' title='bbox 516 2971 554 3013; x_wconf 90' lang='lat' dir='ltr'>in</span> <span class='ocrx_word' id='word_1_252' title='bbox 572 2971 754 3014; x_wconf 85' lang='lat' dir='ltr'>Civitate</span> <span class='ocrx_word' id='word_1_253' title='bbox 764 2974 1018 3017; x_wconf 71' lang='lat' dir='ltr'>Cracovienfi</span> <span class='ocrx_word' id='word_1_254' title='bbox 1031 3005 1046 3026; x_wconf 92' lang='lat'>,</span> <span class='ocrx_word' id='word_1_255' title='bbox 1076 2975 1178 3018; x_wconf 85' lang='lat' dir='ltr'>alte-</span> 
     </span>
     <span class='ocr_line' id='line_1_44' title="bbox 188 3026 1180 3086; baseline 0.009 -21"><span class='ocrx_word' id='word_1_256' title='bbox 188 3037 277 3065; x_wconf 83' lang='lat' dir='ltr'>rum</span> <span class='ocrx_word' id='word_1_257' title='bbox 290 3026 386 3066; x_wconf 78' lang='lat' dir='ltr'>vero</span> <span class='ocrx_word' id='word_1_258' title='bbox 400 3026 436 3068; x_wconf 88' lang='lat' dir='ltr'>in</span> <span class='ocrx_word' id='word_1_259' title='bbox 451 3028 612 3085; x_wconf 89' lang='lat' dir='ltr'>Oppido</span> <span class='ocrx_word' id='word_1_260' title='bbox 627 3028 824 3074; x_wconf 81' lang='lat' dir='ltr'>Varsaviae</span> <span class='ocrx_word' id='word_1_261' title='bbox 838 3033 1028 3086; x_wconf 56' lang='lat' dir='ltr'>praedietis</span> <span class='ocrx_word' id='word_1_262' title='bbox 1041 3063 1056 3084; x_wconf 94' lang='lat'>,</span> <span class='ocrx_word' id='word_1_263' title='bbox 1068 3033 1180 3076; x_wconf 87' lang='lat' dir='ltr'>dum—</span> 
     </span>
     <span class='ocr_line' id='line_1_45' title="bbox 187 3080 1179 3146; baseline 0.01 -23"><span class='ocrx_word' id='word_1_264' title='bbox 187 3080 313 3124; x_wconf 88' lang='lat' dir='ltr'>modo</span> <span class='ocrx_word' id='word_1_265' title='bbox 329 3094 462 3128; x_wconf 86' lang='lat' dir='ltr'>tamen</span> <span class='ocrx_word' id='word_1_266' title='bbox 473 3088 776 3130; x_wconf 78' lang='lat' dir='ltr'>ordinariorum</span> <span class='ocrx_word' id='word_1_267' title='bbox 803 3091 982 3133; x_wconf 87' lang='lat' dir='ltr'>locorum</span> <span class='ocrx_word' id='word_1_268' title='bbox 999 3091 1179 3146; x_wconf 69' lang='lat' dir='ltr'>respeffl-</span> 
     </span>
     <span class='ocr_line' id='line_1_46' title="bbox 187 3139 1179 3205; baseline 0.012 -24"><span class='ocrx_word' id='word_1_269' title='bbox 187 3139 240 3182; x_wconf 74' lang='lat' dir='ltr'>ve</span> <span class='ocrx_word' id='word_1_270' title='bbox 256 3142 470 3186; x_wconf 80' lang='lat' dir='ltr'>accederet</span> <span class='ocrx_word' id='word_1_271' title='bbox 485 3144 647 3189; x_wconf 73' lang='lat' dir='ltr'>assensus</span> <span class='ocrx_word' id='word_1_272' title='bbox 663 3176 680 3197; x_wconf 93' lang='lat'>‚</span> <span class='ocrx_word' id='word_1_273' title='bbox 705 3147 828 3189; x_wconf 73' lang='lat' dir='ltr'>etiam</span> <span class='ocrx_word' id='word_1_274' title='bbox 845 3149 957 3191; x_wconf 91' lang='lat' dir='ltr'>nullo</span> <span class='ocrx_word' id='word_1_275' title='bbox 978 3149 1179 3205; x_wconf 77' lang='lat' dir='ltr'>requisito,</span> 
     </span>
     <span class='ocr_line' id='line_1_47' title="bbox 185 3197 1174 3263; baseline 0.012 -23"><span class='ocrx_word' id='word_1_276' title='bbox 185 3210 263 3240; x_wconf 85' lang='lat' dir='ltr'>nee</span> <span class='ocrx_word' id='word_1_277' title='bbox 289 3197 456 3255; x_wconf 82' lang='lat' dir='ltr'>desuper</span> <span class='ocrx_word' id='word_1_278' title='bbox 493 3204 785 3246; x_wconf 84' lang='lat' dir='ltr'>interveniente</span> <span class='ocrx_word' id='word_1_279' title='bbox 811 3220 1174 3263; x_wconf 56' lang='lat' dir='ltr'>quorumcunque,</span> 
     </span>
     <span class='ocr_line' id='line_1_48' title="bbox 186 3257 1173 3318; baseline 0.011 -20"><span class='ocrx_word' id='word_1_280' title='bbox 186 3257 454 3309; x_wconf 84' lang='lat' dir='ltr'>Regularium</span> <span class='ocrx_word' id='word_1_281' title='bbox 476 3262 516 3303; x_wconf 88' lang='lat' dir='ltr'>in</span> <span class='ocrx_word' id='word_1_282' title='bbox 547 3262 739 3304; x_wconf 87' lang='lat' dir='ltr'>Domibus</span> <span class='ocrx_word' id='word_1_283' title='bbox 759 3264 1010 3318; x_wconf 84' lang='lat' dir='ltr'>regularibus</span> <span class='ocrx_word' id='word_1_284' title='bbox 1036 3267 1173 3309; x_wconf 87' lang='lat' dir='ltr'>vicinis</span> 
     </span>
     <span class='ocr_line' id='line_1_49' title="bbox 186 3313 1174 3380; baseline 0.011 -26"><span class='ocrx_word' id='word_1_285' title='bbox 186 3313 425 3380; x_wconf 72' lang='lat' dir='ltr'>degentium</span> <span class='ocrx_word' id='word_1_286' title='bbox 440 3318 630 3363; x_wconf 86' lang='lat' dir='ltr'>consensu</span> <span class='ocrx_word' id='word_1_287' title='bbox 641 3350 656 3375; x_wconf 81' lang='lat'>,</span> <span class='ocrx_word' id='word_1_288' title='bbox 672 3322 726 3363; x_wconf 79' lang='lat' dir='ltr'>ita</span> <span class='ocrx_word' id='word_1_289' title='bbox 738 3332 873 3364; x_wconf 88' lang='lat' dir='ltr'>tamen</span> <span class='ocrx_word' id='word_1_290' title='bbox 885 3349 898 3371; x_wconf 68' lang='lat' dir='ltr'>a</span> <span class='ocrx_word' id='word_1_291' title='bbox 915 3333 959 3366; x_wconf 87' lang='lat' dir='ltr'>ut</span> <span class='ocrx_word' id='word_1_292' title='bbox 971 3324 1054 3366; x_wconf 92' lang='lat' dir='ltr'>duo</span> <span class='ocrx_word' id='word_1_293' title='bbox 1068 3321 1174 3366; x_wconf 86' lang='lat' dir='ltr'>Hos-</span> 
     </span>
     <span class='ocr_line' id='line_1_50' title="bbox 188 3370 1173 3436; baseline 0.012 -24"><span class='ocrx_word' id='word_1_294' title='bbox 188 3382 284 3436; x_wconf 57' lang='lat' dir='ltr'>pina</span> <span class='ocrx_word' id='word_1_295' title='bbox 298 3370 518 3430; x_wconf 82' lang='lat' dir='ltr'>hujusmodi</span> <span class='ocrx_word' id='word_1_296' title='bbox 536 3380 556 3420; x_wconf 74' lang='grc' dir='ltr'>ἐ</span> <span class='ocrx_word' id='word_1_297' title='bbox 575 3380 783 3423; x_wconf 83' lang='lat' dir='ltr'>Provincia</span> <span class='ocrx_word' id='word_1_298' title='bbox 800 3382 1033 3423; x_wconf 71' lang='lat' dir='ltr'>Bononiensi</span> <span class='ocrx_word' id='word_1_299' title='bbox 1051 3383 1173 3426; x_wconf 88' lang='lat' dir='ltr'>Ordi-</span> 
     </span>
     <span class='ocr_line' id='line_1_51' title="bbox 188 3435 1174 3495; baseline 0.013 -27"><span class='ocrx_word' id='word_1_300' title='bbox 188 3440 251 3470; x_wconf 79' lang='lat' dir='ltr'>nis</span> <span class='ocrx_word' id='word_1_301' title='bbox 262 3435 430 3483; x_wconf 65' lang='lat' dir='ltr'>praedisti</span> <span class='ocrx_word' id='word_1_302' title='bbox 445 3436 719 3490; x_wconf 87' lang='lat' dir='ltr'>dependerent</span> <span class='ocrx_word' id='word_1_303' title='bbox 738 3466 751 3488; x_wconf 89' lang='lat'>‚</span> <span class='ocrx_word' id='word_1_304' title='bbox 783 3439 923 3495; x_wconf 88' lang='lat' dir='ltr'>illique</span> <span class='ocrx_word' id='word_1_305' title='bbox 941 3439 1174 3482; x_wconf 74' lang='lat' dir='ltr'>subordina·</span> 
     </span>
     <span class='ocr_line' id='line_1_52' title="bbox 190 3487 1180 3549; baseline 0.016 -24"><span class='ocrx_word' id='word_1_306' title='bbox 190 3494 228 3526; x_wconf 89' lang='lat' dir='ltr'>ta</span> <span class='ocrx_word' id='word_1_307' title='bbox 252 3487 395 3534; x_wconf 81' lang='lat' dir='ltr'>effent-</span> <span class='ocrx_word' id='word_1_308' title='bbox 428 3495 628 3549; x_wconf 69' lang='lat' dir='ltr'>Refiduum</span> <span class='ocrx_word' id='word_1_309' title='bbox 652 3496 792 3539; x_wconf 78' lang='lat' dir='ltr'>harum</span> <span class='ocrx_word' id='word_1_310' title='bbox 820 3501 1064 3541; x_wconf 70' lang='lat' dir='ltr'>Litterarum</span> <span class='ocrx_word' id='word_1_311' title='bbox 1094 3497 1180 3541; x_wconf 78' lang='lat' dir='ltr'>vide-</span> 
     </span>
     <span class='ocr_line' id='line_1_53' title="bbox 188 3547 1180 3610; baseline 0.011 -22"><span class='ocrx_word' id='word_1_312' title='bbox 188 3547 454 3600; x_wconf 72' lang='lat' dir='ltr'>tantast-cundo</span> <span class='ocrx_word' id='word_1_313' title='bbox 469 3555 641 3596; x_wconf 80' lang='lat' dir='ltr'>Bullarii</span> <span class='ocrx_word' id='word_1_314' title='bbox 647 3564 742 3609; x_wconf 83' lang='lat' dir='ltr'>pag.</span> <span class='ocrx_word' id='word_1_315' title='bbox 762 3569 857 3610; x_wconf 78' lang='lat'><strong>244.</strong></span> <span class='ocrx_word' id='word_1_316' title='bbox 886 3558 954 3598; x_wconf 82' lang='lat' dir='ltr'><em>col.</em></span> <span class='ocrx_word' id='word_1_317' title='bbox 973 3569 1011 3598; x_wconf 87' lang='lat'>2.</span> <span class='ocrx_word' id='word_1_318' title='bbox 1037 3557 1084 3604; x_wconf 65' lang='grc' dir='ltr'>θ’</span> <span class='ocrx_word' id='word_1_319' title='bbox 1113 3571 1180 3599; x_wconf 84' lang='lat' dir='ltr'>ea-</span> 
     </span>
    </p>
   </div>
   <div class='ocr_carea' id='block_1_13' title="bbox 188 3611 1178 3715">
    <p class='ocr_par' dir='ltr' id='par_1_13' title="bbox 188 3611 1178 3715">
     <span class='ocr_line' id='line_1_54' title="bbox 188 3611 1178 3715; baseline 0.014 -71"><span class='ocrx_word' id='word_1_320' title='bbox 188 3615 290 3715; x_wconf 49' lang='lat'>{27:171</span> <span class='ocrx_word' id='word_1_321' title='bbox 290 3612 463 3705; x_wconf 52' lang='lat' dir='ltr'>ttfbnwem</span> <span class='ocrx_word' id='word_1_322' title='bbox 481 3611 750 3674; x_wconf 75' lang='lat' dir='ltr'>confirmatum</span> <span class='ocrx_word' id='word_1_323' title='bbox 772 3616 852 3671; x_wconf 78' lang='lat' dir='ltr'>lego</span> <span class='ocrx_word' id='word_1_324' title='bbox 876 3615 918 3658; x_wconf 82' lang='lat' dir='ltr'>in</span> <span class='ocrx_word' id='word_1_325' title='bbox 936 3615 1098 3660; x_wconf 72' lang='lat' dir='ltr'>Litteris</span> <span class='ocrx_word' id='word_1_326' title='bbox 1105 3616 1178 3674; x_wconf 76' lang='lat' dir='ltr'>st·</span> 
     </span>
     <span class='ocr_line' id='line_1_55' title="bbox 309 3677 417 3714; baseline 0.009 -9"><span class='ocrx_word' id='word_1_327' title='bbox 309 3677 325 3705; x_wconf 86' lang='lat' dir='ltr'>t</span> <span class='ocrx_word' id='word_1_328' title='bbox 350 3677 417 3714; x_wconf 66' lang='lat' dir='ltr'>urg</span> 
     </span>
    </p>
   </div>
   <div class='ocr_carea' id='block_1_14' title="bbox 299 3784 477 3828">
    <p class='ocr_par' dir='ltr' id='par_1_14' title="bbox 299 3784 477 3828">
     <span class='ocr_line' id='line_1_56' title="bbox 299 3784 477 3828; baseline 0.017 -3"><span class='ocrx_word' id='word_1_329' title='bbox 299 3784 399 3825; x_wconf 75' lang='lat' dir='ltr'>Tam.</span> <span class='ocrx_word' id='word_1_330' title='bbox 411 3786 430 3827; x_wconf 93' lang='lat'><em>1</em></span> <span class='ocrx_word' id='word_1_331' title='bbox 438 3787 477 3828; x_wconf 71' lang='lat' dir='ltr'>V.</span> 
     </span>
    </p>
   </div>
   <div class='ocr_carea' id='block_1_15' title="bbox 1233 1083 2260 3844">
    <p class='ocr_par' dir='ltr' id='par_1_15' title="bbox 1248 1083 2260 1621">
     <span class='ocr_line' id='line_1_57' title="bbox 1278 1083 2259 1164; baseline 0 -13"><span class='ocrx_word' id='word_1_332' title='bbox 1278 1097 1283 1100; x_wconf 44' lang='lat'><strong><em>¹</em></strong></span> <span class='ocrx_word' id='word_1_333' title='bbox 1315 1112 1354 1151; x_wconf 92' lang='lat' dir='ltr'>N</span> <span class='ocrx_word' id='word_1_334' title='bbox 1370 1107 1554 1164; x_wconf 82' lang='lat' dir='ltr'>supremo</span> <span class='ocrx_word' id='word_1_335' title='bbox 1577 1105 1793 1149; x_wconf 85' lang='lat' dir='ltr'>militantis</span> <span class='ocrx_word' id='word_1_336' title='bbox 1807 1105 1993 1149; x_wconf 74' lang='lat' dir='ltr'>Ecclefiae</span> <span class='ocrx_word' id='word_1_337' title='bbox 2009 1083 2112 1148; x_wconf 64' lang='lat' dir='ltr'>sol-1⁴8</span> <span class='ocrx_word' id='word_1_338' title='bbox 2124 1107 2259 1151; x_wconf 78' lang='lat' dir='ltr'>divina</span> 
     </span>
     <span class='ocr_line' id='line_1_58' title="bbox 1340 1164 2260 1223; baseline 0.002 -16"><span class='ocrx_word' id='word_1_339' title='bbox 1340 1166 1592 1223; x_wconf 75' lang='lat' dir='ltr'>dispofitione-</span> <span class='ocrx_word' id='word_1_340' title='bbox 1608 1164 1813 1207; x_wconf 84' lang='lat' dir='ltr'>constituti</span> <span class='ocrx_word' id='word_1_341' title='bbox 1830 1193 1846 1214; x_wconf 92' lang='lat'><strong>,</strong></span> <span class='ocrx_word' id='word_1_342' title='bbox 1878 1164 1964 1216; x_wconf 86' lang='lat' dir='ltr'>illa,</span> <span class='ocrx_word' id='word_1_343' title='bbox 1984 1179 2070 1217; x_wconf 84' lang='lat' dir='ltr'>quae</span> <span class='ocrx_word' id='word_1_344' title='bbox 2083 1179 2159 1220; x_wconf 90' lang='lat' dir='ltr'>pro</span> <span class='ocrx_word' id='word_1_345' title='bbox 2175 1168 2260 1210; x_wconf 89' lang='lat' dir='ltr'>Re-</span> 
     </span>
     <span class='ocr_line' id='line_1_59' title="bbox 1258 1223 2257 1279; baseline -0.001 -11"><span class='ocrx_word' id='word_1_346' title='bbox 1258 1223 1488 1279; x_wconf 86' lang='lat' dir='ltr'>ligiosorum</span> <span class='ocrx_word' id='word_1_347' title='bbox 1501 1224 1699 1266; x_wconf 88' lang='lat' dir='ltr'>Ordinum</span> <span class='ocrx_word' id='word_1_348' title='bbox 1714 1223 1863 1265; x_wconf 86' lang='lat' dir='ltr'>eximiae</span> <span class='ocrx_word' id='word_1_349' title='bbox 1879 1223 2035 1277; x_wconf 88' lang='lat' dir='ltr'>pietatis</span> <span class='ocrx_word' id='word_1_350' title='bbox 2049 1253 2063 1275; x_wconf 82' lang='lat'>‚</span> <span class='ocrx_word' id='word_1_351' title='bbox 2096 1226 2136 1266; x_wconf 87' lang='lat'>&amp;</span> <span class='ocrx_word' id='word_1_352' title='bbox 2162 1239 2257 1267; x_wconf 86' lang='lat' dir='ltr'>arc-</span> 
     </span>
     <span class='ocr_line' id='line_1_60' title="bbox 1257 1280 2257 1339; baseline 0 -14"><span class='ocrx_word' id='word_1_353' title='bbox 1257 1284 1372 1326; x_wconf 88' lang='lat' dir='ltr'>tioris</span> <span class='ocrx_word' id='word_1_354' title='bbox 1395 1283 1606 1339; x_wconf 83' lang='lat' dir='ltr'>disciplinoe</span> <span class='ocrx_word' id='word_1_355' title='bbox 1631 1282 1787 1325; x_wconf 86' lang='lat' dir='ltr'>meritis</span> <span class='ocrx_word' id='word_1_356' title='bbox 1802 1280 2106 1336; x_wconf 81' lang='lat' dir='ltr'>conspicuorum</span> <span class='ocrx_word' id='word_1_357' title='bbox 2121 1283 2257 1326; x_wconf 77' lang='lat' dir='ltr'>latiori·</span> 
     </span>
     <span class='ocr_line' id='line_1_61' title="bbox 1254 1339 2254 1400; baseline 0.001 -16"><span class='ocrx_word' id='word_1_358' title='bbox 1254 1343 1544 1400; x_wconf 84' lang='lat' dir='ltr'>propagatione</span> <span class='ocrx_word' id='word_1_359' title='bbox 1561 1369 1575 1391; x_wconf 79' lang='lat'>‚</span> <span class='ocrx_word' id='word_1_360' title='bbox 1597 1341 1663 1396; x_wconf 90' lang='lat' dir='ltr'>pio</span> <span class='ocrx_word' id='word_1_361' title='bbox 1693 1340 1965 1396; x_wconf 87' lang='lat' dir='ltr'>prudentique</span> <span class='ocrx_word' id='word_1_362' title='bbox 1991 1340 2159 1383; x_wconf 81' lang='lat' dir='ltr'>decreta</span> <span class='ocrx_word' id='word_1_363' title='bbox 2177 1339 2254 1385; x_wconf 81' lang='lat' dir='ltr'>esse</span> 
     </span>
     <span class='ocr_line' id='line_1_62' title="bbox 1252 1397 2253 1454; baseline -0.001 -12"><span class='ocrx_word' id='word_1_364' title='bbox 1252 1399 1474 1447; x_wconf 82' lang='lat' dir='ltr'>noscuntur</span> <span class='ocrx_word' id='word_1_365' title='bbox 1486 1399 1652 1441; x_wconf 78' lang='lat' dir='ltr'>consilio</span> <span class='ocrx_word' id='word_1_366' title='bbox 1665 1428 1679 1451; x_wconf 85' lang='lat'>‚</span> <span class='ocrx_word' id='word_1_367' title='bbox 1709 1409 1753 1441; x_wconf 88' lang='lat' dir='ltr'>ut</span> <span class='ocrx_word' id='word_1_368' title='bbox 1767 1397 1945 1442; x_wconf 87' lang='lat' dir='ltr'>firmiora</span> <span class='ocrx_word' id='word_1_369' title='bbox 1962 1400 2115 1454; x_wconf 86' lang='lat' dir='ltr'>semper</span> <span class='ocrx_word' id='word_1_370' title='bbox 2131 1408 2253 1454; x_wconf 86' lang='lat' dir='ltr'>atque</span> 
     </span>
     <span class='ocr_line' id='line_1_63' title="bbox 1253 1456 2251 1514; baseline -0.007 -10"><span class='ocrx_word' id='word_1_371' title='bbox 1253 1459 1451 1504; x_wconf 77' lang='lat' dir='ltr'>stabiliora</span> <span class='ocrx_word' id='word_1_372' title='bbox 1468 1458 1669 1514; x_wconf 76' lang='lat' dir='ltr'>persistant</span> <span class='ocrx_word' id='word_1_373' title='bbox 1684 1488 1699 1509; x_wconf 94' lang='lat'><strong><em>,</em></strong></span> <span class='ocrx_word' id='word_1_374' title='bbox 1718 1457 1909 1509; x_wconf 87' lang='lat' dir='ltr'>libenter,</span> <span class='ocrx_word' id='word_1_375' title='bbox 1925 1471 2014 1499; x_wconf 86' lang='lat' dir='ltr'>cum</span> <span class='ocrx_word' id='word_1_376' title='bbox 2032 1456 2072 1498; x_wconf 92' lang='lat' dir='ltr'>id</span> <span class='ocrx_word' id='word_1_377' title='bbox 2085 1459 2109 1501; x_wconf 75' lang='lat' dir='ltr'>a</span> <span class='ocrx_word' id='word_1_378' title='bbox 2124 1459 2251 1499; x_wconf 86' lang='lat' dir='ltr'>Nobis</span> 
     </span>
     <span class='ocr_line' id='line_1_64' title="bbox 1252 1514 2257 1575; baseline -0.004 -14"><span class='ocrx_word' id='word_1_379' title='bbox 1252 1519 1407 1575; x_wconf 87' lang='lat' dir='ltr'>petitur</span> <span class='ocrx_word' id='word_1_380' title='bbox 1422 1548 1435 1572; x_wconf 83' lang='lat'>,</span> <span class='ocrx_word' id='word_1_381' title='bbox 1451 1517 1672 1573; x_wconf 87' lang='lat' dir='ltr'>Apostolici</span> <span class='ocrx_word' id='word_1_382' title='bbox 1690 1517 1920 1559; x_wconf 81' lang='lat' dir='ltr'>muniminis</span> <span class='ocrx_word' id='word_1_383' title='bbox 1937 1514 2115 1571; x_wconf 77' lang='lat' dir='ltr'>praesidio</span> <span class='ocrx_word' id='word_1_384' title='bbox 2132 1515 2257 1557; x_wconf 84' lang='lat' dir='ltr'>robo-</span> 
     </span>
     <span class='ocr_line' id='line_1_65' title="bbox 1248 1591 1409 1621; baseline -0.019 0"><span class='ocrx_word' id='word_1_385' title='bbox 1248 1591 1382 1621; x_wconf 85' lang='lat' dir='ltr'>ramus</span> <span class='ocrx_word' id='word_1_386' title='bbox 1395 1607 1409 1619; x_wconf 90' lang='lat'><strong>.</strong></span> 
     </span>
    </p>

    <p class='ocr_par' dir='ltr' id='par_1_16' title="bbox 1233 1633 2252 3791">
     <span class='ocr_line' id='line_1_66' title="bbox 1303 1633 2250 1691; baseline -0.003 -12"><span class='ocrx_word' id='word_1_387' title='bbox 1303 1636 1465 1679; x_wconf 90' lang='lat' dir='ltr'>Dudum</span> <span class='ocrx_word' id='word_1_388' title='bbox 1480 1634 1671 1691; x_wconf 82' lang='lat' dir='ltr'>liquidem</span> <span class='ocrx_word' id='word_1_389' title='bbox 1698 1647 1774 1689; x_wconf 88' lang='lat' dir='ltr'>pro</span> <span class='ocrx_word' id='word_1_390' title='bbox 1790 1643 1905 1690; x_wconf 77' lang='lat' dir='ltr'>parte</span> <span class='ocrx_word' id='word_1_391' title='bbox 1924 1641 2018 1675; x_wconf 85' lang='lat' dir='ltr'>tunc</span> <span class='ocrx_word' id='word_1_392' title='bbox 2044 1633 2250 1676; x_wconf 84' lang='lat' dir='ltr'>existentis</span> 
     </span>
     <span class='ocr_line' id='line_1_67' title="bbox 1243 1693 2251 1745; baseline -0.003 -7"><span class='ocrx_word' id='word_1_393' title='bbox 1243 1694 1504 1738; x_wconf 82' lang='lat' dir='ltr'>Commissarii</span> <span class='ocrx_word' id='word_1_394' title='bbox 1520 1693 1728 1737; x_wconf 87' lang='lat' dir='ltr'>Generalis</span> <span class='ocrx_word' id='word_1_395' title='bbox 1742 1721 1756 1745; x_wconf 81' lang='lat'><strong>,</strong></span> <span class='ocrx_word' id='word_1_396' title='bbox 1771 1694 1937 1736; x_wconf 87' lang='lat' dir='ltr'>Ordinis</span> <span class='ocrx_word' id='word_1_397' title='bbox 1954 1694 2142 1735; x_wconf 86' lang='lat' dir='ltr'>Fratrum</span> <span class='ocrx_word' id='word_1_398' title='bbox 2170 1694 2251 1736; x_wconf 87' lang='lat' dir='ltr'>Mi-</span> 
     </span>
     <span class='ocr_line' id='line_1_68' title="bbox 1242 1749 2252 1807; baseline -0.002 -12"><span class='ocrx_word' id='word_1_399' title='bbox 1242 1767 1383 1795; x_wconf 89' lang='lat' dir='ltr'>norum</span> <span class='ocrx_word' id='word_1_400' title='bbox 1400 1757 1441 1797; x_wconf 88' lang='lat' dir='ltr'>S.</span> <span class='ocrx_word' id='word_1_401' title='bbox 1457 1753 1651 1795; x_wconf 73' lang='lat' dir='ltr'>francisci</span> <span class='ocrx_word' id='word_1_402' title='bbox 1668 1749 2059 1807; x_wconf 72' lang='lat' dir='ltr'>Capucinorum2fel.</span> <span class='ocrx_word' id='word_1_403' title='bbox 2074 1765 2154 1793; x_wconf 87' lang='lat' dir='ltr'>rec.</span> <span class='ocrx_word' id='word_1_404' title='bbox 2182 1754 2252 1793; x_wconf 89' lang='lat' dir='ltr'>In-</span> 
     </span>
     <span class='ocr_line' id='line_1_69' title="bbox 1243 1809 2246 1866; baseline -0.004 -12"><span class='ocrx_word' id='word_1_405' title='bbox 1243 1813 1434 1855; x_wconf 84' lang='lat' dir='ltr'>nocentio</span> <span class='ocrx_word' id='word_1_406' title='bbox 1445 1813 1604 1854; x_wconf 72' lang='lat' dir='ltr'><strong>PP-XI.</strong></span> <span class='ocrx_word' id='word_1_407' title='bbox 1617 1809 1881 1866; x_wconf 68' lang='lat' dir='ltr'>predecessori</span> <span class='ocrx_word' id='word_1_408' title='bbox 1897 1810 2029 1852; x_wconf 89' lang='lat' dir='ltr'>nostro</span> <span class='ocrx_word' id='word_1_409' title='bbox 2044 1824 2094 1852; x_wconf 91' lang='lat' dir='ltr'>ex</span> <span class='ocrx_word' id='word_1_410' title='bbox 2100 1812 2246 1864; x_wconf 78' lang='lat' dir='ltr'>posito,</span> 
     </span>
     <span class='ocr_line' id='line_1_70' title="bbox 1242 1868 2250 1926; baseline -0.003 -13"><span class='ocrx_word' id='word_1_411' title='bbox 1242 1871 1348 1926; x_wconf 88' lang='lat' dir='ltr'>quod</span> <span class='ocrx_word' id='word_1_412' title='bbox 1366 1899 1381 1922; x_wconf 84' lang='lat'>.,</span> <span class='ocrx_word' id='word_1_413' title='bbox 1401 1883 1493 1913; x_wconf 90' lang='lat' dir='ltr'>cum</span> <span class='ocrx_word' id='word_1_414' title='bbox 1516 1869 1759 1911; x_wconf 76' lang='lat' dir='ltr'>ehariffimus</span> <span class='ocrx_word' id='word_1_415' title='bbox 1787 1871 1826 1911; x_wconf 93' lang='lat' dir='ltr'>in</span> <span class='ocrx_word' id='word_1_416' title='bbox 1847 1868 2009 1911; x_wconf 88' lang='lat' dir='ltr'>Christo</span> <span class='ocrx_word' id='word_1_417' title='bbox 2023 1869 2146 1911; x_wconf 83' lang='lat' dir='ltr'>Filius</span> <span class='ocrx_word' id='word_1_418' title='bbox 2174 1883 2250 1910; x_wconf 91' lang='lat' dir='ltr'>no·</span> 
     </span>
     <span class='ocr_line' id='line_1_71' title="bbox 1241 1927 2248 1984; baseline -0.005 -12"><span class='ocrx_word' id='word_1_419' title='bbox 1241 1930 1530 1984; x_wconf 79' lang='lat' dir='ltr'>ster‚Joannes.,</span> <span class='ocrx_word' id='word_1_420' title='bbox 1546 1928 1719 1971; x_wconf 79' lang='lat' dir='ltr'>poloniae</span> <span class='ocrx_word' id='word_1_421' title='bbox 1736 1931 1824 1971; x_wconf 90' lang='lat' dir='ltr'>Rex</span> <span class='ocrx_word' id='word_1_422' title='bbox 1841 1927 2017 1976; x_wconf 78' lang='lat' dir='ltr'>illustris,</span> <span class='ocrx_word' id='word_1_423' title='bbox 2027 1941 2102 1982; x_wconf 91' lang='lat' dir='ltr'>pro</span> <span class='ocrx_word' id='word_1_424' title='bbox 2118 1929 2248 1982; x_wconf 84' lang='lat' dir='ltr'>fingu-</span> 
     </span>
     <span class='ocr_line' id='line_1_72' title="bbox 1241 1986 2247 2044; baseline -0.001 -15"><span class='ocrx_word' id='word_1_425' title='bbox 1241 1988 1316 2029; x_wconf 90' lang='lat' dir='ltr'>lari</span> <span class='ocrx_word' id='word_1_426' title='bbox 1332 1990 1393 2030; x_wconf 87' lang='lat' dir='ltr'>sua</span> <span class='ocrx_word' id='word_1_427' title='bbox 1409 2001 1505 2044; x_wconf 85' lang='lat' dir='ltr'>erga</span> <span class='ocrx_word' id='word_1_428' title='bbox 1520 1986 1668 2029; x_wconf 64' lang='lat' dir='ltr'>did-*tum</span> <span class='ocrx_word' id='word_1_429' title='bbox 1684 1987 1888 2029; x_wconf 86' lang='lat' dir='ltr'>Ordinem</span> <span class='ocrx_word' id='word_1_430' title='bbox 1911 1986 2131 2027; x_wconf 84' lang='lat' dir='ltr'>devotione</span> <span class='ocrx_word' id='word_1_431' title='bbox 2150 1989 2247 2028; x_wconf 79' lang='lat' dir='ltr'>Fra-</span> 
     </span>
     <span class='ocr_line' id='line_1_73' title="bbox 1241 2044 2248 2102; baseline -0.004 -14"><span class='ocrx_word' id='word_1_432' title='bbox 1241 2058 1323 2089; x_wconf 88' lang='lat' dir='ltr'>tres</span> <span class='ocrx_word' id='word_1_433' title='bbox 1350 2045 1526 2102; x_wconf 87' lang='lat' dir='ltr'>ejusdem</span> <span class='ocrx_word' id='word_1_434' title='bbox 1541 2046 1706 2088; x_wconf 84' lang='lat' dir='ltr'>Ordinis</span> <span class='ocrx_word' id='word_1_435' title='bbox 1734 2045 1771 2087; x_wconf 90' lang='lat' dir='ltr'>in</span> <span class='ocrx_word' id='word_1_436' title='bbox 1788 2047 1976 2099; x_wconf 86' lang='lat' dir='ltr'>Regnum</span> <span class='ocrx_word' id='word_1_437' title='bbox 1993 2044 2169 2086; x_wconf 78' lang='lat' dir='ltr'>Poloniae</span> <span class='ocrx_word' id='word_1_438' title='bbox 2185 2045 2248 2084; x_wconf 90' lang='lat' dir='ltr'>in·</span> 
     </span>
     <span class='ocr_line' id='line_1_74' title="bbox 1241 2102 2245 2159; baseline -0.006 -12"><span class='ocrx_word' id='word_1_439' title='bbox 1241 2104 1402 2148; x_wconf 86' lang='lat' dir='ltr'>troduci</span> <span class='ocrx_word' id='word_1_440' title='bbox 1416 2134 1432 2156; x_wconf 92' lang='lat'>,</span> <span class='ocrx_word' id='word_1_441' title='bbox 1465 2105 1624 2159; x_wconf 87' lang='lat' dir='ltr'>duoque</span> <span class='ocrx_word' id='word_1_442' title='bbox 1652 2118 1726 2158; x_wconf 88' lang='lat' dir='ltr'>pro</span> <span class='ocrx_word' id='word_1_443' title='bbox 1757 2103 1836 2145; x_wconf 89' lang='lat' dir='ltr'>illis</span> <span class='ocrx_word' id='word_1_444' title='bbox 1866 2102 2050 2153; x_wconf 86' lang='lat' dir='ltr'>Hospitia</span> <span class='ocrx_word' id='word_1_445' title='bbox 2075 2130 2088 2152; x_wconf 84' lang='lat'><strong>,</strong></span> <span class='ocrx_word' id='word_1_446' title='bbox 2120 2115 2245 2142; x_wconf 87' lang='lat' dir='ltr'>unum</span> 
     </span>
     <span class='ocr_line' id='line_1_75' title="bbox 1240 2159 2244 2220; baseline -0.002 -15"><span class='ocrx_word' id='word_1_447' title='bbox 1240 2163 1401 2220; x_wconf 88' lang='lat' dir='ltr'>quidem</span> <span class='ocrx_word' id='word_1_448' title='bbox 1434 2163 1471 2205; x_wconf 89' lang='lat' dir='ltr'>in</span> <span class='ocrx_word' id='word_1_449' title='bbox 1499 2163 1682 2204; x_wconf 82' lang='lat' dir='ltr'>Civitate-</span> <span class='ocrx_word' id='word_1_450' title='bbox 1712 2159 1971 2205; x_wconf 83' lang='lat' dir='ltr'>Cracovienfi</span> <span class='ocrx_word' id='word_1_451' title='bbox 1987 2186 2001 2208; x_wconf 67' lang='lat'>2</span> <span class='ocrx_word' id='word_1_452' title='bbox 2034 2161 2244 2203; x_wconf 59' lang='lat' dir='ltr'>alterum„</span> 
     </span>
     <span class='ocr_line' id='line_1_76' title="bbox 1239 2216 2246 2278; baseline -0.005 -13"><span class='ocrx_word' id='word_1_453' title='bbox 1239 2222 1391 2265; x_wconf 78' lang='lat' dir='ltr'>veroin</span> <span class='ocrx_word' id='word_1_454' title='bbox 1408 2220 1774 2278; x_wconf 80' lang='lat' dir='ltr'>OppidoVarsaviae</span> <span class='ocrx_word' id='word_1_455' title='bbox 1788 2216 2056 2263; x_wconf 83' lang='lat' dir='ltr'>Posnanienfis</span> <span class='ocrx_word' id='word_1_456' title='bbox 2073 2219 2246 2260; x_wconf 88' lang='lat' dir='ltr'>Dioece-</span> 
     </span>
     <span class='ocr_line' id='line_1_77' title="bbox 1240 2276 2246 2334; baseline -0.005 -11"><span class='ocrx_word' id='word_1_457' title='bbox 1240 2281 1286 2323; x_wconf 88' lang='lat' dir='ltr'>fis</span> <span class='ocrx_word' id='word_1_458' title='bbox 1329 2280 1427 2334; x_wconf 84' lang='lat' dir='ltr'>erigi</span> <span class='ocrx_word' id='word_1_459' title='bbox 1456 2308 1469 2331; x_wconf 88' lang='lat'>‚</span> <span class='ocrx_word' id='word_1_460' title='bbox 1497 2281 1537 2321; x_wconf 87' lang='lat'>&amp;</span> <span class='ocrx_word' id='word_1_461' title='bbox 1561 2279 1705 2320; x_wconf 89' lang='lat' dir='ltr'>institui</span> <span class='ocrx_word' id='word_1_462' title='bbox 1730 2278 1945 2334; x_wconf 79' lang='lat' dir='ltr'>plurimum</span> <span class='ocrx_word' id='word_1_463' title='bbox 1973 2276 2246 2327; x_wconf 82' lang='lat' dir='ltr'>defideraret,</span> 
     </span>
     <span class='ocr_line' id='line_1_78' title="bbox 1239 2335 2247 2386; baseline -0.006 -4"><span class='ocrx_word' id='word_1_464' title='bbox 1239 2349 1280 2382; x_wconf 89' lang='lat' dir='ltr'>tu</span> <span class='ocrx_word' id='word_1_465' title='bbox 1289 2353 1335 2380; x_wconf 90' lang='lat' dir='ltr'>nc</span> <span class='ocrx_word' id='word_1_466' title='bbox 1351 2338 1517 2386; x_wconf 86' lang='lat' dir='ltr'>existens</span> <span class='ocrx_word' id='word_1_467' title='bbox 1534 2336 1821 2380; x_wconf 88' lang='lat' dir='ltr'>Definitorium</span> <span class='ocrx_word' id='word_1_468' title='bbox 1837 2336 2042 2379; x_wconf 87' lang='lat' dir='ltr'>Generale</span> <span class='ocrx_word' id='word_1_469' title='bbox 2055 2335 2149 2377; x_wconf 67' lang='lat' dir='ltr'>dieti</span> <span class='ocrx_word' id='word_1_470' title='bbox 2166 2338 2247 2378; x_wconf 90' lang='lat' dir='ltr'>Or-</span> 
     </span>
     <span class='ocr_line' id='line_1_79' title="bbox 1241 2394 2244 2451; baseline -0.006 -11"><span class='ocrx_word' id='word_1_471' title='bbox 1241 2397 1343 2441; x_wconf 89' lang='lat' dir='ltr'>dinis</span> <span class='ocrx_word' id='word_1_472' title='bbox 1358 2394 1466 2440; x_wconf 89' lang='lat' dir='ltr'>suum</span> <span class='ocrx_word' id='word_1_473' title='bbox 1489 2397 1605 2451; x_wconf 76' lang='lat' dir='ltr'>fhper</span> <span class='ocrx_word' id='word_1_474' title='bbox 1622 2411 1668 2439; x_wconf 85' lang='lat' dir='ltr'>ea</span> <span class='ocrx_word' id='word_1_475' title='bbox 1682 2410 1724 2438; x_wconf 88' lang='lat' dir='ltr'>re</span> <span class='ocrx_word' id='word_1_476' title='bbox 1740 2394 1970 2438; x_wconf 87' lang='lat' dir='ltr'>consensum</span> <span class='ocrx_word' id='word_1_477' title='bbox 1987 2394 2244 2450; x_wconf 84' lang='lat' dir='ltr'>praestiterat;</span> 
     </span>
     <span class='ocr_line' id='line_1_80' title="bbox 1238 2453 2244 2510; baseline -0.004 -13"><span class='ocrx_word' id='word_1_478' title='bbox 1238 2457 1359 2510; x_wconf 89' lang='lat' dir='ltr'>idque</span> <span class='ocrx_word' id='word_1_479' title='bbox 1375 2459 1495 2498; x_wconf 84' lang='lat' dir='ltr'>etiam</span> <span class='ocrx_word' id='word_1_480' title='bbox 1518 2456 1541 2497; x_wconf 76' lang='lat' dir='ltr'>a</span> <span class='ocrx_word' id='word_1_481' title='bbox 1560 2455 1654 2498; x_wconf 90' lang='lat' dir='ltr'>bon.</span> <span class='ocrx_word' id='word_1_482' title='bbox 1672 2469 1791 2497; x_wconf 88' lang='lat' dir='ltr'>mem.</span> <span class='ocrx_word' id='word_1_483' title='bbox 1808 2454 1942 2497; x_wconf 87' lang='lat' dir='ltr'>Felice</span> <span class='ocrx_word' id='word_1_484' title='bbox 1956 2478 1970 2500; x_wconf 86' lang='lat'>,</span> <span class='ocrx_word' id='word_1_485' title='bbox 2002 2453 2098 2494; x_wconf 89' lang='lat' dir='ltr'>dum</span> <span class='ocrx_word' id='word_1_486' title='bbox 2113 2453 2244 2502; x_wconf 88' lang='lat' dir='ltr'>vixit,</span> 
     </span>
     <span class='ocr_line' id='line_1_81' title="bbox 1236 2510 2247 2565; baseline -0.007 -7"><span class='ocrx_word' id='word_1_487' title='bbox 1236 2518 1277 2558; x_wconf 89' lang='lat' dir='ltr'>S.</span> <span class='ocrx_word' id='word_1_488' title='bbox 1293 2516 1347 2556; x_wconf 87' lang='lat' dir='ltr'>R.</span> <span class='ocrx_word' id='word_1_489' title='bbox 1366 2516 1413 2565; x_wconf 87' lang='lat' dir='ltr'>E.</span> <span class='ocrx_word' id='word_1_490' title='bbox 1429 2514 1612 2556; x_wconf 89' lang='lat' dir='ltr'>Diacono</span> <span class='ocrx_word' id='word_1_491' title='bbox 1627 2513 1849 2556; x_wconf 88' lang='lat' dir='ltr'>Cardinale</span> <span class='ocrx_word' id='word_1_492' title='bbox 1865 2510 2130 2565; x_wconf 82' lang='lat' dir='ltr'>Rospigliofio</span> <span class='ocrx_word' id='word_1_493' title='bbox 2146 2523 2247 2552; x_wconf 76' lang='lat' dir='ltr'>nun-</span> 
     </span>
     <span class='ocr_line' id='line_1_82' title="bbox 1237 2568 2246 2628; baseline -0.006 -13"><span class='ocrx_word' id='word_1_494' title='bbox 1237 2580 1399 2628; x_wconf 86' lang='lat' dir='ltr'>cupato,</span> <span class='ocrx_word' id='word_1_495' title='bbox 1411 2571 1575 2613; x_wconf 89' lang='lat' dir='ltr'>Ordinis</span> <span class='ocrx_word' id='word_1_496' title='bbox 1596 2570 1768 2626; x_wconf 70' lang='lat' dir='ltr'>praedieti</span> <span class='ocrx_word' id='word_1_497' title='bbox 1783 2568 1890 2625; x_wconf 87' lang='lat' dir='ltr'>apud</span> <span class='ocrx_word' id='word_1_498' title='bbox 1905 2571 2084 2612; x_wconf 57' lang='lat' dir='ltr'>Sanctam</span> <span class='ocrx_word' id='word_1_499' title='bbox 2099 2569 2246 2610; x_wconf 89' lang='lat' dir='ltr'>Sedem</span> 
     </span>
     <span class='ocr_line' id='line_1_83' title="bbox 1238 2626 2247 2686; baseline -0.004 -13"><span class='ocrx_word' id='word_1_500' title='bbox 1238 2632 1574 2686; x_wconf 63' lang='lat' dir='ltr'>Comprotecstore</span> <span class='ocrx_word' id='word_1_501' title='bbox 1602 2631 1867 2685; x_wconf 84' lang='lat' dir='ltr'>approbatum</span> <span class='ocrx_word' id='word_1_502' title='bbox 1896 2626 2059 2679; x_wconf 76' lang='lat' dir='ltr'>fuerat3</span> <span class='ocrx_word' id='word_1_503' title='bbox 2094 2628 2247 2669; x_wconf 65' lang='lat' dir='ltr'>Idem,</span> 
     </span>
     <span class='ocr_line' id='line_1_84' title="bbox 1236 2682 2246 2740; baseline -0.003 -11"><span class='ocrx_word' id='word_1_504' title='bbox 1236 2689 1495 2730; x_wconf 89' lang='lat' dir='ltr'>Innocentius</span> <span class='ocrx_word' id='word_1_505' title='bbox 1510 2684 1766 2740; x_wconf 65' lang='lat' dir='ltr'>predecessor</span> <span class='ocrx_word' id='word_1_506' title='bbox 1778 2682 2138 2737; x_wconf 78' lang='lat' dir='ltr'>supplicationibus</span> <span class='ocrx_word' id='word_1_507' title='bbox 2155 2684 2246 2737; x_wconf 82' lang='lat' dir='ltr'>eju-</span> 
     </span>
     <span class='ocr_line' id='line_1_85' title="bbox 1235 2740 2247 2787; baseline -0.005 0"><span class='ocrx_word' id='word_1_508' title='bbox 1235 2746 1344 2787; x_wconf 90' lang='lat' dir='ltr'>sdem</span> <span class='ocrx_word' id='word_1_509' title='bbox 1372 2742 1627 2787; x_wconf 77' lang='lat' dir='ltr'>Commissari</span> <span class='ocrx_word' id='word_1_510' title='bbox 1654 2741 1867 2783; x_wconf 84' lang='lat' dir='ltr'>Generalis</span> <span class='ocrx_word' id='word_1_511' title='bbox 1897 2741 2058 2782; x_wconf 87' lang='lat' dir='ltr'>nomine</span> <span class='ocrx_word' id='word_1_512' title='bbox 2086 2740 2155 2782; x_wconf 86' lang='lat' dir='ltr'>fibi</span> <span class='ocrx_word' id='word_1_513' title='bbox 2182 2742 2247 2782; x_wconf 27' lang='lat' dir='ltr'>sur-</span> 
     </span>
     <span class='ocr_line' id='line_1_86' title="bbox 1235 2797 2241 2859; baseline -0.004 -15"><span class='ocrx_word' id='word_1_514' title='bbox 1235 2817 1306 2859; x_wconf 88' lang='lat' dir='ltr'>per</span> <span class='ocrx_word' id='word_1_515' title='bbox 1334 2804 1410 2844; x_wconf 92' lang='lat' dir='ltr'>hoc</span> <span class='ocrx_word' id='word_1_516' title='bbox 1430 2801 1637 2843; x_wconf 86' lang='lat' dir='ltr'>humiliter</span> <span class='ocrx_word' id='word_1_517' title='bbox 1663 2800 1855 2855; x_wconf 64' lang='lat' dir='ltr'>por-restis</span> <span class='ocrx_word' id='word_1_518' title='bbox 1886 2797 2101 2841; x_wconf 84' lang='lat' dir='ltr'>inclinatus</span> <span class='ocrx_word' id='word_1_519' title='bbox 2125 2827 2139 2851; x_wconf 89' lang='lat'><strong>,</strong></span> <span class='ocrx_word' id='word_1_520' title='bbox 2171 2798 2241 2855; x_wconf 72' lang='lat' dir='ltr'>ipsi</span> 
     </span>
     <span class='ocr_line' id='line_1_87' title="bbox 1235 2857 2242 2911; baseline -0.004 -8"><span class='ocrx_word' id='word_1_521' title='bbox 1235 2859 1514 2904; x_wconf 81' lang='lat' dir='ltr'>Commiffario</span> <span class='ocrx_word' id='word_1_522' title='bbox 1528 2859 1717 2902; x_wconf 83' lang='lat' dir='ltr'>Generali</span> <span class='ocrx_word' id='word_1_523' title='bbox 1744 2857 1825 2900; x_wconf 93' lang='lat' dir='ltr'>duo</span> <span class='ocrx_word' id='word_1_524' title='bbox 1842 2857 2027 2911; x_wconf 86' lang='lat' dir='ltr'>Hospitia</span> <span class='ocrx_word' id='word_1_525' title='bbox 2053 2871 2127 2910; x_wconf 88' lang='lat' dir='ltr'>pro</span> <span class='ocrx_word' id='word_1_526' title='bbox 2142 2860 2242 2899; x_wconf 87' lang='lat' dir='ltr'>Fra-</span> 
     </span>
     <span class='ocr_line' id='line_1_88' title="bbox 1235 2914 2244 2971; baseline -0.003 -11"><span class='ocrx_word' id='word_1_527' title='bbox 1235 2920 1363 2961; x_wconf 89' lang='lat' dir='ltr'>tribus</span> <span class='ocrx_word' id='word_1_528' title='bbox 1375 2917 1470 2959; x_wconf 62' lang='lat' dir='ltr'>dieti</span> <span class='ocrx_word' id='word_1_529' title='bbox 1488 2917 1792 2967; x_wconf 80' lang='lat' dir='ltr'>Ordinis,unum</span> <span class='ocrx_word' id='word_1_530' title='bbox 1810 2915 1975 2971; x_wconf 87' lang='lat' dir='ltr'>quidem</span> <span class='ocrx_word' id='word_1_531' title='bbox 2000 2914 2038 2956; x_wconf 89' lang='lat' dir='ltr'>in</span> <span class='ocrx_word' id='word_1_532' title='bbox 2058 2916 2244 2959; x_wconf 80' lang='lat' dir='ltr'>Civitate&#39;</span> 
     </span>
     <span class='ocr_line' id='line_1_89' title="bbox 1238 2973 2245 3027; baseline -0.003 -8"><span class='ocrx_word' id='word_1_533' title='bbox 1238 2973 1494 3019; x_wconf 82' lang='lat' dir='ltr'>Craeovienfi</span> <span class='ocrx_word' id='word_1_534' title='bbox 1525 3001 1538 3023; x_wconf 70' lang='lat' dir='ltr'><strong>a</strong></span> <span class='ocrx_word' id='word_1_535' title='bbox 1567 2974 1738 3018; x_wconf 86' lang='lat' dir='ltr'>alterum</span> <span class='ocrx_word' id='word_1_536' title='bbox 1771 2976 1867 3017; x_wconf 74' lang='lat' dir='ltr'>vero</span> <span class='ocrx_word' id='word_1_537' title='bbox 1892 2975 1930 3015; x_wconf 91' lang='lat' dir='ltr'>in</span> <span class='ocrx_word' id='word_1_538' title='bbox 1955 2974 2120 3027; x_wconf 87' lang='lat' dir='ltr'>Oppido</span> <span class='ocrx_word' id='word_1_539' title='bbox 2137 2976 2245 3016; x_wconf 86' lang='lat' dir='ltr'>Var-</span> 
     </span>
     <span class='ocr_line' id='line_1_90' title="bbox 1240 3032 2242 3088; baseline -0.004 -11"><span class='ocrx_word' id='word_1_540' title='bbox 1240 3033 1349 3078; x_wconf 84' lang='lat' dir='ltr'>saviae</span> <span class='ocrx_word' id='word_1_541' title='bbox 1363 3032 1584 3088; x_wconf 48' lang='lat' dir='ltr'>pra-dietim</span> <span class='ocrx_word' id='word_1_542' title='bbox 1615 3034 1838 3076; x_wconf 89' lang='lat' dir='ltr'>dummodo</span> <span class='ocrx_word' id='word_1_543' title='bbox 1851 3043 1982 3074; x_wconf 83' lang='lat' dir='ltr'>tamen</span> <span class='ocrx_word' id='word_1_544' title='bbox 1999 3033 2242 3076; x_wconf 76' lang='lat' dir='ltr'>Ordinatio-</span> 
     </span>
     <span class='ocr_line' id='line_1_91' title="bbox 1239 3090 2241 3147; baseline -0.004 -12"><span class='ocrx_word' id='word_1_545' title='bbox 1239 3105 1331 3136; x_wconf 87' lang='lat' dir='ltr'>rum</span> <span class='ocrx_word' id='word_1_546' title='bbox 1353 3092 1535 3134; x_wconf 85' lang='lat' dir='ltr'>locorum</span> <span class='ocrx_word' id='word_1_547' title='bbox 1559 3091 1775 3147; x_wconf 55' lang='lat' dir='ltr'>respective</span> <span class='ocrx_word' id='word_1_548' title='bbox 1798 3092 1849 3134; x_wconf 90' lang='lat' dir='ltr'>ad</span> <span class='ocrx_word' id='word_1_549' title='bbox 1877 3092 1918 3133; x_wconf 86' lang='lat' dir='ltr'>id</span> <span class='ocrx_word' id='word_1_550' title='bbox 1933 3091 2151 3134; x_wconf 83' lang='lat' dir='ltr'>accederet</span> <span class='ocrx_word' id='word_1_551' title='bbox 2181 3090 2241 3132; x_wconf 86' lang='lat' dir='ltr'>as-</span> 
     </span>
     <span class='ocr_line' id='line_1_92' title="bbox 1241 3149 2238 3206; baseline -0.002 -14"><span class='ocrx_word' id='word_1_552' title='bbox 1241 3151 1395 3201; x_wconf 82' lang='lat' dir='ltr'>sensus,</span> <span class='ocrx_word' id='word_1_553' title='bbox 1427 3149 1549 3192; x_wconf 78' lang='lat' dir='ltr'>etiam</span> <span class='ocrx_word' id='word_1_554' title='bbox 1575 3151 1688 3193; x_wconf 85' lang='lat' dir='ltr'>nullo</span> <span class='ocrx_word' id='word_1_555' title='bbox 1717 3152 1936 3206; x_wconf 78' lang='lat' dir='ltr'>requifitO,</span> <span class='ocrx_word' id='word_1_556' title='bbox 1969 3163 2039 3190; x_wconf 85' lang='lat' dir='ltr'>nec</span> <span class='ocrx_word' id='word_1_557' title='bbox 2066 3149 2238 3204; x_wconf 86' lang='lat' dir='ltr'>desuper</span> 
     </span>
     <span class='ocr_line' id='line_1_93' title="bbox 1236 3208 2234 3264; baseline -0.005 -12"><span class='ocrx_word' id='word_1_558' title='bbox 1236 3209 1528 3252; x_wconf 85' lang='lat' dir='ltr'>interveniente</span> <span class='ocrx_word' id='word_1_559' title='bbox 1565 3222 1909 3264; x_wconf 88' lang='lat' dir='ltr'>quorumcumque</span> <span class='ocrx_word' id='word_1_560' title='bbox 1937 3208 2234 3260; x_wconf 78' lang='lat' dir='ltr'>Regularimn,</span> 
     </span>
     <span class='ocr_line' id='line_1_94' title="bbox 1236 3265 2235 3323; baseline -0.004 -13"><span class='ocrx_word' id='word_1_561' title='bbox 1236 3269 1273 3310; x_wconf 92' lang='lat' dir='ltr'>in</span> <span class='ocrx_word' id='word_1_562' title='bbox 1304 3267 1497 3309; x_wconf 88' lang='lat' dir='ltr'>Domibus</span> <span class='ocrx_word' id='word_1_563' title='bbox 1525 3267 1792 3323; x_wconf 88' lang='lat' dir='ltr'>Regularibus</span> <span class='ocrx_word' id='word_1_564' title='bbox 1826 3265 1969 3309; x_wconf 88' lang='lat' dir='ltr'>vicinis</span> <span class='ocrx_word' id='word_1_565' title='bbox 1997 3266 2235 3320; x_wconf 83' lang='lat' dir='ltr'>degentium</span> 
     </span>
     <span class='ocr_line' id='line_1_95' title="bbox 1233 3322 2236 3379; baseline -0.007 -11"><span class='ocrx_word' id='word_1_566' title='bbox 1233 3323 1422 3368; x_wconf 87' lang='lat' dir='ltr'>consensu</span> <span class='ocrx_word' id='word_1_567' title='bbox 1435 3353 1450 3375; x_wconf 80' lang='lat'>,</span> <span class='ocrx_word' id='word_1_568' title='bbox 1480 3326 1534 3367; x_wconf 81' lang='lat' dir='ltr'>ita</span> <span class='ocrx_word' id='word_1_569' title='bbox 1548 3334 1680 3367; x_wconf 89' lang='lat' dir='ltr'>tamen</span> <span class='ocrx_word' id='word_1_570' title='bbox 1693 3355 1706 3377; x_wconf 81' lang='lat'>,</span> <span class='ocrx_word' id='word_1_571' title='bbox 1733 3333 1776 3367; x_wconf 88' lang='lat' dir='ltr'>ut</span> <span class='ocrx_word' id='word_1_572' title='bbox 1791 3325 1872 3368; x_wconf 91' lang='lat' dir='ltr'>duo</span> <span class='ocrx_word' id='word_1_573' title='bbox 1890 3323 2071 3378; x_wconf 88' lang='lat' dir='ltr'>Hospitia</span> <span class='ocrx_word' id='word_1_574' title='bbox 2099 3322 2236 3379; x_wconf 86' lang='lat' dir='ltr'>hujus..</span> 
     </span>
     <span class='ocr_line' id='line_1_96' title="bbox 1233 3382 2240 3437; baseline -0.004 -11"><span class='ocrx_word' id='word_1_575' title='bbox 1233 3384 1343 3426; x_wconf 89' lang='lat' dir='ltr'>modi</span> <span class='ocrx_word' id='word_1_576' title='bbox 1371 3386 1395 3427; x_wconf 73' lang='lat' dir='ltr'>a</span> <span class='ocrx_word' id='word_1_577' title='bbox 1411 3383 1626 3426; x_wconf 85' lang='lat' dir='ltr'>Provincia</span> <span class='ocrx_word' id='word_1_578' title='bbox 1655 3382 1893 3426; x_wconf 70' lang='lat' dir='ltr'>Bononiensi</span> <span class='ocrx_word' id='word_1_579' title='bbox 1912 3382 2075 3424; x_wconf 86' lang='lat' dir='ltr'>Ordinis</span> <span class='ocrx_word' id='word_1_580' title='bbox 2094 3382 2240 3437; x_wconf 82' lang='lat' dir='ltr'>praedi-&#39;</span> 
     </span>
     <span class='ocr_line' id='line_1_97' title="bbox 1237 3439 2235 3497; baseline -0.002 -14"><span class='ocrx_word' id='word_1_581' title='bbox 1237 3443 1288 3483; x_wconf 75' lang='grc' dir='ltr'>ἂί</span> <span class='ocrx_word' id='word_1_582' title='bbox 1314 3441 1615 3495; x_wconf 81' lang='lat' dir='ltr'>dependerent,</span> <span class='ocrx_word' id='word_1_583' title='bbox 1648 3443 1789 3497; x_wconf 90' lang='lat' dir='ltr'>illique</span> <span class='ocrx_word' id='word_1_584' title='bbox 1818 3439 2074 3483; x_wconf 82' lang='lat' dir='ltr'>subordinata</span> <span class='ocrx_word' id='word_1_585' title='bbox 2096 3441 2235 3493; x_wconf 77' lang='lat' dir='ltr'>essent3</span> 
     </span>
     <span class='ocr_line' id='line_1_98' title="bbox 1238 3498 2234 3554; baseline -0.001 -12"><span class='ocrx_word' id='word_1_586' title='bbox 1238 3514 1314 3542; x_wconf 89' lang='lat' dir='ltr'>nec</span> <span class='ocrx_word' id='word_1_587' title='bbox 1331 3500 1492 3543; x_wconf 86' lang='lat' dir='ltr'>Novitii</span> <span class='ocrx_word' id='word_1_588' title='bbox 1517 3499 1568 3542; x_wconf 90' lang='lat' dir='ltr'>ad</span> <span class='ocrx_word' id='word_1_589' title='bbox 1596 3499 1788 3542; x_wconf 80' lang='lat' dir='ltr'>Habitum</span> <span class='ocrx_word' id='word_1_590' title='bbox 1811 3498 2059 3554; x_wconf 84' lang='lat' dir='ltr'>Regularem</span> <span class='ocrx_word' id='word_1_591' title='bbox 2089 3500 2128 3540; x_wconf 90' lang='lat' dir='ltr'>in</span> <span class='ocrx_word' id='word_1_592' title='bbox 2156 3498 2234 3541; x_wconf 89' lang='lat' dir='ltr'>illis</span> 
     </span>
     <span class='ocr_line' id='line_1_99' title="bbox 1238 3556 2235 3614; baseline -0.001 -15"><span class='ocrx_word' id='word_1_593' title='bbox 1238 3558 1324 3600; x_wconf 91' lang='lat' dir='ltr'>ullo</span> <span class='ocrx_word' id='word_1_594' title='bbox 1341 3559 1463 3601; x_wconf 90' lang='lat' dir='ltr'>modo</span> <span class='ocrx_word' id='word_1_595' title='bbox 1478 3559 1601 3614; x_wconf 88' lang='lat' dir='ltr'>recipi</span> <span class='ocrx_word' id='word_1_596' title='bbox 1618 3559 1828 3608; x_wconf 84' lang='lat' dir='ltr'>valerent,</span> <span class='ocrx_word' id='word_1_597' title='bbox 1856 3557 2019 3598; x_wconf 78' lang='lat' dir='ltr'>servatis</span> <span class='ocrx_word' id='word_1_598' title='bbox 2043 3556 2137 3599; x_wconf 68' lang='lat' dir='ltr'>alias</span> <span class='ocrx_word' id='word_1_599' title='bbox 2153 3556 2235 3598; x_wconf 74' lang='lat' dir='ltr'>ser-</span> 
     </span>
     <span class='ocr_line' id='line_1_100' title="bbox 1237 3614 2234 3670; baseline -0.002 -12"><span class='ocrx_word' id='word_1_600' title='bbox 1237 3617 1375 3659; x_wconf 86' lang='lat' dir='ltr'>vandis</span> <span class='ocrx_word' id='word_1_601' title='bbox 1390 3645 1404 3668; x_wconf 85' lang='lat'>,</span> <span class='ocrx_word' id='word_1_602' title='bbox 1422 3618 1674 3658; x_wconf 67' lang='lat' dir='ltr'>Austoritate</span> <span class='ocrx_word' id='word_1_603' title='bbox 1699 3615 1926 3670; x_wconf 86' lang='lat' dir='ltr'>Apostolica</span> <span class='ocrx_word' id='word_1_604' title='bbox 1944 3614 2125 3669; x_wconf 82' lang='lat' dir='ltr'>erigendi</span> <span class='ocrx_word' id='word_1_605' title='bbox 2148 3644 2163 3666; x_wconf 80' lang='lat'>‚</span> <span class='ocrx_word' id='word_1_606' title='bbox 2194 3618 2234 3656; x_wconf 76' lang='grc' dir='ltr'>δι</span> 
     </span>
     <span class='ocr_line' id='line_1_101' title="bbox 1240 3672 2233 3730; baseline -0.002 -14"><span class='ocrx_word' id='word_1_607' title='bbox 1240 3674 1469 3717; x_wconf 83' lang='lat' dir='ltr'>instituendi</span> <span class='ocrx_word' id='word_1_608' title='bbox 1493 3688 1781 3730; x_wconf 84' lang='lat' dir='ltr'>quamcumque</span> <span class='ocrx_word' id='word_1_609' title='bbox 1797 3672 2047 3716; x_wconf 79' lang='lat' dir='ltr'>necessariam</span> <span class='ocrx_word' id='word_1_610' title='bbox 2061 3702 2075 3725; x_wconf 86' lang='lat'><strong>,</strong></span> <span class='ocrx_word' id='word_1_611' title='bbox 2105 3675 2144 3715; x_wconf 77' lang='grc' dir='ltr'>δι</span> <span class='ocrx_word' id='word_1_612' title='bbox 2156 3687 2206 3726; x_wconf 89' lang='lat' dir='ltr'>op</span> <span class='ocrx_word' id='word_1_613' title='bbox 2217 3693 2233 3730; x_wconf 17' lang='grc' dir='ltr'>-Ᾰ</span> 
     </span>
     <span class='ocr_line' id='line_1_102' title="bbox 1240 3730 2228 3791; baseline -0.004 -16"><span class='ocrx_word' id='word_1_614' title='bbox 1240 3742 1452 3791; x_wconf 79' lang='lat' dir='ltr'>portunam</span> <span class='ocrx_word' id='word_1_615' title='bbox 1477 3730 1706 3776; x_wconf 85' lang='lat' dir='ltr'>facultatem</span> <span class='ocrx_word' id='word_1_616' title='bbox 1728 3759 1742 3782; x_wconf 81' lang='lat'>‚</span> <span class='ocrx_word' id='word_1_617' title='bbox 1775 3732 1914 3776; x_wconf 87' lang='lat' dir='ltr'>eadem</span> <span class='ocrx_word' id='word_1_618' title='bbox 1939 3731 2228 3775; x_wconf 64' lang='lat' dir='ltr'>auctoritate-..2</span> 
     </span>
    </p>

    <p class='ocr_par' dir='ltr' id='par_1_17' title="bbox 1511 3793 2171 3844">
     <span class='ocr_line' id='line_1_103' title="bbox 1511 3793 2171 3844; baseline -0.006 -12"><span class='ocrx_word' id='word_1_619' title='bbox 1511 3793 1547 3832; x_wconf 85' lang='lat' dir='ltr'><strong>Y</strong></span> <span class='ocrx_word' id='word_1_620' title='bbox 1563 3804 1589 3844; x_wconf 75' lang='lat' dir='ltr'>y</span> <span class='ocrx_word' id='word_1_621' title='bbox 2074 3799 2171 3835; x_wconf 53' lang='lat' dir='ltr'>cont</span> 
     </span>
    </p>
   </div>
  </div>
 </body>
</html>
