2658 4256
926 214 927 217 *
965 173 1537 262 Helvetia-u.

201 307 322 353 natim
348 303 538 358 eligendo
562 304 601 347 in
632 306 739 348 dieto
754 304 947 362 Capitulo
963 306 1208 349 intervenire

192 366 369 408 debeant
383 390 396 410 s
411 366 485 414 ita,
500 375 542 405 ut
560 366 631 407 tria
648 365 806 408 tantum
821 376 930 415 vota,
945 379 1092 420 nempe
1107 367 1205 405 duo—

184 436 288 480 stum
300 422 571 465 Ministrorum
591 422 896 464 provincialium
909 451 922 471 ‚
937 438 984 464 ac
999 425 1116 464 unius
1129 427 1207 464 Cu.

196 480 317 525 stodis
332 482 603 524 constituant:
631 492 754 535 utque
771 482 808 522 in
826 479 1020 535 praediffis
1037 481 1206 521 Provin-

183 540 268 582 ¹aiis
294 539 426 581 divisis
450 542 540 582 novi
557 544 793 582 Conventus
817 537 913 591 erigi
945 538 982 579 in
1008 538 1206 591 posterum

193 597 424 640 nullatenus
440 598 576 653 possint
603 596 682 638 fine
709 594 886 652 expressa
902 595 1068 638 licentia
1093 594 1205 636 dietae

193 656 307 700 Sedis
320 686 333 708 ‚
349 671 420 712 per
434 658 587 698 litteras
602 657 637 695 in
653 657 766 696 simili
789 655 916 695 forma
934 654 1068 696 Brevis
1083 666 1207 707 expe-

191 713 336 758 dienda
349 741 363 761 a
395 730 479 771 quae
492 715 658 767 deroget
674 712 900 765 hujusmodi
915 711 1202 766 prohibitioni·

190 777 287 816 Non
303 773 549 816 obstantibus
564 770 633 812 fel.
648 769 808 812 record-
829 771 983 811 Urbani
1001 770 1204 813 PRV-m.

188 829 497 874 Praedeceisoris
523 828 642 871 nostri
670 826 834 869 Litteris
863 827 928 868 die
957 841 1115 870 xv111.
1137 829 1207 882 Ju-

190 892 245 933 nii
262 902 510 932 MDchtn-
531 886 751 933 emanans,
785 898 857 940 per
886 899 980 940 quas
1010 887 1114 928 inter
1129 883 1206 925 alia

188 948 499 994 Provinciarum
525 943 618 987 dicti
634 942 803 985 Ordinis
832 943 974 984 divisio
1000 942 1204 996 prohibita

188 1007 389 1060 reperitur
405 1032 420 1055 ‚
450 1002 617 1056 aliisque
644 1000 1010 1043 Constitutionibus
1025 1027 1038 1050 ,
1066 1002 1105 1041 &
1126 1001 1205 1040 Or-

187 1063 461 1111 dinationibus
478 1058 719 1115 Apostolicis
734 1087 746 1107 ‚
774 1071 927 1100 necnon
942 1059 1107 1100 Ordinis
1124 1086 1137 1108 a
1166 1057 1206 1101 &

185 1121 416 1169 Provincia:
434 1116 686 1173 hujusmodi,
701 1117 819 1160 etiam
833 1116 1063 1172 juramento
1078 1146 1091 1166 ‚
1109 1128 1205 1157 conae

188 1180 414 1223 firmatione
442 1175 671 1232 Apostolica
688 1206 701 1228 ‚
726 1176 790 1218 vel
815 1177 956 1234 quavis
975 1174 1207 1217 firmitate.)

189 1239 265 1281 alin
294 1236 496 1280 roboratis
511 1232 683 1278 ‘statutis
697 1261 712 1283 s
743 1234 782 1276 δὲ
803 1233 1176 1276 consuetudinibus
1190 1260 1207 1281 ,

186 1297 418 1351 Privilegiis
434 1308 594 1350 quoque
609 1323 623 1345 ‚
649 1293 814 1335 indultis
829 1321 842 1342 ,
857 1294 896 1333 &
914 1294 1079 1335 Litteris
1097 1293 1211 1344 Apo-

188 1357 342 1399 stolicis
359 1356 398 1396 in
413 1356 662 1395 contrarium
680 1347 962 1406 praemifforum
978 1349 1207 1405 quomodo-

188 1415 293 1457 libet
309 1410 526 1461 conceffis,
542 1408 786 1452 confirmatis
799 1410 1053 1451 &innovatis
1065 1439 1077 1447 .
1107 1407 1206 1467 Qi-

186 1474 264 1518 ,bus
280 1472 468 1512 omnibus
490 1470 529 1509 &
543 1467 702 1523 singulis
717 1495 731 1514 ‚
752 1468 917 1509 illorum
934 1478 1095 1513 tenores
1111 1480 1212 1520 prae·

189 1531 367 1576 sentibus
386 1542 458 1583 pro
471 1527 616 1583 plene,
639 1528 679 1567 δι
705 1525 943 1568 sufficienter
963 1523 1149 1581 expreffis
1173 1524 1213 1563 &

189 1588 351 1634 insertis
368 1588 592 1634 habentes,
609 1585 687 1626 illis
703 1585 801 1626 alias
819 1586 857 1625 in
878 1584 944 1626 suo
960 1585 1106 1626 robore
1123 1595 1213 1636 per-

191 1646 415 1696 mansuris,
445 1643 493 1685 ad
519 1641 800 1699 praemiffi-›rum
817 1642 1003 1684 effectum
1029 1639 1102 1682 hac
1123 1641 1211 1679 vice

192 1707 390 1749 duntaxat
408 1701 637 1759 specialiter
650 1727 664 1750 ,
684 1702 723 1740 δι
737 1698 923 1753 expresse
939 1699 1180 1755 derogamus
1195 1724 1213 1747 ‚

193 1761 423 1817 caeterisque
438 1758 652 1802 contrariis
665 1756 825 1812 quibust
834 1772 998 1810 umque.

253 1825 402 1867 Datum
430 1820 569 1860 Romae
591 1815 697 1870 apud
731 1821 769 1860 S.
786 1816 956 1858 Mariam
975 1814 1214 1870 Maiorem...-

189 1879 260 1923 sub
282 1876 464 1921 vAnnulo
510 1875 722 1916 Piscatoris
761 1873 828 1915 die
860 1887 884 1916 v
907 1890 916 1915 i
946 1889 978 1915 ι.
1018 1877 1212 1927 Septem-

191 1939 287 1982 bris<
309 1953 342 1980 M
373 1953 401 1979 n
430 1949 456 1979 c
485 1949 506 1978 i.
529 1947 556 1976 x
580 1947 603 1977 v
625 1947 639 1975 t
664 1946 697 1975 1.
713 1931 976 1977 Pontificatus
990 1932 1111 1976 nbstri
1127 1932 1212 1974 An-

195 1998 251 2043 n'o
274 1996 434 2058 primo·

781 2110 820 2150 1.
845 2108 1099 2152 Gaeslufiusz

200 2236 204 2243 “
252 2234 381 2271 Breve
402 2229 638 2286 formatum
664 2228 709 2267 in
739 2224 910 2268 Archivo
933 2225 1111 2279 generali
1139 2227 1215 2266 Or-

312 2288 428 2339 dinis,
442 2286 627 2328 Armario
644 2285 857 2328 Provincia
871 2284 952 2326 Hel
960 2285 1099 2326 vetica.

201 2425 433 2442 ffl—
869 2426 983 2439 w

200 2525 252 2573 P.
276 2517 489 2571 Ministro
518 2521 733 2569 Generali
762 2507 1013 2588 impedito,
1039 2503 1219 2570 ἆίνίίίο-

268 2594 337 2641 nis
362 2590 677 2640 executionem
712 2594 785 2641 Fr.
806 2591 1035 2659 Stephano
1060 2589 1088 2638 ’ὲ
1120 2594 1220 2641 Cae.

271 2661 375 2710 sena
408 2662 684 2711 committit.

231 2799 268 2841 A
287 2803 431 2851 tergo:
463 2799 612 2845 Dileffo
636 2802 742 2842 Filio
766 2800 956 2854 Stephano
974 2800 1000 2841 a*
1016 2798 1196 2857 cassina,

334 2855 491 2897 Ordinis
520 2858 552 2896 F
558 2857 602 2896 F.
621 2860 819 2898 Minor-um
846 2861 884 2896 S.
900 2858 1099 2913 Francists·

356 2943 361 2948 a
399 2916 683 2965 capuanorum
712 2922 1022 2966 nuncupatorum
1078 2959 1080 2961 ,

601 2970 822 3028 Profifflrt'.

204 3090 695 3158 ‚CLEMENS
779 3089 1029 3153 P-APA
1115 3087 1219 3135 IX.

295 3217 453 3261 Dilefle
485 3214 567 3259 Fili
580 3215 757 3271 sulutem
771 3243 786 3264 ,
818 3215 866 3262 ὅ
884 3213 1138 3271 ,apostolicam

556 3272 857 3317 Benedimonem
867 3302 880 3314 .

337 3391 427 3435 Lias
442 3405 519 3447 pro
534 3401 646 3448 parte
662 3390 904 3434 dilectorum
922 3389 1116 3431 Filiorum
1131 3390 1226 3431 Fra-

364 3462 470 3494 trum
488 3452 704 3493 Provinciae
718 3448 955 3500 Helveticae,
967 3447 1132 3490 Ordinis
1149 3446 1228 3488 Mi-

215 3519 357 3550 noi-um
386 3518 423 3551 ὸ.
441 3502 637 3552 francisci
653 3508 954 3563 Capucinorum
973 3515 1226 3559 nuncupato-

215 3578 304 3606 rum
320 3568 444 3609 Nobis
460 3571 640 3625 exposito
654 3595 668 3617 a
697 3568 805 3624 quod
830 3567 869 3608 in
884 3565 1079 3620 Capitulo
1093 3567 1226 3606 Gene-

216 3621 290 3663 rali
310 3623 399 3665 dieti
416 3627 577 3669 Ordinis
600 3625 804 3670 noviffime
831 3626 869 3666 in
898 3625 969 3666 hac
981 3626 1097 3666 Alma
1114 3624 1225 3662 Urbe

217 3679 422 3723 celebrato
439 3712 452 3734 ,
480 3685 674 3728 Definitio
696 3684 907 3727 Generalis
934 3685 1035 3727 bene
1059 3680 1221 3737 per-spe·-

215 3741 317 3779 dtam
344 3739 489 3783 habens
507 3744 729 3788 Provinciae
747 3742 915 3799 praefatae
930 3742 1090 3800 nimiam
1108 3738 1221 3796 vastig

271 3827 273 3830 -
304 3813 307 3816 ’
344 3801 448 3841 Tom-
467 3804 487 3842 1
496 3804 534 3844 V.
860 3799 865 3801 ’

2085 212 2216 288 ..41

1253 316 1390 347 ⁴tatem
1407 333 1421 356 ‚
1443 308 1496 345 ob
1514 313 1631 357 quam
1656 301 1723 343 uni
1752 302 1822 345 soli
1839 304 2023 348 Ministro
2039 308 2279 355 Provinciali

1265 367 1421 419 penitus
1436 363 1491 405 est
1504 358 1748 414 impoffibilis
1767 364 1936 404 visitatio
1950 364 2153 412 consueta,
2174 367 2281 417 vigo.

1268 437 1324 463 re>
1343 421 1533 476 Regulae,
1560 420 1599 459 δι
1625 419 1971 464 Constitutionum
1991 424 2281 464 Generalium..

1267 483 1430 523 omnino
1463 475 1645 532 requifita
1679 476 1728 516 ad
1760 480 2068 522 conservandam
2099 479 2283 532 Discipli-

1268 552 1357 580 nam
1387 535 1630 592 Regularem
1654 561 1668 583 ,
1701 534 1863 589 aliisque
1890 538 2126 593 gravissimis
2163 536 2281 578 cautis

1265 594 1525 637 consideratis
1542 622 1555 645 ,
1578 590 1785 634 censuerat
1811 596 1940 637 eidem
1974 596 2282 637 subveniendum

1265 652 1341 696 esse
1370 666 1442 705 per
1468 651 1779 694 convenientem
1806 654 2073 704 Divifionem,
2091 659 2141 694 de
2172 652 2282 705 hujus

1266 717 1307 756 S.
1323 711 1436 753 Sedis
1465 708 1699 763 Apostolicae
1728 708 1892 751 licentia
1919 711 2138 754 faciendam
2157 739 2167 750 .
2196 714 2281 751 Nos

1266 766 1622 823 supplicationibus
1655 767 1852 809 distorum
1879 771 2179 823 Exponentium
2208 782 2283 810 no-

1263 827 1371 868 mine
1388 825 1516 867 Nobis
1543 824 1660 878 super
1677 826 1752 865 hoc
1782 826 1989 869 humiliter
2003 829 2196 881 porrecstis
2222 827 2284 866 in-

1265 883 1407 925 clinati
1422 911 1437 932 ‚
1462 882 1610 923 dilet‘to
1629 880 1731 924 Filio
1745 883 1880 925 nostro
1896 887 2076 927 Ministro
2091 883 2284 927 Generali

1266 941 1433 984 Ordinis
1450 941 1632 994 praefati,
1648 950 1693 982 ut
1710 940 1748 980 in
1765 944 1850 983 astu
1870 942 2110 985 visitationis
2129 953 2284 984 memo-

1268 1011 1360 1042 ratae
1376 998 1595 1041 Provinciae
1610 1000 1659 1039 ab
1676 1012 1725 1040 eo
1742 995 1928 1042 faciendae
1943 1028 1957 1049 ‚
1983 1000 2152 1043 eandem
2179 1001 2280 1040 Pro-

1269 1058 1438 1105 vinciam
1468 1058 1506 1098 in
1524 1057 1623 1098 duas
1639 1085 1653 1107 ,
1680 1070 1799 1100 unam
1815 1059 1979 1113 quidem
1994 1058 2254 1103 Helveticam
2270 1085 2285 1108 ‚

1267 1118 1438 1160 alteram
1455 1123 1552 1157 vero
1570 1116 1801 1158 Rhenanam
1817 1117 2062 1172 superiorem
2075 1146 2091 1167 ,
2106 1117 2168 1158 seu
2183 1118 2286 1159 Sve-

1269 1179 1398 1218 vicam
1426 1174 1643 1230 respestive
1677 1176 1963 1231 nuncupandas
1981 1204 1998 1227 2
2026 1175 2284 1223 Austorit'ate

1270 1234 1397 1277 nostra
1426 1231 1653 1286 Ap‹›stolica
1681 1233 1896 1287 dividere,
1924 1251 1968 1277 ac
1998 1236 2158 1290 utrique
2187 1236 2287 1275 Pro-

1270 1291 1408 1334 vinciae
1425 1290 1650 1347 hujusmodi
1667 1294 1905 1335 Conventus
1920 1322 1934 1345 ‚
1962 1296 2116 1336 Domos
2142 1294 2181 1335 &
2199 1294 2290 1347 Hho*

1270 1350 1382 1407 spitia
1402 1351 1620 1393 Provinciae
1644 1348 1693 1390 {ic
1720 1350 1945 1395 dividendae
1962 1351 2180 1408 respective
2203 1348 2289 1391 affi-

1272 1423 1393 1466 gnare
1418 1437 1434 1458 ‚
1472 1419 1694 1464 caeteraque
1723 1410 1760 1451 in
1786 1410 2015 1465 praemissis,
2043 1412 2083 1452 &
2108 1410 2217 1453 circa
2243 1420 2291 1450 ea

1271 1465 1585 1524 quomodolibet
1602 1467 1814 1509 necessaria
1826 1497 1840 1517 ,
1856 1471 1896 1509 &
1911 1477 2138 1523 opportuna
2155 1467 2293 1510 facere

1272 1528 1312 1567 &
1327 1526 1471 1578 exequi
1489 1524 1613 1565 libere
1626 1552 1639 1573 ,
1652 1524 1816 1566 &licite
1834 1523 2009 1580 pollet&
2026 1527 2209 1583 valeret,
2230 1525 2292 1571 fa·

1273 1585 1472 1626 cultatem
1505 1583 1545 1622 &⁴
1570 1581 1776 1624 licentiam
1807 1584 1950 1625 eadem
1979 1581 2290 1628 Auerni-itate„-

1273 1639 1760 1695 Apostolicatribuimus‚
1787 1644 2036 1698 &impertiti
2051 1642 2215 1693 sunum,
2243 1640 2292 1683 ea

1274 1710 1408 1742 tamen
1426 1697 1516 1752 lege
1530 1724 1544 1746 ‚
1576 1710 1620 1740 ut
1635 1713 1708 1754 per
1723 1700 1946 1757 hujusmodi
1962 1702 2198 1744 divisionem
2226 1700 2292 1742 seu

1274 1757 1455 1811 suffragia
1469 1759 1506 1798 in
1517 1756 1722 1812 Capitulis
1735 1761 2004 1803 Generalibus
2018 1761 2187 1803 Ordinis
2202 1774 2293 1814 pre-

1275 1815 1346 1859 fati
1361 1815 1501 1871 augeri
1518 1830 1595 1857 non
1612 1815 1751 1870 poffint
1764 1845 1778 1866 a
1795 1818 1859 1861 sed
1876 1818 2060 1875 cujusque
2073 1819 2293 1862 Provinciae

1275 1877 1325 1919 lic
1342 1875 1473 1917 divii'ae
1491 1874 1659 1916 Ministri
1673 1876 1954 1920 Provinciales
1971 1907 1984 1929 ‚
2012 1880 2088 1920 unct
2105 1893 2194 1921 cum
2210 1881 2294 1920 Cu-

1274 1934 1386 1980 stode
1413 1932 1648 1974 alternatim
1683 1934 1874 1990 eligendo
1904 1938 1943 1978 in
1970 1937 2079 1980 disto
2094 1934 2292 1992 Capitulo

1276 1994 1526 2037 intervenire
1541 1991 1737 2035 deberent
1753 2023 1766 2045 ,
1795 1996 1849 2038 ita
1863 2022 1877 2045 ‚
1903 2006 1945 2038 ut
1962 1997 2039 2038 tria
2054 1998 2207 2039 tantum
2227 2008 2295 2035 vo-

1277 2062 1316 2094 ta
1332 2082 1348 2103 ,
1372 2065 1517 2106 nempe
1542 2050 1713 2093 duorum
1732 2053 2005 2096 Ministrorum
2023 2052 2295 2099 Provincialiv

1275 2125 1344 2154 um
1361 2139 1374 2160 ,
1395 2111 1435 2151 δι
1464 2109 1581 2151 unius
1597 2111 1787 2153 Custodis
1813 2114 2102 2156 constituerent
2125 2128 2139 2156 :
2174 2122 2294 2166 utque

1275 2171 1314 2211 in
1331 2168 1512 2211 Praesatis
1530 2169 1749 2211 Provinciis
1777 2170 1907 2212 divisis
1937 2174 2029 2213 novi
2056 2169 2295 2217 Conventus

1273 2228 1377 2282 erigi
1396 2226 1652 2281 imposterum
1678 2228 1911 2272 nullatenus
1939 2228 2093 2285 possent
2119 2230 2204 2272 fine.
2225 2243 2297 2281 exf-

1273 2283 1399 2342 preffa
1414 2285 1576 2329 licentia
1592 2286 1703 2328 dicstae
1718 2285 1965 2343 §.Sedis2per
1977 2289 2134 2331 litteras
2147 2289 2184 2329 in
2198 2287 2301 2328 simi-

1275 2347 1303 2388 li
1333 2344 1470 2387 forma,
1490 2346 1628 2386 Brevis
1659 2346 1909 2401 expedienda
1933 2374 1946 2396 ‚
1976 2362 2058 2403 quae
2081 2347 2299 2401 derogaret

1276 2401 1501 2457 hujusmodi
1518 2403 1815 2457 prohibitioni,
1830 2407 1865 2446 &
1881 2404 1994 2454 alias,
2012 2416 2135 2461 prout
2158 2406 2196 2445 in
2222 2419 2298 2446 no-

1277 2461 1365 2504 stris
1387 2459 1620 2517 desuper&
1650 2463 1686 2504 in
1717 2463 1844 2505 forma
1867 2466 2006 2505 Brevis
2033 2465 2099 2506 die
2118 2477 2162 2505 vi
2179 2477 2210 2504 ι.
2226 2467 2298 2505 Sc-

1278 2520 1474 2577 ptembris
1502 2520 1681 2574 proxime
1702 2523 1890 2578 praeteriti
1906 2523 2105 2578 expeditis
2123 2522 2297 2571 litteris,

1279 2584 1449 2636 quarum
1463 2588 1647 2621 tenorem
1664 2579 1928 2634 praesemibus
1944 2594 2018 2636 pro
2033 2581 2150 2637 plene
2164 2583 2204 2623 &
2217 2579 2297 2622 sus·

1279 2637 1464 2681 ficienter
1479 2638 1656 2692 expresso
1671 2664 1684 2686 a
1711 2653 1756 2680 ac
1784 2641 1834 2682 de
1850 2641 1974 2682 verbo
1987 2641 2036 2682 ad
2054 2640 2220 2682 verbum
2235 2640 2297 2680 in-

1281 2698 1389 2740 serto
1406 2697 1547 2738 haberi
1560 2698 1749 2739 volumus
1764 2727 1778 2750 ‚
1811 2699 1972 2742 uberius
1988 2700 2237 2739 continetur.

1341 2757 1449 2797 Cum
1479 2767 1614 2797 autem
1632 2784 1644 2805 ,
1672 2754 1769 2797 ficut
1800 2759 1961 2798 Fratres
1986 2754 2139 2808 praesati
2167 2755 2296 2800 Nobis

1283 2815 1419 2858 denuo
1433 2828 1558 2869 nuper
1572 2815 1717 2867 exponi
1734 2810 1915 2853 fecerunt
1931 2840 1943 2861 ,
1959 2821 2198 2854 memoratus
2218 2814 2300 2856 Mi-

1284 2873 1405 2916 nister
1420 2871 1637 2913 Generalis
1666 2869 1890 2911 visitatione
1911 2871 2209 2913 Provinciarum
2234 2872 2299 2913 di·

1283 2931 1334 2971 eti
1349 2929 1568 2970 Ordinisin
1585 2925 1733 2979 Regnis
1750 2928 1941 2981 Neapolis
1956 2958 1972 2980 ‚
1987 2931 2026 2970 &
2043 2929 2190 2975 Sicil'iae
2202 2944 2298 2975 con-

1283 2985 1502 3026 fistentium
1518 2982 1700 3024 facienda
1714 2987 1953 3039 praepeditus
1967 3013 1980 3035 a
2009 2990 2047 3029 in
2063 2988 2297 3032 Helvetiam

1282 3045 1364 3085 tam
1391 3041 1474 3083 cito
1503 3039 1540 3083 se
1567 3039 1752 3083 conferre
1776 3055 1951 3100 nequeat
1973 3073 1985 3095 ,
2019 3046 2168 3087 interea
2201 3049 2298 3090 vero

1283 3099 1509 3156 periculum
1535 3099 1604 3151 fit,
1628 3114 1682 3142 ne>
1704 3102 1943 3152 incomoda,
1968 3105 2110 3157 quibus
2130 3107 2298 3147 Provin-

1283 3160 1345 3201 cia
1360 3156 1577 3211 supradicta
1592 3185 1605 3207 ‚
1622 3170 1787 3213 propter
1802 3162 1961 3204 nimiam
1977 3161 2065 3218 ejus
2075 3163 2296 3205 vastitatem

1285 3217 1480 3274 premitur
1497 3244 1510 3266 ,
1543 3218 1666 3270 magis
1698 3218 1976 3274 ingravescant
2005 3247 2019 3269 ‚
2055 3222 2176 3264 Nobis
2202 3236 2298 3277 pro-

1286 3285 1429 3331 pterea
1456 3273 1578 3316 iidem
1594 3275 1753 3318 Fratres
1771 3278 1976 3319 humiliter
1999 3275 2210 3334 supplicari
2235 3280 2295 3322 fe-

1287 3344 1458 3380 cerunt,
1483 3342 1526 3374 ut
1540 3333 1580 3374 in
1597 3335 1790 3386 praemiffis
1806 3336 2033 3390 opportune
2051 3338 2267 3391 providere
2283 3367 2297 3389 ,

1287 3392 1337 3434 de
1363 3391 1614 3446 benignitate
1642 3394 1868 3447 Apostolica
1893 3395 2176 3448 dignaremur.
2211 3400 2296 3438 Nos

1287 3449 1413 3504 igitur
1434 3448 1536 3504 iptbs
1551 3452 1710 3494 Fratres
1727 3451 1882 3507 speciali
1899 3450 2037 3495 favore
2051 3456 2185 3509 gratiae
2202 3468 2296 3506 pro-

1287 3506 1395 3563 sequi
1421 3507 1604 3551 volentes
1620 3537 1634 3559 ,
1659 3513 1852 3553 &eorum
1880 3511 2091 3565 singulares
2110 3515 2295 3556 Personas

1286 3566 1306 3606 εὶ
1321 3566 1519 3621 quibusvis
1537 3570 1965 3610 excommunicationis
1976 3572 2050 3612 διε.
2067 3570 2295 3621 censentes,

1287 3623 1510 3680 hujusmodi
1538 3625 1890 3678 supplicationibus
1923 3626 2134 3679 inclinati,
2167 3644 2211 3670 ac
2243 3627 2294 3670 de

1281 3691 1350 3723 tua
1375 3681 1456 3725 fido
1474 3709 1488 3728 a
1516 3684 1730 3738 prudentia
1745 3713 1758 3733 ‚
1783 3684 1949 3726 Ordinis
1967 3685 2032 3728 usu
2049 3715 2062 3738 ‚
2092 3687 2298 3741 integrita-

1281 3749 1354 3797 te,
1383 3755 1429 3782 ac
1457 3740 1692 3795 Religionis
1718 3741 1809 3785 zelo
1834 3743 2103 3800 plurImtimin
2123 3744 2299 3788 Domino

1567 3801 1596 3842 F
1993 3798 2009 3838 .’
2065 3799 2075 3803 ”
2158 3816 2254 3844 con-
