2638 4204
1186 198 1190 202 ’
1411 215 1414 217 -
1478 205 1489 221 a
1661 205 1675 219 ο
1711 211 1713 213 -

456 239 663 323 23er
1173 202 1747 294 Provincia

404 350 413 379 2,
463 383 467 387 ,
487 340 736 390 ιῬηηιενιῑιειιηό
749 340 860 382 enimi
879 340 965 389 ”quod
981 337 1078 380 instar
1086 339 1188 386 grani
1193 338 1325 386 synapis
1337 337 1526 385 Evangelici
1540 360 1550 376 ,
1575 347 1618 370 ex
1635 336 1704 370 otto
1719 361 1729 377 ‚
1755 335 1907 370 decemve
1917 332 2063 380 personis
2078 334 2202 378 subito
2227 337 2261 375 in
2274 348 2424 387 magnam
2435 339 2488 377 aii

403 393 514 430 horem
529 392 705 430 multorum
718 401 883 425 ramorum
893 415 903 430 ‚
917 389 1095 426 multorum
1110 387 1252 422 locorum
1265 410 1274 425 ,
1294 386 1554 433 offingentarum
1567 392 1626 418 aut
1645 383 1739 419 mille
1744 384 1955 431 personarum
1971 385 2182 419 excreverint
2196 397 2207 425 ;
2224 389 2307 432 quod
2323 387 2402 422 aliis
2413 383 2487 433 ple.

407 443 517 487 risque
532 435 748 486 Regularibus
762 438 910 484 exemplo
918 438 979 481 suo
990 438 1032 471 ad
1043 444 1195 471 votorum
1207 433 1450 477 observantiam
1469 458 1479 474 ,
1496 433 1708 479 personarum
1721 430 2031 477 multiplicationem
2044 455 2055 470 ‚
2082 431 2294 474 Ecclefiarum
2307 439 2350 471 Θ·
2366 442 2486 470 Mona.

399 489 574 532 steriorum
583 487 718 530 suorum
734 483 994 524 instaurationem
1001 483 1149 524 stimulos
1161 483 1370 522 addiderint3
1392 484 1477 528 quod
1491 483 1524 515 in
1540 479 1733 524 Dioecesibus
1747 481 1825 514 meis
1839 477 2078 514 Catholicorum
2091 479 2312 525 plurimorum
2324 481 2484 526 flaccidos

406 539 439 573 in
451 539 577 584 pietate
589 534 709 568 animos
722 533 942 575 adservarem
954 532 1156 568 accenderint
1169 555 1180 571 ‚
1198 539 1331 566 eatenus
1345 539 1473 577 quoque
1486 528 1694 564 exulceratas
1708 529 1936 563 hareticorum
1949 536 2061 562 contra
2074 527 2278 562 orthodoxos
2296 537 2416 564 mentes
2430 532 2479 565 in·

402 585 565 630 flexerint
578 606 588 621 ,
609 582 696 627 quod
709 590 770 627 per
786 581 888 617 alium
904 583 1060 616 neminem
1070 604 1080 620 ‚
1101 577 1200 626 qua'm
1210 588 1272 626 per
1289 578 1459 624 Capucinos
1466 576 1619 625 prffatos
1633 602 1644 618 ‚
1668 574 1767 611 citius
1778 600 1788 615 ,
1809 573 1951 619 suavius
1965 599 1975 614 ‚
1991 578 2035 611 Θ
2050 573 2206 618 efficacius
2218 578 2368 611 converti
2378 576 2479 623 posse,

407 629 651 678 comprobatum
660 628 769 671 fuerit
781 652 790 662 .
814 631 903 665 vnde
916 627 1105 672 necessitatis
1121 626 1282 675 ipsiusmet
1295 627 1463 673 exigentia
1473 626 1620 672 permoti
1630 649 1640 665 ‚
1666 627 1916 670 animarumque
1940 621 2131 658 delectabili
2153 625 2305 670 germine
2326 623 2482 666 feliciter

407 680 483 715 adeo
491 676 675 724 pullulante
687 676 805 718 illecti,
818 679 984 712 Antonius
992 675 1176 723 Albergati
1191 676 1281 711 Sedis
1292 672 1484 721 «Apostolicae
1498 673 1576 708 olim
1589 674 1743 721 Nuntius
1754 670 1775 706 a*
1790 671 1907 712 latere,
1923 675 1966 709 Θ
1978 668 2041 705 und
2055 681 2127 706 cum
2141 671 2209 718 ipso
2226 674 2314 719 Ros,
2329 671 2392 706 alii
2401 677 2485 708 Ger-

411 728 525 763 maniae
541 723 704 759 Elettores
714 725 998 771 Archi-Episcopi
1009 748 1019 764 ,
1044 727 1087 760 Θ
1102 724 1247 771 Episcopi
1265 732 1335 758 tum
1360 722 1514 768 temporis
1531 719 1552 755 a*
1566 721 1673 756 Paulo
1689 725 1728 756 V-
1747 719 1867 764 sanbtae
1894 721 2057 755 memoria
2075 718 2236 760 pontifice
2251 720 2400 755 Maximo
2423 728 2484 766 pro

403 782 502 822 parte
517 771 701 817 hujusmodi
712 774 939 818 eapucinorum
952 771 1151 807 obtinuimus
1162 795 1172 812 ,
1196 779 1234 805 ut
1239 778 1362 818 praeter
1375 769 1528 812 usitatum
1543 767 1628 804 alia's
1639 781 1699 804 non
1715 767 1836 815 regula
1850 792 1860 808 ,
1883 769 1943 812 sed
1951 766 2100 811 solarum
2121 765 2384 807 constitutionum
2398 765 2485 809 sica-

408 834 481 858 rum
498 830 631 858 morem,
647 819 885 863 confeffionibus
899 820 1104 864 secularium
1116 811 1315 865 excipiendis
1326 817 1456 865 publice
1471 826 1725 864 exponerentur:
1735 818 1767 851 in
1782 827 1845 863 quo
1859 817 1990 863 quidem
1998 814 2188 862 spiritualis
2201 814 2348 862 obsequii
2360 825 2486 860 genere

408 871 428 914 (
440 867 658 915 subsequente
670 867 752 901 licet
767 879 810 901 ex
820 867 985 903 charitate
993 869 1143 916 proximi
1146 867 1222 914 plus
1232 865 1331 914 qudm
1345 867 1554 900 ducentorum
1565 870 1718 901 Fratrum
1724 865 1860 908 ficorum
1864 862 1975 911 strage
1988 875 2026 898 ac
2041 871 2146 898 morte
2156 866 2174 908 )
2184 863 2317 906 fruitus
2328 869 2395 898 Deo
2408 859 2486 896 ube-

407 929 459 954 res
472 916 592 962 ubique
609 914 750 949 locorum
767 915 957 951 retulerunt
970 941 980 956 ‚
1001 920 1044 953 Θ·
1059 917 1237 951 etiamnum
1264 921 1432 960 reportant
1446 937 1457 953 ‚
1477 915 1564 960 quod
1566 913 1633 957 sine
1649 914 1794 960 ipsorum
1806 922 1864 960 ope
1879 911 1920 947 ab
1932 924 2012 947 anno
2028 915 2088 956 163
2101 923 2130 946 1.
2141 912 2242 959 usque
2255 913 2297 946 ad
2305 911 2367 955 hgc
2373 909 2487 952 ferme

407 974 555 1012 tempora
568 987 578 1004 ,
603 964 727 1009 quando
737 963 894 1005 fervente
906 962 993 999 bello
1008 965 1122 999 svecio
1135 962 1240 1005 occisis
1254 987 1265 1002 ,
1281 962 1412 1008 fugatis
1426 985 1436 1001 ‚
1451 961 1647 1008 proscriptis
1673 965 1717 998 Θ
1730 960 1843 1006 ejectis
1858 960 1999 1007 undique
2015 959 2173 993 Parocbis
2188 984 2198 1000 ,
2232 955 2458 1002 Eccless'aliicis
2478 981 2490 998 ,

408 1010 629 1061 Regularibus
642 1035 652 1050 ‚
679 1009 819 1057 aliisque
835 1011 988 1053 Persbnis
1000 1035 1010 1051 ‚
1034 1013 1159 1058 quando
1174 1011 1304 1055 &solis
1311 1010 1475 1056 Capucinis
1485 1008 1555 1044 tuto
1570 1008 1619 1044 ibi
1641 1008 1800 1053 consistere
1815 1033 1826 1050 ,
1847 1007 1889 1044 ab
1915 1008 2081 1043 hareticis
2096 1006 2167 1054 ipsis
2179 1033 2190 1050 ,
2215 1014 2328 1054 utpote
2351 1005 2483 1041 mitiori

411 1064 521 1097 animo
537 1070 615 1107 erga
626 1058 681 1094 hos
697 1083 707 1098 ‚
731 1057 829 1104 qudm
841 1060 923 1095 alios
933 1059 1150 1106 quoscumque
1163 1058 1341 1106 QIIgiosbs
1349 1057 1471 1103 affebtis
1484 1082 1495 1098 ,
1509 1057 1770 1103 permittebatur
1784 1081 1795 1097 ,
1810 1064 1943 1092 centena
1955 1080 1966 1097 ,
1981 1058 2026 1092 Θ·
2043 1055 2179 1092 millena
2190 1055 2341 1098 fidelium
2358 1051 2487 1100 absque

412 1107 594 1153 confeffione
605 1110 648 1142 Θ
657 1113 936 1143 sacramentorum
942 1110 1150 1155 perceptione
1161 1110 1302 1143 animam
1317 1103 1518 1150 exhalaffent
1531 1128 1542 1139 .
2200 1126 2208 1138 ,

415 1186 417 1188 .
506 1158 566 1190 His
576 1157 707 1190 accedat
722 1179 731 1195 ‚
753 1154 944 1199 Saniltffime
961 1161 1066 1192 Pater
1077 1179 1088 1196 ,
1107 1157 1193 1202 quod
1207 1156 1435 1203 capucinorum
1451 1159 1569 1189 Domos
1579 1178 1589 1194 ‚
1621 1156 1665 1190 Θ
1681 1152 1846 1196 Ecclesiam
1864 1158 1994 1187 maturo
2007 1152 2132 1194 consilio
2146 1177 2157 1192 ‚
2177 1166 2216 1189 ne
2228 1150 2367 1188 cuilibet
2381 1150 2486 1187 obvio

409 1203 638 1244 devastationis
652 1207 695 1240 Θ
709 1200 929 1243 destructionis
937 1203 1085 1251 periculo
1098 1203 1245 1252 exposita
1258 1201 1353 1248 effent
1365 1226 1376 1242 ,
1401 1202 1434 1236 in
1446 1200 1586 1247 ipsismet
1603 1200 1742 1237 urbibus
1770 1204 1814 1236 Θ·
1828 1200 1951 1246 oppidis
1964 1198 2101 1239 construi
2114 1199 2295 1242 fecerimus
2309 1224 2319 1239 ,
2347 1203 2390 1237 Θ
2406 1198 2491 1246 tali-

408 1252 469 1288 bus
485 1252 714 1298 utplurimum
729 1275 739 1291 ‚
764 1249 822 1285 ubi
834 1252 892 1287 vel
903 1252 1001 1287 nulla·
1015 1252 1074 1287 vel
1080 1251 1178 1299 plano)
1188 1261 1295 1298 paucf
1302 1251 1381 1294 sunt
1394 1249 1536 1284 aliorum
1552 1249 1761 1296 Regularium
1775 1271 1786 1287 ,
1814 1247 1976 1282 communi
2000 1245 2081 1293 bono
2095 1249 2330 1283 intendentium
2350 1251 2489 1294 Congre-

403 1302 568 1348 gationes‚
583 1300 615 1332 in
629 1297 748 1343 quibus
758 1307 819 1344 per
827 1301 1066 1346 experientiam
1079 1325 1089 1340 ,
1101 1302 1143 1336 Θ
1158 1311 1199 1335 ex
1212 1307 1302 1334 certa
1311 1299 1430 1333 notitia
1449 1298 1487 1331 de
1500 1296 1550 1330 his
1561 1296 1654 1343 longo
1675 1295 1733 1339 usu
1745 1294 1902 1341 acquisita
1920 1295 2136 1330 sanititatem
2153 1292 2293 1334 Vestram
2313 1296 2490 1329 certiorem

410 1349 508 1383 reddo
521 1371 530 1386 ,
555 1345 677 1388 eosdem
695 1349 908 1384 concionando
923 1374 933 1388 ,
955 1349 1187 1384 catechizando
1201 1372 1212 1388 ‚
1234 1345 1427 1390 confeffiones
1435 1343 1583 1385 fidelium
1599 1344 1808 1389 excipiendo,
1833 1351 1884 1377 tot
1897 1350 2034 1390 tamque
2063 1342 2175 1389 ampla
2190 1345 2374 1378 animarum
2391 1341 2487 1377 lucra

409 1391 586 1442 reportasse
596 1417 606 1432 ‚
627 1395 669 1428 Θ
687 1394 789 1426 indies
806 1399 973 1439 reportare
987 1419 998 1435 ,
1018 1397 1117 1440 quod,
1135 1397 1210 1429 dum
1222 1403 1296 1429 ante
1310 1394 1450 1439 ipsorum
1465 1393 1642 1428 adventum
1654 1394 1717 1427 vix
1725 1390 1830 1434 semel
1839 1391 1872 1425 in
1884 1402 1964 1426 anno
1985 1391 2027 1426 ad
2038 1396 2322 1427 sacramentorum
2343 1401 2486 1426 commu.

408 1445 536 1479 nionem
550 1466 560 1482 ,
587 1442 649 1477 vix
658 1440 764 1483 semel
772 1442 804 1474 in
809 1441 996 1486 septimana
1006 1443 1180 1484 adsacrum
1192 1439 1291 1485 Mtffae
1302 1439 1436 1482 officium
1450 1441 1638 1475 accederent
1650 1464 1661 1478 ,
1681 1441 1747 1476 vix
1758 1438 1817 1473 vel
1826 1440 1936 1486 tepida
1942 1438 2055 1481 fronte
2067 1463 2078 1479 ,
2087 1438 2170 1481 fide,
2186 1442 2229 1476 Θ
2243 1438 2412 1486 religione,
2421 1436 2488 1481 sua

409 1490 521 1526 debita
539 1492 582 1526 Θ
595 1500 734 1535 congrua
747 1497 811 1534 prs
818 1488 857 1530 fe
862 1488 1014 1530 ferrent,
1025 1501 1063 1522 ac
1067 1495 1266 1534 peragerent
1279 1512 1289 1527 ‚
1303 1497 1345 1521 ex
1359 1498 1441 1520 nunc
1457 1489 1500 1522 Θ
1509 1486 1578 1532 post
1583 1487 1674 1530 fabio
1691 1485 1808 1528 inillis
1819 1511 1830 1527 ‚
1853 1486 2017 1530 &iisdem
2029 1497 2070 1534 pr
2074 1487 2175 1532 {fatis
2186 1485 2322 1522 urbibus
2336 1489 2379 1523 Θτ
2392 1485 2486 1532 oppi-

410 1540 461 1574 dis
476 1565 485 1578 ‚
504 1535 653 1573 omnibus
670 1534 783 1570 diebus
801 1537 980 1570 Dominicis
992 1538 1035 1572 Θ
1044 1534 1176 1579 festivis
1181 1533 1432 1582 frequentiffimi
1438 1532 1503 1576 sint
1516 1558 1527 1574 ‚
1551 1537 1611 1581 qui
1622 1537 1665 1570 ad
1673 1535 1808 1578 sacram
1822 1536 1964 1582 synaxin
1973 1543 2014 1581 pr
2017 1537 2096 1579 μυῖα
2107 1532 2287 1579 confessione
2290 1534 2486 1577 sacramen-

410 1586 482 1628 taliv
492 1587 646 1623 accedant
659 1609 670 1626 ,
692 1582 803 1621 diebus
814 1581 893 1621 vero
901 1582 1082 1626 ferialibus
1123 1583 1239 1619 lurimi
1242 1583 1338 1627 sacro
1347 1579 1440 1627 Missg
1452 1579 1550 1625 officio
1567 1582 1716 1628 intersint·
1728 1608 1739 1624 ,
1767 1586 1812 1622 Θ
1824 1583 2067 1629 tandemaliam
2075 1580 2172 1631 phud
2186 1580 2356 1624 Christiani
2375 1581 2487 1629 homi-⁸

409 1635 460 1669 nis
470 1635 619 1678 formam
635 1644 739 1667 omnes
754 1629 884 1676 indmffio
897 1635 941 1669 Θ
951 1593 1120 1677 imbibisss
1125 1633 1302 1668 videantur
1312 1655 1322 1665 .
2458 1627 2471 1636 ”

510 1683 672 1735 roirca
686 1688 774 1715 certo
788 1682 829 1714 ad
849 1691 899 1715 me
907 1674 1041 1726 perlato
1054 1692 1184 1716 rumore
1195 1704 1206 1721 ,
1228 1679 1431 1715 adimendam
1443 1677 1464 1714 d
1474 1679 1654 1716 sanctitate
1667 1679 1776 1722 Vestra
1790 1683 1877 1731 saepe
1885 1683 1980 1718 dictis
1991 1682 2158 1730 Capucinis
2175 1681 2357 1725 Germania
2376 1676 2486 1720 nostra

411 1731 608 1775 consessiones
624 1729 785 1764 Saeculari
789 1740 842 1763 um
853 1730 1005 1763 audiendi
1012 1728 1212 1772 facultatem
1223 1752 1232 1768 ‚
1257 1739 1317 1763 non
1324 1736 1445 1774 parum
1460 1728 1566 1763 animo
1582 1727 1796 1770 consternatus
1804 1731 1863 1774 fui
1872 1756 1883 1772 ,
1899 1733 2085 1779 praevidens
2096 1741 2220 1766 omnem
2236 1730 2317 1766 banc
2329 1736 2380 1765 tot
2387 1723 2490 1766 *labe-

407 1779 499 1816 ribns
503 1786 637 1825 partam
649 1775 833 1812 animarum
845 1774 970 1821 meffem
984 1801 995 1816 ,
1017 1777 1184 1813 virtutum
1194 1774 1343 1812 cordibus
1357 1773 1613 1816 christifidelium
1631 1776 1801 1820 insitarum
1820 1778 2025 1826 splendorem
2041 1803 2051 1819 ‚
2069 1778 2150 1820 fidei
2167 1781 2210 1815 Θ
2234 1777 2413 1824 Religionis
2433 1779 2490 1810 Ca-

407 1828 444 1865 th
451 1826 534 1869 olicg
549 1824 717 1871 egresatis
730 1826 867 1862 inditum
881 1825 1065 1869 fervorem,
1081 1826 1287 1862 revocatione
1298 1821 1494 1870 hujusmodi,
1504 1834 1662 1860 momento
1677 1826 1846 1871 Danielice
1861 1826 2000 1868 adinstar
2013 1826 2142 1863 arboris
2151 1826 2382 1871 succidendum
2395 1835 2404 1859 ε
2428 1828 2487 1859 Se-

407 1881 549 1920 quentur
559 1873 643 1908 enim
656 1873 731 1907 hinc
740 1872 976 1916 infallibiliter.
983 1872 1351 1913 Prim0‚decrementum
1361 1872 1543 1908 devotionis
1551 1873 1837 1920 populicbristiani
1845 1877 1888 1911 ad
1889 1876 2098 1923 frequentem
2110 1875 2488 1918 ufiemsacrament'orum

406 1918 608 1957 laudabilem
630 1918 744 1965 affueti
761 1946 771 1961 ‚
796 1923 872 1957 dum
887 1923 988 1957 eidem
1000 1920 1142 1963 Minisiri
1150 1923 1192 1956 ad
1201 1923 1236 1956 id
1243 1921 1350 1955 idonei
1360 1920 1536 1968 &populo
1551 1921 1645 1956 chari
1657 1924 1700 1957 ad
1708 1925 1892 1960 eorumdem
1903 1923 2209 1966 admin1strati0nem
2237 1921 2399 1958 inhabiles
2413 1919 2488 1956 red·

404 1971 527 2006 dantur
537 1991 546 2002 .
565 1969 731 2007 Secundo,
739 1967 812 2014 jam
825 1971 941 2004 audire
950 1971 1046 2006 video
1058 1971 1201 2005 lamenta
1214 1971 1259 2006 Θ·
1273 1967 1430 2004 clamores
1435 1967 1644 2013 subditorum
1655 1982 1727 2016 mee
1739 1984 1818 2018 cure
1830 1968 2073 2018 commissorum,
2083 1973 2167 2019 apud
2179 1983 2259 2019 quos
2268 1971 2374 2006 variis
2390 1971 2423 2005 in
2437 1966 2489 2002 lo·

406 2019 455 2054 cis
469 2042 481 2058 ,
501 2016 642 2052 aliorum
656 2016 891 2063 Religiosorum
898 2018 1020 2060 solatio
1033 2016 1193 2058 destitutis
1205 2041 1216 2058 ‚
1241 2018 1469 2064 capucinorum
1485 2021 1662 2054 conventus
1673 2019 1797 2064 admiffi
1807 2024 1851 2058 Θ
1861 2022 1962 2055 creat
1969 2023 2049 2064 sunt
2055 2020 2119 2064 sub
2133 2018 2365 2067 expreffi'ssima
2379 2017 2487 2053 condi-

405 2068 494 2102 tione
507 2089 517 2105 ,
539 2073 576 2098 ut
590 2066 631 2098 ad
641 2065 846 2110 excipiendas
858 2065 1064 2110 corffessiones
1076 2065 1256 2101 incolarum
1268 2070 1456 2100 tenerentur
1465 2089 1475 2099 .
1505 2065 1621 2102 Tertio
1631 2093 1641 2109 ‚
1649 2065 1896 2114 peffundabitur
1907 2069 2173 2112 conscientiarum
2184 2062 2489 2105 timoratarum'sti-

408 2113 518 2151 mulus
531 2111 656 2155 defebiu
669 2110 928 2158 confeffariorum
940 2137 950 2148 .
977 2113 1108 2157 Qarto
1117 2138 1128 2155 ,
1153 2112 1339 2151 armabitur
1357 2113 1513 2157 har-esum
1539 2118 1583 2152 Θ
1601 2116 1824 2161 hereticorum
1834 2126 1947 2153 contra
1958 2129 2012 2152 nos
2016 2118 2208 2165 pervicacia
2220 2140 2230 2156 ,
2253 2116 2312 2162 qui
2331 2111 2420 2153 tant&
2428 2111 2487 2155 fa·

406 2160 504 2198 cilius
519 2171 642 2196 veneno
655 2171 803 2195 errorum
815 2160 945 2204 viscera
954 2161 1107 2205 fidelium
1118 2162 1288 2210 depascere
1298 2169 1457 2209 poterunt
1471 2187 1481 2202 ‚
1507 2173 1570 2209 quo
1580 2162 1742 2207 difficilius
1767 2169 1812 2203 Θ
1830 2164 1958 2201 tardius
1978 2164 2148 2202 animabus
2165 2165 2306 2212 ipsorum
2318 2188 2330 2204 ,
2359 2159 2488 2198 abolita

408 2209 530 2256 assueta
537 2208 804 2255 frequentatione
819 2214 1102 2246 sacramentorum
1119 2235 1129 2251 ‚
1154 2211 1247 2247 divin
1250 2222 1270 2255 ς
1278 2211 1395 2257 gratie
1409 2221 1461 2244 ros
1472 2210 1626 2251 instillari
1630 2214 1776 2259 poterit.
1800 2210 1932 2257 Qinto
1942 2238 1953 2254 ‚
1975 2213 2119 2252 ludibrio
2132 2220 2311 2260 exponetur
2322 2216 2485 2248 venerata

408 2259 452 2295 ab
465 2256 613 2293 omnibus
625 2256 790 2303 hucusque
800 2281 811 2298 ‚
844 2260 889 2294 Θ
903 2257 1039 2294 laudata
1052 2259 1279 2306 Capucinorum
1290 2258 1416 2305 Religio
1428 2281 1438 2297 ‚
1458 2269 1529 2305 quae
1542 2260 1655 2294 dehinc
1667 2263 1753 2307 apud
1762 2262 1820 2297 hos
1832 2261 1951 2308 optime
1966 2260 2126 2297 audiebat
2141 2286 2152 2302 ,
2179 2261 2265 2308 quod
2280 2272 2339 2296 non
2348 2258 2488 2308 propris

413 2309 581 2344 duntaxat
597 2306 614 2346 (
625 2312 725 2351 prout
737 2303 823 2340 alibi
838 2304 983 2341 locorum
997 2308 1147 2354 carpitur
1157 2309 1175 2352 )
1183 2308 1244 2351 sed
1254 2310 1298 2345 Θ
1304 2306 1451 2354 proximi
1458 2306 1568 2350 saluti
1579 2316 1707 2354 operam
1718 2310 1936 2356 impenderet,
1963 2320 2029 2355 qug
2047 2307 2204 2349 fidelibus
2225 2310 2385 2355 denegata
2397 2307 2490 2353 dein*

406 2365 482 2402 ceps
489 2352 699 2399 flaccescente
713 2364 825 2388 eorum
836 2352 951 2399 affl’btu
964 2379 975 2395 ,
995 2355 1154 2398 consuetis
1164 2355 1368 2402 eleemosynis
1381 2356 1424 2390 Θ·
1434 2356 1514 2389 vitae
1527 2354 1708 2401 necessariis
1717 2357 1774 2392 hos
1787 2356 1916 2397 destitui
1928 2356 2091 2404 oportebit
2103 2381 2113 2398 ,
2136 2367 2216 2404 quos
2233 2355 2411 2399 Germania,
2429 2365 2488 2389 no-

403 2401 475 2446 sira
490 2401 648 2450 operariis
660 2401 870 2447 evangelicis
880 2409 1050 2449 tantopere
1064 2405 1192 2450 indiga,
1214 2411 1370 2451 tanquam
1385 2401 1518 2438 inutilia
1529 2411 1600 2438 terr
1604 2415 1624 2448 g
1637 2406 1780 2451 pondera
1797 2405 1952 2453 despiciet
1966 2430 1977 2444 ‚
2000 2408 2044 2442 Θ
2063 2405 2262 2452 relegatione
2279 2405 2391 2450 dignos
2414 2400 2489 2448 gstiff

408 2450 516 2487 mabit
526 2474 536 2483 .
558 2449 691 2484 octavo
702 2473 712 2489 ,
730 2448 856 2490 deficiet
871 2451 1000 2486 tandem
1007 2450 1086 2492 finis
1099 2451 1165 2501 ipse
1175 2475 1186 2493 ‚
1210 2449 1250 2487 ob
1258 2461 1354 2499 quem
1367 2447 1389 2485 a*
1402 2455 1434 2484 ς.
1446 2452 1526 2486 Sede
1538 2450 1724 2498 apostolica
1737 2458 1870 2489 Fratres
1886 2458 1924 2488 ca
1942 2453 2035 2488 'ucini
2046 2454 2079 2488 in
2091 2454 2299 2488 Germaniam
2311 2449 2486 2494 milleifue.

408 2511 447 2536 re
463 2521 474 2532 .
500 2499 590 2533 vnde
603 2505 653 2531 tot
662 2498 953 2534 inconvenientium
968 2499 1130 2535 malorum
1145 2511 1187 2535 ex
1207 2510 1270 2534 una
1280 2523 1291 2539 ‚
1313 2509 1356 2533 ex
1364 2498 1472 2534 altera
1478 2497 1556 2535 verb
1565 2507 1664 2547 parte
1678 2508 1728 2536 tot
1740 2500 1893 2537 bonorum
1916 2500 2128 2549 piritualium
2137 2509 2198 2548 pro
2206 2499 2318 2545 salute
2331 2496 2486 2539 christifi-

411 2546 537 2583 delium
550 2544 795 2587 consideratione
805 2554 972 2593 permotus
980 2571 991 2587 ,
1025 2547 1202 2585 sanctitati
1213 2544 1300 2586 Vestr
1302 2557 1322 2591 ς
1327 2545 1470 2592 supplex
1474 2545 1520 2587 fio
1531 2571 1541 2587 ,
1560 2546 1622 2593 quo
1628 2548 1777 2590 facultas
1789 2550 1975 2596 hujusmodi
1986 2550 2199 2594 secularium
2211 2543 2420 2591 consessiones
2427 2557 2489 2582 ex-

410 2595 550 2642 cipiendi
564 2618 574 2634 ,
591 2590 705 2634 nostris
715 2596 943 2640 Capacinisnon
957 2593 1047 2632 modo
1064 2607 1126 2631 non
1135 2595 1302 2632 adimatur
1318 2618 1329 2635 ‚
1345 2595 1423 2638 quin
1432 2596 1542 2640 potius
1558 2596 1671 2639 iisdem
1682 2599 1724 2633 ad
1734 2599 1982 2634 continuandum
2002 2598 2099 2632 hocce
2112 2595 2328 2637 Ministerium
2419 2594 2486 2630 mi-

410 2644 470 2681 mis
482 2641 565 2678 utile
575 2667 586 2683 ‚
609 2639 707 2688 quam
715 2642 844 2685 summe
859 2641 1065 2689 neceffizrium
1071 2641 1224 2683 stimulus
1236 2643 1377 2676 addatur
1387 2664 1397 2675 .
1424 2641 1599 2684 Praestabit
1608 2644 1667 2679 hoc
1681 2646 1749 2693 ipso
1761 2646 1923 2684 Sanfiitas
1941 2643 2050 2686 Vestra
2062 2655 2139 2693 opus
2146 2644 2303 2692 pastorali
2316 2644 2361 2688 su,
2391 2642 2486 2679 boni-
2521 2644 2523 2646 ’

411 2692 624 2742 tatevdignum
638 2696 681 2731 ό·
697 2688 957 2732 christifidelibus
967 2692 1136 2727 Germanis
1147 2715 1158 2731 ‚
1177 2689 1307 2727 aliunde
1313 2689 1398 2735 satis
1406 2687 1540 2733 afflibiis
1554 2716 1564 2733 ,
1583 2704 1643 2728 non
1656 2696 1815 2730 mediocre
1823 2695 1982 2738 solatium
1998 2718 2009 2734 ,
2036 2696 2094 2741 qui
2109 2692 2173 2729 und
2195 2704 2319 2728 mecum
2343 2687 2377 2727 in
2393 2703 2478 2740 gra-

411 2740 536 2777 tiarum
550 2739 706 2773 antonem
719 2745 822 2774 Deum
836 2740 1002 2786 Optimum
1016 2740 1201 2775 Maximum
1215 2738 1391 2785 implorare
1400 2750 1459 2773 non
1473 2738 1610 2782 desinent
1619 2766 1630 2783 ,
1656 2751 1694 2777 ut
1708 2744 1921 2778 Sanititatem
1933 2740 2074 2782 Vestram
2090 2742 2163 2782 orbi
2175 2739 2347 2783 Christiano
2360 2743 2405 2780 Θ·
2414 2745 2481 2782 Ee!

410 2787 508 2836 clefiae
520 2785 690 2832 diutiffime
699 2785 980 2833 fhspitems'ervet
991 2789 1036 2824 Θ
1048 2786 1241 2833 incolumem
1251 2809 1263 2820 .
1286 2793 1408 2832 Datum
1420 2791 1533 2826 Bonna
1549 2800 1606 2838 ²4·
1618 2791 1754 2839 Aprilis
1766 2794 1865 2828 airino
1880 2794 1943 2837 165
1949 2803 1983 2828 ο.
2421 2785 2439 2790 ”

552 2903 803 2970 SanHitatis
830 2903 976 2973 Vestra
988 2940 1002 2956 .

1666 3039 1884 3076 numillimus
1895 3041 1940 3077 Θ·
1951 3037 2218 3085 obedientiffimus
2232 3038 2336 3076 Filius

1038 3141 1320 3197 ferdinandus
1338 3145 1505 3215 Archi·
1518 3147 1741 3216 Epfiopus
1756 3183 1787 3210 ,.
1805 3150 1862 3201 (θ’
1879 3148 2051 3203 ἘΙιὶἶον
2068 3147 2317 3221 Colonierfis
2331 3179 2351 3203 ι,
2415 3182 2435 3209 :2

2330 3845 2430 3888 Pro·
2452 3825 2456 3834 ¹
