2638 4204
1176 259 1253 347 P
1320 287 1358 344 o
1457 261 1536 343 ‘n
1556 265 1611 344 c*
1626 260 1715 346 ‘a

385 399 466 451 pum
481 401 573 449 supe.
599 387 843 438 commoratus:
863 394 986 433 habuit
1009 392 1138 434 omnes,
1162 391 1223 438 qui
1238 391 1320 427 vitae
1334 389 1562 427 innocentiam
1571 389 1776 428 extollerent
1791 388 1859 433 ,iis
1870 388 2044 429 'duntaxat
2053 386 2314 446 exceptirgquos
2325 397 2448 446 ingens

396 448 478 487 Viri
492 449 605 484 odium
620 446 661 487 (ς’
675 446 814 482 invidia
827 441 1001 495 incefferat
1010 468 1020 485 ,
1047 442 1107 489 qui
1121 450 1186 474 non
1202 438 1348 488 obstante
1361 438 1491 475 occulta
1503 462 1511 473 .
1533 450 1575 474 ne
1588 439 1855 486 deperderentur
1865 461 1879 482 ‚
1893 437 2162 487 suffrenatione„
2175 453 2287 483 tamen
2300 447 2447 484 omnium

395 495 535 535 maxime
543 497 606 543 sibi
617 495 763 542 invisam
776 517 787 538 ‚
810 493 880 542 ejus
895 495 975 528 vitae
988 489 1252 528 Sanffiimoniam
1268 486 1511 537 illustrissimam
1530 486 1711 524 reddidere
1726 499 1735 522 ε
1753 484 1871 536 futffet
1893 491 1995 524 etiam
2012 492 2050 524 in
2065 489 2121 526 illo
2143 493 2251 541 scirpo
2278 494 2421 532 nodulus
2431 518 2445 537 ‚

394 559 492 595 quem
507 545 560 581 illi
575 543 734 588 Censores
749 554 813 579 non
824 537 1107 589 deprehendissent
1124 543 1136 573 ?
1165 535 1219 571 illi
1235 559 1248 580 ,
1272 537 1432 584 inquam,
1456 533 1556 572 multi
1578 537 1620 576 &⁶
1638 544 1858 584 praepotentes
1873 561 1881 576 ‚
1909 537 2033 582 quibus
2046 538 2116 579 &e-
2146 539 2188 575 Et
2208 549 2318 578 tamen
2335 542 2371 578 hi
2391 542 2452 591 ipsi

394 594 553 644 convestit
562 593 600 627 in
615 589 836 629 Valerianum
848 589 1006 626 laudibus
1017 595 1151 623 cautum
1156 585 1221 634 fibi
1232 584 1417 621 voluerunt
1438 583 1458 620 ἁ
1475 583 1650 620 calumnia
1662 584 1703 625 ὠ*
1724 583 1846 619 livoris
1863 583 2054 633 suspicione
2070 611 2079 625 ,
2102 586 2207 637 Qd
2226 589 2449 628 Saniiitatem

398 631 547 693 Vestram
561 665 570 679 2
589 640 661 689 fi'1'0
676 663 687 682 v
708 651 774 675 non
797 639 923 676 latere:
949 648 1022 673 cum
1032 635 1139 684 sciam
1161 634 1317 681 aequitati
1330 660 1339 674 ‚
1362 645 1401 668 ac
1416 632 1608 679 prudentia
1625 632 1697 681 suat
1723 633 1765 667 ab
1791 632 1927 679 ipsomet
1942 627 2126 670 Valeriano
2141 636 2333 680 tributum}
2357 638 2447 686 quad

363 686 365 689 “
396 691 555 741 versutia
571 701 638 726 non
646 687 812 738 [φησιν
823 688 1031 734 aequitatem.
1060 680 1098 720 V
1092 683 1189 719 erum
1201 682 1290 718 enim
1301 681 1383 717 vero
1395 682 1459 717 ille
1467 680 1592 728 Christi
1603 704 1615 723 ‚
1640 679 1894 728 universalique
1910 681 2053 730 Ecclesiae
2069 682 2168 731 suam
2192 684 2230 718 in
2243 684 2363 721 ‘Deum
2375 687 2451 734 pie-

396 750 502 778 tatem
516 740 582 775 alib
599 738 794 785 argument&
814 735 1042 782 comprobavit
1053 757 1066 776 ,
1092 732 1156 779 quo
1169 729 1298 767 nullum
1314 729 1356 779 est
1368 729 1476 777 majus
1489 728 1567 776 teste
1580 728 1764 765 Salvatore
1777 754 1786 764 .
1815 730 1888 766 Hic
1902 741 1969 765 non
1979 731 2087 778 semel
2098 731 2308 779 impavidum
2320 742 2420 780 caput
2440 758 2454 778 ,

389 789 566 838 peffusque
578 786 809 823 haereticorum
824 783 951 820 nudato
961 780 1133 823 mucroni,
1159 787 1345 826 paratoque
1365 777 1482 814 bellico
1495 777 1640 826 fulmini
1657 801 1670 821 ‚
1694 777 1842 813 eominus
1857 788 1929 814 mox
1950 780 2180 816 trucidandus
2195 803 2207 823 ‚
2233 789 2274 816 ex
2296 781 2382 828 osuit
2406 781 2451 818 il-

394 837 488 886 laesus
502 862 512 872 .
539 834 650 876 Semel
662 832 821 883 gliscente
840 831 1078 872 hoereticorum
1099 826 1277 863 rebellione
1300 828 1339 861 in
1353 825 1509 874 eAustria
1521 826 1705 874 Superiore
1720 825 1845 875 inflifio
1869 827 1902 862 ei
1917 851 1928 869 ,
1937 836 2062 876 praeter
2078 828 2148 864 alia
2162 853 2175 872 ,
2188 827 2256 876 dap
2271 829 2317 864 ici
2329 827 2449 865 lethali

396 885 541 923 vulnere
566 884 604 920 in
622 884 752 928 capite,
779 882 914 929 proprio
934 879 1107 928 sanguine
1120 875 1276 924 infusus,
1301 874 1395 910 humi
1419 876 1535 922 jacens
1553 899 1561 912 .
1588 874 1677 922 quod
1703 874 1900 911 crederetur
1926 877 2118 921 εκιὶηδέιιε,
2138 879 2177 912 in
2189 884 2300 922 campo
2314 876 2452 913 relifflus

395 934 459 984 est.
484 934 572 984 Qu
584 930 664 969 vero
680 930 736 966 ille
743 929 821 979 geff
820 939 836 965 t
852 930 890 963 in
900 929 993 964 vrbe
1006 927 1122 974 Praga
1139 947 1151 968 ‚
1177 925 1250 959 cum
1271 924 1314 959 ab
1333 922 1479 960 Elefiiore
1500 924 1657 959 Saxoniae
1673 932 1872 966 teneretur,
1892 922 2051 974 illustrem
2075 927 2181 972 magis
2201 923 2300 976 poffi’t
2319 936 2454 961 comme.

401 986 618 1020 morationem
629 981 667 1015 in
677 944 890 1015 <Annalibus
903 974 1126 1023 Ecclesiasticis
1138 970 1312 1021 effirrmare
1326 996 1339 1015 ,
1364 971 1462 1019 quam
1477 970 1529 1006 his
1549 972 1587 1005 in
1601 970 1754 1020 Epislolis
1762 984 1807 1007 an
1830 971 1909 1020 ustis
1925 973 2074 1010 cohiberi
2087 975 2243 1011 terminis
2256 999 2267 1010 .
2295 973 2351 1009 Hi
2378 974 2453 1009 oria

396 1043 415 1068 e
453 1031 560 1079 digna
581 1028 654 1065 luce
669 1051 681 1070 ‚
706 1039 806 1074 quant
821 1025 1010 1064 Sanfiitati
1023 1021 1143 1073 Vestra
1151 1019 1420 1067 perpendendam
1433 1019 1520 1067 hisce
1537 1019 1673 1055 annet'io
1693 1047 1700 1054 .
1729 1020 1793 1056 lllu
1830 1021 2002 1058 duntaxat
2018 1032 2130 1059 attexo
2142 1046 2153 1065 ‚
2179 1023 2286 1070 nescio
2304 1045 2318 1066 ,
2340 1032 2385 1056 an
2398 1021 2454 1057 hi·

380 1030 448 1129 vsgr
458 1079 616 1116 bellorum
639 1075 834 1124 disturbiis,
861 1074 982 1120 quibus
1005 1071 1235 1108 hoereticorum
1248 1079 1343 1103 arma
1355 1069 1394 1103 in
1408 1069 1607 1117 superiore,
1641 1069 1683 1109 ὠ·
1697 1069 1861 1117 inferiore
1871 1070 2057 1106 Germania
2073 1071 2251 1119 desaeviere
2274 1071 2312 1106 in
2325 1069 2456 1106 Catho-

397 1128 501 1174 licos‚
527 1126 632 1175 nescio
646 1147 660 1168 ‚
675 1126 834 1171 iuquam.
859 1133 906 1157 an
925 1121 1023 1173 exstet
1046 1119 1143 1155 aliud
1166 1116 1272 1164 majus
1296 1116 1434 1164 eousque
1457 1125 1678 1164 propugnata>
1695 1115 1789 1152 Fidei
1816 1117 2023 1165 exemplum}
2049 1131 2116 1154 non
2141 1119 2253 1163 defuit
2276 1118 2451 1166 Martyrio

396 1175 556 1213 voluntas
572 1198 583 1218 ‚
609 1183 668 1208 nec
682 1172 789 1217 capiti
802 1170 873 1218 ejus
887 1178 1065 1216 purpura,
1087 1178 1148 1202 ceu
1170 1165 1305 1212 proprii
1319 1165 1504 1212 sanguinis
1525 1167 1564 1200 ob
1588 1164 1794 1201 Catholicam
1808 1163 1922 1201 Fidem
1940 1166 2127 1216 constanter
2143 1167 2250 1216 eff'ufi.
2277 1167 2363 1204 Haec
2387 1177 2455 1202 om-

395 1225 457 1262 m‘a
470 1251 478 1264 ‚
502 1221 692 1270 ‘Beatiffime
706 1220 813 1256 Pater
825 1242 837 1260 ‚
862 1227 928 1251 non
942 1214 1037 1250 nihil
1044 1215 1172 1251 decoris
1188 1212 1253 1260 sibi
1269 1212 1435 1249 derivant
1447 1223 1488 1249 ex
1497 1213 1635 1259 generis
1650 1212 1833 1250 nobilitate
1846 1225 1860 1253 3
1886 1213 1971 1261 hisce
1995 1216 2084 1251 enim
2100 1214 2311 1253 Parentibus
2334 1213 2376 1264 est
2394 1225 2454 1251 or-

396 1282 453 1311 tus
468 1300 477 1314 ‚
499 1274 612 1318 eosque
637 1268 736 1303 habet
750 1266 878 1314 Affines
901 1261 1227 1309 &Confimguineos
1241 1284 1254 1304 ,
1277 1262 1338 1308 qui
1365 1259 1536 1297 natalium
1557 1259 1756 1307 splendore,
1783 1261 1920 1308 opibus,
1949 1262 1991 1302 &¹
2015 1264 2115 1299 rebus
2133 1263 2221 1299 do'mi
2235 1288 2246 1307 ,
2264 1264 2451 1311 forisque)

391 1315 553 1370 praeclaje
569 1309 667 1365 gestis
682 1312 963 1361 conspicuisunt.
991 1311 1036 1347 Et
1050 1309 1130 1346 vero
1146 1333 1158 1352 .
1184 1309 1271 1358 quod
1285 1308 1369 1356 pene
1393 1308 1413 1344 ἃ
1426 1309 1583 1356 pueritia
1607 1308 1708 1356 usque
1736 1308 1782 1345 ad
1802 1311 1952 1356 primum
1965 1309 2100 1356 senium
2128 1311 2167 1346 iu
2181 1309 2448 1361 tssoApoflolico

394 1367 547 1418 instituto
574 1376 649 1400 curn
662 1371 761 1400 tanta
773 1360 970 1396 innocentia
983 1385 995 1402 ,
1021 1359 1063 1401 ἐς·
1070 1356 1190 1407 frui-'iu
1200 1366 1312 1405 portet
1333 1358 1455 1406 jugum
1473 1355 1599 1406 Christi
1610 1381 1623 1401 ‚
1648 1357 1686 1392 id
1693 1356 1844 1405 proxim&
1857 1357 1985 1394 accedit
2007 1359 2053 1394 ad
2067 1357 2316 1396 Cardinatatas
2325 1367 2435 1408 praero
2445 1377 2456 1388 ·

390 1417 570 1464 gativam:
596 1411 693 1460 Qs
718 1410 806 1445 enim
831 1419 888 1455 ego
908 1407 961 1444 exi
989 1410 1108 1447 imem‚
1134 1406 1325 1454 ‘Beatiffime
1336 1406 1467 1449 Pater,
1493 1405 1628 1443 idoneos
1646 1405 1859 1456 Ecclesiastico
1873 1405 2051 1453 Regimini
2075 1433 2082 1446 ,
2097 1407 2130 1452 fi
2151 1406 2204 1442 illi
2229 1419 2295 1443 non
2315 1400 2453 1456 confin-

395 1474 456 1501 tur
472 1489 484 1508 ν
508 1463 567 1512 qui
577 1460 680 1510 juxta
696 1456 892 1494 Salvafflrst
904 1456 942 1491 37¹
969 1457 1096 1493 ‘'tutum
1110 1454 1181 1502 fine
1193 1453 1333 1502 foculo,
1345 1453 1417 1501 fine
1435 1462 1544 1502 pera,
1555 1453 1628 1502 fine
1651 1453 1885 1492 calceamentis
1909 1455 1955 1490 ad
1967 1456 2092 1504 apicem
2109 1455 2322 1505 perfefiiionis
2339 1454 2461 1492 Evan-

391 1512 508 1561 gelicae
522 1508 754 1547 contendunt?
778 1504 829 1541 Ea
841 1506 931 1541 enim
942 1507 1031 1554 sunt
1044 1504 1238 1540 rudimenta
1250 1501 1458 1551 <Apostolicae
1478 1501 1662 1548 dignitatis
1676 1527 1687 1545 ‚
1716 1515 1789 1551 quae
1805 1502 1825 1539 ὰ
1846 1502 1977 1551 Christo
1991 1503 2148 1554 instituta
2161 1505 2251 1554 sunt
2275 1503 2455 1541 rudimen·

394 1571 432 1597 ta
447 1558 634 1612 Apostolicae
649 1553 824 1592 Virtutis:
847 1565 954 1601 neque
978 1553 1165 1590 cavendum
1189 1550 1330 1587 videtur
1343 1549 1551 1598 ‹Apostolicae
1565 1547 1704 1588 Virtuti
1732 1552 1774 1587 ab
1792 1551 1982 1602 Apostolica
1998 1553 2182 1603 Dignifate
2199 1577 2210 1594 ‚
2236 1552 2328 1602 quasi
2336 1551 2450 1590 emin.

392 1609 530 1657 guenda
545 1609 588 1656 fit
609 1605 747 1640 lucerna
761 1625 773 1645 ‚
788 1601 820 1651 Ji
837 1602 955 1650 desub
967 1602 1074 1638 modio
1099 1611 1199 1638 trans
1215 1607 1335 1636 eratur
1348 1600 1394 1634 ad
1418 1597 1676 1636 candelabrum.

492 1658 593 1708 Qu
617 1652 680 1689 imo
707 1650 761 1687 nil
783 1650 874 1698 uque
894 1652 991 1687 acuit
1010 1650 1158 1687 virtutis
1207 1648 1325 1692 adium
1340 1671 1352 1690 ‚
1379 1646 1479 1695 quam
1494 1648 1627 1684 virtuti
1645 1649 1800 1686 tributus
1821 1649 1926 1687 honor
1943 1675 1956 1695 ‚
1980 1661 2040 1686 nec
2070 1659 2164 1699 puto
2181 1650 2344 1699 superbos
2371 1647 2459 1697 erigi

401 1705 440 1741 in
456 1705 547 1754 spem
573 1701 758 1740 obtinenda
779 1700 987 1747 dignitatis,
1003 1699 1036 1746 fi
1051 1699 1080 1734 ii
1100 1699 1213 1746 potius
1233 1705 1499 1745 promoveantur
1513 1720 1524 1739 ‚
1550 1698 1612 1744 qui
1630 1699 1669 1733 ob
1686 1696 1799 1734 Fidem
1819 1699 2031 1745 Catholicam
2042 1699 2107 1749 fibi
2128 1708 2286 1747 quaerunt
2308 1699 2426 1750 flagra
2441 1721 2456 1741 ,

401 1766 516 1791 eruces
529 1778 542 1798 ,
567 1759 725 1788 mortem.
745 1747 799 1796 fin
818 1747 898 1784 vero
912 1749 1009 1796 secas
1023 1759 1088 1784 mos
1099 1747 1198 1795 ferat
1216 1769 1228 1788 s
1251 1743 1349 1780 malis
1367 1745 1502 1782 artibus
1517 1745 1648 1792 accedit
1673 1745 1885 1792 auiioritas,
1910 1747 2003 1797 quod
2025 1747 2212 1797 constiterit
2241 1759 2296 1784 eas
2321 1747 2455 1784 virtuti

394 1802 555 1850 praelatas
568 1827 578 1837 ,
604 1798 830 1849 Qmobrem
859 1797 938 1832 boni
956 1807 1064 1832 omnes
1079 1807 1146 1830 non
1172 1793 1269 1830 aliud
1286 1793 1464 1843 quidpiam
1477 1793 1655 1831 ardentius
1673 1804 1835 1840 exoptant
1851 1820 1860 1834 ‚
1880 1796 1983 1844 quam
2008 1796 2182 1845 coruscare
2205 1795 2319 1834 eoelum
2343 1793 2460 1833 Eccle-

391 1850 556 1900 fiasticum
580 1850 668 1884 viris
683 1844 880 1893 Apostolicis
894 1869 905 1888 ,
931 1847 990 1893 qui
1002 1853 1043 1881 ut
1058 1842 1203 1892 Apostoli
1214 1867 1225 1885 ,
1241 1842 1287 1890 fic
1300 1841 1354 1877 illi
1368 1853 1408 1879 ex
1419 1853 1533 1879 eorum
1547 1846 1684 1880 numero
1697 1840 1909 1891 affumantur
1928 1870 1936 1884 ,
1966 1856 2047 1894 quos
2079 1843 2290 1892 Evangelica
2313 1837 2460 1882 vivendi

392 1899 509 1947 forma
531 1898 550 1934 ἂ
566 1909 686 1938 carne,
714 1894 933 1942 &sanguine
955 1892 1117 1940 diviserit
1131 1916 1140 1927 .
1162 1892 1271 1930 Porro
1301 1890 1364 1927 hac
1386 1892 1607 1928 enarratione
1625 1892 1814 1931 Santlitan·
1829 1889 1949 1943 Vestrae
1968 1893 2116 1941 constare
2137 1893 2211 1929 volo
2225 1916 2238 1935 ,
2266 1892 2368 1941 quam
2389 1902 2450 1927 ac-

395 1946 515 1983 curate
529 1945 613 1982 mihi
625 1941 805 1993 postulanti
830 1941 879 1976 ali
902 1954 976 1978 uem
993 1942 1037 1978 ad
1043 1939 1317 1978 ‘cardinalatum
1327 1940 1516 1988 prospicere
1527 1941 1713 1988 sategerim
1726 1967 1735 1982 ‚
1765 1943 1808 1977 ab
1837 1944 1927 1978 omni
1951 1941 2178 1992 difficultate,
2206 1953 2307 1990 quam
2321 1938 2458 1980 Sanfiiiai

398 2005 452 2032 tas
469 1993 585 2043 Vestra
603 1954 923 2041 introtenerepoffet
937 2015 945 2028 .
965 1990 1112 2039 conscius
1125 2013 1138 2033 ,
1163 1987 1264 2037 quarn
1282 2000 1394 2036 grave
1408 1989 1446 2024 id
1455 1988 1586 2036 ferrem
1603 2017 1611 2025 .
1638 1987 1762 2027 Virum
1777 1998 1944 2038 praeterea
1958 1991 2135 2027 nominavi
2157 2001 2285 2038 magnae
2299 1987 2450 2032 indolis,

397 2039 491 2079 Orbi
506 2041 695 2091 Christiano
719 2038 848 2075 clarum
861 2062 874 2081 ‚
900 2038 984 2074 mihi
1009 2038 1178 2080 charum,
1202 2038 1243 2074 de
1271 2038 1311 2074 S.
1326 2036 1414 2078 Sede
1425 2036 1613 2086 Apostolica
1631 2064 1640 2079 .
1661 2040 1704 2081 ῤ’
1730 2040 1770 2074 de
1787 2036 1902 2087 Vestra
1917 2039 2109 2076 Saniiitate
2133 2038 2252 2087 optim?
2271 2039 2428 2075 meritum
2438 2061 2452 2079 ‚

390 2092 530 2140 proprio
543 2091 622 2138 fuso
634 2089 805 2137 sanguine
825 2088 868 2122 ob
893 2086 1009 2124 Fidem
1025 2085 1235 2124 catholicam
1256 2086 1329 2135 Jam
1358 2093 1588 2134 purpuratum
1605 2114 1615 2130 ‚
1636 2099 1733 2134 quem
1755 2086 1900 2136 claustra
1933 2099 1999 2122 non
2021 2088 2163 2134 capiunt
2181 2109 2194 2130 ‚
2216 2097 2276 2123 nec
2290 2111 2303 2130 ,
2327 2084 2456 2133 tametsi

394 2139 482 2176 velit
495 2166 503 2180 ,
516 2140 647 2188 finitur
670 2137 727 2181 fibi
752 2137 875 2172 vivere
890 2162 899 2172 .
929 2137 1035 2174 Hunc
1058 2144 1099 2171 ut
1125 2134 1299 2174 Sanfiiitas
1314 2131 1430 2183 Vestra
1448 2133 1492 2169 ad
1512 2146 1615 2171 meam
1630 2135 1776 2182 Regiam
1795 2135 2110 2172 commendationem
2137 2133 2376 2172 Cardinalitia
2398 2133 2457 2168 di-

391 2189 531 2236 gnitate
548 2179 687 2224 exornet
702 2209 714 2229 ‚
734 2183 884 2233 postulo,
906 2196 947 2220 ac
967 2183 1098 2233 postulo
1117 2182 1214 2220 enixi
1229 2185 1271 2225 ὼ·
1284 2180 1491 2224 humillime,
1518 2195 1588 2231 qua
1611 2186 1650 2219 in
1671 2185 1836 2232 petitione
1856 2183 1965 2231 plura,
1981 2184 2089 2219 verba
2104 2194 2172 2219 non
2192 2182 2370 2231 impendo,
2396 2191 2458 2218 ra-

401 2246 458 2272 tus
472 2260 484 2278 ,
498 2247 565 2272 non
583 2231 771 2284 profutura
783 2259 792 2275 ‚
814 2233 876 2269 ubi
885 2234 1068 2282 contestata
1081 2229 1163 2270 Viri
1179 2233 1316 2274 virtus,
1342 2229 1454 2278 Regia
1476 2233 1759 2269 commendatione
1771 2230 1916 2282 suffulta
1929 2255 1941 2275 ,
1953 2242 2020 2267 non
2032 2232 2206 2280 profuerit
2222 2242 2232 2265 ε
2257 2230 2347 2278 quod
2362 2228 2449 2266 mihi

395 2282 692 2331 pertimescendum
707 2293 774 2318 non
785 2281 927 2318 videtur
951 2281 972 2317 ὰ
994 2279 1116 2330 Vestra
1127 2280 1341 2322 Sanfiitate,
1395 2290 1445 2316 uae
1469 2290 1510 2315 ex
1522 2279 1646 2328 officio,
1673 2281 1716 2321 ὁ·
1734 2282 1877 2328 propria
1896 2279 2084 2328 prudentia
2105 2280 2294 2327 dignitates
2311 2277 2452 2335 Aposto-

397 2331 480 2367 licas
492 2332 671 2380 distribuit
685 2330 730 2366 ad
741 2329 929 2378 mensuram
942 2329 1154 2379 :Apostolicae
1168 2325 1323 2365 Virtutis
1334 2353 1347 2372 ‚
1406 2328 1582 2375 egiamque
1603 2328 1809 2375 dignitatem
1821 2352 1834 2370 ,
1860 2340 1899 2363 ac
1924 2328 2082 2364 meritum
2094 2328 2161 2376 sua
2187 2326 2446 2375 consideratione

400 2391 469 2415 non
492 2380 669 2428 transibit,
698 2379 783 2425 quin
806 2379 921 2425 potius
940 2378 1057 2416 multis
1082 2377 1294 2425 argumentis
1307 2378 1408 2426 suam
1431 2387 1513 2423 erga
1534 2388 1584 2412 me
1609 2375 1877 2412 benevolentiam
1893 2375 2078 2413 Paternum
2105 2373 2318 2415 declarabit,
2343 2384 2446 2421 quam

402 2427 600 2463 humillimis
622 2427 701 2462 meis
727 2425 888 2473 obsequiis
910 2429 1115 2475 promereri.
1135 2437 1174 2461 ac
1199 2437 1271 2461 eam
1297 2424 1506 2472 compensare
1535 2425 1704 2461 conabor.
1728 2426 1856 2464 Servet
1879 2423 2040 2473 Christus
2052 2423 2276 2463 Saniiitatem
2291 2419 2449 2471 Vestram

402 2474 506 2524 quam
529 2474 703 2522 diutiffime
724 2474 853 2511 Sanffiae
879 2475 1021 2512 Eccletae
1044 2473 1239 2512 incolumem
1257 2497 1269 2509 .

502 2523 632 2562 Datum
657 2520 794 2559 Gedani
813 2522 930 2569 pridie
993 2522 1081 2559 'onas
1102 2520 1311 2566 februarii,
1335 2523 1442 2560 Anno
1472 2520 1614 2559 Domini
1629 2521 1730 2570 1636.

673 2628 869 2699 Ejufilem
906 2628 940 2677 S
939 2630 1156 2710 anHitatis
1192 2629 1347 2680 Ves‘lrae

1626 2771 1940 2821 Obsequentiffimus
1962 2769 2071 2808 Filius

1438 2870 1687 2922 vladislaus
1719 2871 1822 2920 Rex
1852 2870 2029 2919 Poloniae
2063 2869 2118 2916 &
2149 2854 2314 2918 Stieciae.

497 3005 692 3044 Debuissent
706 3004 805 3053 juxta
825 3007 942 3053 pafhss
968 3006 1219 3055 Disputafionis
1234 3009 1308 3046 ειδὶα
1334 3009 1472 3056 publico
1483 3009 1651 3047 committi
1677 3015 1764 3057 typo
1778 3033 1786 3049 ‚
1814 3009 1986 3055 Nigrinus
2012 3017 2126 3044 autem
2141 3030 2154 3049 ‚
2178 3019 2220 3043 ne
2235 3007 2341 3044 rubor
2353 3006 2444 3045 inter

400 3055 543 3106 parietes
563 3054 726 3091 infaciem
745 3055 820 3102 ejus
831 3055 988 3092 {adustus
1002 3082 1010 3096 ‚
1037 3057 1177 3103 publicat
1191 3057 1386 3101 ignominiae
1405 3058 1491 3095 fama
1509 3060 1758 3102 adaugeretur,
1789 3057 1876 3095 hunc
1899 3055 2061 3103 supprimi
2083 3057 2104 3093 a
2119 3055 2301 3092 Valeriano
2320 3055 2418 3102 petiit
2431 3081 2445 3101 ,

399 3105 494 3142 νίξὶο
508 3114 636 3151 parcere
649 3103 833 3148 gloriosius
848 3104 911 3140 effe
924 3105 1056 3147 dicens,
1080 3107 1182 3152 quam
1199 3115 1381 3143 certantem
1397 3107 1552 3143 vincere.
1578 3107 1765 3152 Interrupit
1786 3105 1844 3142 ille
1857 3105 2037 3152 extemplo
2054 3103 2209 3148 Nigrina:
2229 3104 2442 3142 confidentia

401 3155 503 3189 verba
519 3177 528 3191 ‚
551 3152 650 3199 seque
671 3153 704 3194 in
718 3153 841 3188 Schola
860 3153 985 3190 Christi
1009 3153 1043 3189 &
1066 3153 1236 3199 disputare
1250 3180 1260 3195 ‚
1285 3155 1320 3191 8<
1337 3166 1471 3199 parcere
1486 3154 1635 3192 didicisse
1659 3153 1809 3201 reposuit
1823 3178 1831 3192 .
1857 3152 2073 3200 gloriamque
2096 3152 2256 3199 triumphi
2271 3165 2342 3189 non
2362 3153 2445 3197 fibi,

400 3204 456 3239 sed
466 3201 607 3247 Spiritui
622 3201 777 3237 veritatis
789 3201 928 3244 deberi,
954 3213 1018 3238 nec
1030 3203 1073 3238 de
1083 3201 1181 3238 illius
1192 3203 1388 3239 confulione
1399 3204 1431 3239 se
1446 3203 1545 3239 laetari
1555 3227 1568 3248 ‚
1586 3203 1640 3239 scd
1659 3202 1700 3239 de
1716 3202 1819 3239 salute
1842 3201 1988 3246 cogitare
2003 3200 2184 3248 adjunxit,
2209 3213 2249 3237 ac
2262 3201 2336 3238 asta
2347 3227 2358 3244 ,
2372 3214 2447 3250 quoe

403 3254 438 3287 in
463 3261 561 3286 manu
573 3249 710 3292 gerebat
726 3271 736 3288 ‚
761 3249 780 3286 ὃ
794 3250 939 3293 vestigio
960 3249 1104 3287 flammis
1116 3250 1234 3298 injecit
1251 3278 1260 3288 .

500 3296 686 3334 Christiana
699 3296 768 3332 haec
784 3296 949 3333 Valeriani
962 3298 1152 3335 humanitas
1172 3300 1205 3335 in
1217 3300 1319 3336 corde
1332 3300 1478 3344 Nigrini
1498 3299 1535 3336 id
1552 3300 1686 3344 effecit,
1712 3309 1751 3336 ut
1771 3299 1814 3335 de
1829 3298 1971 3335 meliore
1984 3295 2242 3335 catholicorum
2259 3307 2354 3344 parte
2371 3297 2447 3336 seli—

396 3348 509 3393 genda
522 3347 686 3388 cogitaret
702 3371 709 3380 .
735 3345 831 3382 Cura
850 3346 1052 3390 domestica,
1077 3348 1111 3384 8<
1132 3347 1236 3385 statos
1259 3348 1347 3385 ratio
1364 3347 1493 3384 distulit
1508 3349 1644 3395 quidem
1660 3346 1869 3395 propolitum
1881 3371 1893 3390 ,
1917 3348 2074 3384 constans
2090 3356 2198 3382 tamen
2222 3344 2443 3394 vivumque„

400 3397 526 3443 semper
536 3393 569 3429 id
579 3405 636 3440 per
650 3396 781 3430 litteras
796 3394 958 3437 retinuit,
984 3395 1130 3432 Gedano
1141 3397 1288 3433 Brunam
1303 3397 1345 3432 ad
1359 3396 1578 3433 Valerianum
1593 3398 1707 3434 datas.
1733 3397 1861 3442 Ruptis
1875 3396 2023 3437 tandem,
2039 3406 2115 3442 quae
2129 3395 2320 3438 obstabant,
2345 3407 2446 3442 repa·

400 3446 490 3491 gulis
504 3469 514 3484 ‚
539 3441 675 3489 ipsemet
690 3444 825 3480 tandem
843 3442 884 3479 ad
897 3442 1114 3481 Valerianum
1129 3446 1351 3494 properavit,
1375 3446 1515 3482 dolores
1527 3446 1689 3493 podagra
1699 3468 1712 3490 ,
1736 3455 1824 3491 quos
1837 3445 1968 3480 viarum
1979 3442 2137 3480 molestiae
2149 3443 2336 3480 reddebant
2363 3455 2445 3481 acu·

401 3495 508 3529 tiores
522 3516 534 3535 ,
562 3490 708 3528 viriliter
721 3501 935 3529 contemnens
945 3518 953 3528 .
2449 3507 2451 3509 ·

499 3539 647 3575 Volavit
667 3538 700 3575 in
722 3541 902 3587 amplexus
917 3539 1066 3577 Gedano
1092 3543 1225 3589 expulfi
1246 3541 1619 3590 hospieisvalerianus,
1643 3541 1744 3590 eique
1769 3540 1864 3577 suum
1890 3540 1931 3576 de
1945 3540 2210 3577 Catholicorum
2233 3540 2373 3585 Regula
2390 3541 2450 3577 Li-

403 3591 503 3627 brum
523 3589 564 3624 ad
591 3588 778 3634 praecipuos
792 3589 1036 3627 Heterodoxos
1059 3590 1220 3637 responlis
1231 3591 1411 3628 adaufitum
1430 3615 1443 3635 ‚
1463 3593 1498 3628 &
1524 3593 1584 3628 sub
1608 3592 1712 3638 prelo
1735 3588 1844 3625 adhuc
1855 3589 2026 3625 sudantem
2049 3591 2226 3635 porrexit.
2251 3589 2394 3626 Lestum
2411 3590 2447 3626 in

398 3637 501 3674 unius
516 3634 626 3672 noais
638 3635 744 3683 spatio
763 3637 932 3682 Nigrinus
950 3638 1110 3682 restituit,
1130 3638 1230 3687 seque
1255 3641 1360 3684 gratia
1377 3641 1441 3676 Dei
1457 3639 1674 3678 Catholicum
1685 3636 1799 3682 dixit,
1822 3649 1862 3673 ac
1875 3638 1973 3672 talem
1996 3636 2027 3672 se
2050 3637 2165 3672 litteris
2189 3637 2312 3674 summi
2330 3637 2447 3675 Ponti-

401 3686 499 3727 ficis‚
523 3684 557 3719 &
579 3687 616 3721 S.
630 3686 919 3730 congregationis
933 3686 973 3722 de
991 3687 1216 3734 Propaganda
1227 3686 1324 3724 Fidei
1337 3690 1502 3726 clientelae
1513 3686 1766 3725 commendavit
1778 3709 1790 3721 .
1817 3686 1917 3722 Fama
1931 3683 2010 3720 fasti
2028 3686 2216 3722 commovit
2239 3687 2369 3734 ubique
2385 3687 2449 3723 Po-

399 3735 517 3782 pulum
534 3756 546 3775 ,
572 3734 626 3768 vel
641 3733 683 3769 ad
695 3733 860 3770 Fremitum
875 3760 884 3773 ‚
909 3735 965 3771 vel
986 3736 1027 3771 ad
1038 3737 1212 3783 plausum.
1237 3737 1272 3773 δι
1287 3738 1366 3772 dum
1392 3739 1505 3782 plures
1519 3734 1657 3773 Lutheri
1677 3734 1862 3771 &calvini
1882 3732 2018 3771 affec-las
2042 3734 2148 3769 traxit
2171 3735 2206 3770 in
2227 3735 2367 3780 Nigrini
2388 3745 2452 3771 ex-

399 3784 550 3828 emplum
567 3805 576 3819 ‚
600 3781 690 3817 acuit
704 3782 846 3818 aliorum
862 3783 992 3828 linguas
1006 3783 1039 3819 in
1058 3784 1213 3829 sagittas,
1239 3786 1319 3822 dum
1335 3784 1572 3833 disputationis
1593 3782 1667 3819 aaa
1691 3782 1726 3819 in
1739 3783 1919 3828 reprobum
1936 3781 2062 3818 torsere
2083 3781 2210 3819 sensum
2223 3807 2232 3823 ,
2251 3784 2286 3820 &
2306 3785 2451 3828 gloriam

398 3829 575 3874 Valeriani
592 3838 767 3868 verterunt
789 3831 822 3867 in
840 3831 1095 3882 opprobrium,
1119 3833 1218 3871 etiam
1241 3834 1376 3881 Regis,
1401 3835 1654 3880 Preces-umque
1673 3831 1872 3870 testimonio
1889 3829 2058 3881 vilipenso
2073 3856 2082 3868 .
2111 3834 2159 3869 At
2181 3832 2251 3879 ipse
2275 3832 2454 3915 lxpgrinus

1207 3912 1210 3914 ,
2311 3892 2327 3915 e
2347 3892 2407 3916 vc·
