2638 4204
399 247 576 332 206
1078 243 1153 330 P
1167 270 1209 327 r
1232 271 1272 327 o
1295 272 1347 328 v
1369 244 1397 327 i
1420 268 1471 328 n
1495 270 1535 328 c
1559 243 1587 327 i
1611 267 1668 328 a

325 377 507 429 Philippus
527 381 709 420 Picinellus
740 382 774 418 in
790 380 956 419 Athena-Lo
991 377 1262 418 Mediolanenfi.
1287 374 1424 414 Svefius
1443 373 1478 410 in
1503 373 1639 411 Athenis
1665 370 1908 429 Osthodoxissss
1937 372 2156 416 MarcellInus
2173 379 2283 420 'tioster
2309 384 2382 423 ded,

324 427 400 463 Pil'e
423 430 458 465 in
475 431 531 468 sua
547 430 807 478 Encyclopoedia
833 443 918 467 tom.
932 441 962 474 3.
985 430 1133 466 Didacus
1148 425 1291 472 Lequile
1310 424 1369 460 lib.
1382 424 1424 459 de
1440 422 1616 458 francisco
1630 421 1845 466 Legislatote
1859 431 1909 458 ter
1922 422 2139 468 Evangelico
2155 436 2251 467 tomo
2269 434 2386 480 poste-

324 475 413 511 tiore
431 478 492 515 fol.
508 479 587 515 mihi
602 486 683 526 297.
696 481 765 515 col.
780 491 807 515 ι.
833 480 1044 517 Bibliotheca
1058 476 1271 522 Scriptorum
1281 472 1427 510 ordinis
1449 471 1551 506 nostri
1564 471 1631 508 &c-
1773 516 1783 526 ι

423 526 494 574 ipsa
509 529 587 564 dein
602 538 705 574 opera
718 530 738 563 ὲ
753 527 937 563 Valeriano
954 520 1045 576 ty‘pis
1059 526 1149 567 data,
1159 522 1235 558 sunt
1248 522 1421 558 luculenta
1433 519 1469 555 &
1483 517 1650 568 sapientiae
1664 542 1679 562 ‚
1702 518 1737 553 &
1751 518 1883 555 virtutis
1897 518 2260 567 Monumenta,n0tatu
2273 528 2317 565 eb
2328 530 2385 567 di.

323 571 445 616 gniora
457 600 479 625 λ
496 588 568 624 quo
581 575 689 624 major
704 576 751 612 est
763 576 884 611 horum
897 580 1069 619 catalogus
1081 597 1093 617 ‚
1120 571 1179 620 qui
1198 571 1348 618 sequitur
1363 595 1374 607 .

324 667 345 703 b
421 623 607 672 &odicium
630 625 671 661 de
687 622 979 662 ‘Acatbolicorum
999 621 1134 672 Regula
1148 618 1307 658 credendi
1326 626 1447 657 contra
1469 616 1543 655 illos
1557 642 1572 663 ,
1596 617 1657 666 qui
1670 614 1759 655 illud
1779 615 1961 666 confutare
1979 619 2096 657 conati
2100 617 2189 670 sunt
2213 620 2253 658 iu
2269 621 2329 671 sex
2339 625 2384 668 13.

347 679 401 704 ²¹⁰5
416 675 453 710 di
481 674 654 711 ributum.

418 672 486 759 Ἶζὶε
499 720 636 770 Regula
647 720 810 758 credendi
833 724 871 759 in
887 724 1054 760 communi
1067 742 1080 751 -

416 769 648 821 Responstones
669 770 713 805 ad
731 768 903 818 'Joannem
918 772 1087 820 Majorent
1101 796 1112 808 -

415 818 648 869 Responfiones
670 819 715 854 ad
731 818 902 868 {Joannem
916 821 1130 858 Martinium
1143 846 1155 856 .

416 866 646 918 Responstones
664 870 709 904 ad
729 869 901 919 ‘Joannem
923 868 1130 918 Rostaccium
1147 893 1158 904 .

414 915 645 966 Responfiones
660 917 705 953 ad
719 916 924 954 <Authorem
941 915 1173 963 Anonymum
1193 939 1203 948 ·

408 963 644 1049 ¹{Vesponfiones
671 965 718 1002 ad
743 966 939 1004 Conradum
956 965 1120 1013 Bergium
1135 993 1144 1002 .
1170 963 1310 1001 Viennae
1324 965 1469 1002 Austriae
1495 963 1585 1011 apud
1603 960 1802 1001 Matthaeum
1824 962 2074 1000 camel-ovium
2098 962 2133 999 in
2152 961 2243 1000 Aula
2269 960 2390 1000 Colo:

347 1014 403 1051 ien
418 1026 431 1049 ι
445 1026 535 1050 anno
554 1015 595 1050 16
626 1026 654 1049 ι.

318 1027 341 1053 n
412 1023 652 1111 &udicium4de
667 1061 918 1100 Catholicorum
932 1061 1067 1109 Regula
1085 1061 1247 1099 credendi
1271 1060 1316 1096 ad
1319 1060 1437 1110 studia
1457 1059 1671 1109 universalia
1685 1057 1904 1107 Biblistarum
1921 1082 1935 1109 ‚
1959 1061 1999 1096 in
2019 1072 2084 1109 quo
2098 1058 2209 1108 solide·
2230 1060 2305 1096 imis
2328 1071 2389 1096 ra-

315 1112 468 1150 tionibus
489 1111 667 1148 evincitur
688 1109 781 1146 illam
796 1122 912 1147 veram
935 1109 994 1160 effe
1009 1110 1135 1160 Christi
1166 1107 1339 1154 Ecclesiam
1355 1134 1366 1148 ,
1391 1121 1464 1157 quae
1488 1109 1596 1146 claret
1611 1108 1830 1155 ²regeneratis
1844 1120 1858 1149 ς
1884 1108 1972 1145 hanc
1986 1109 2067 1147 vero
2087 1120 2154 1146 non
2166 1121 2184 1146 e
2209 1120 2227 1145 e
2252 1107 2357 1146 aliam
2372 1131 2386 1156 ,

313 1159 414 1209 quim
427 1171 500 1209 quae
517 1160 738 1196 communicat
751 1160 789 1194 in
804 1157 884 1194 Fide
902 1169 976 1194 cum
989 1157 1141 1195 Romano
1151 1156 1315 1204 Pontifice
1327 1183 1340 1201 ,
1355 1159 1393 1193 in
1409 1158 1443 1195 8.
1457 1160 1534 1195 Lib.
1555 1156 1786 1208 distributum.

411 1210 479 1246 ‘De
492 1206 651 1245 naturali
666 1206 800 1254 Regula
813 1206 997 1253 judicandi
1010 1231 1021 1249 ‚
1046 1216 1087 1244 ut
1099 1206 1237 1257 respicit
1252 1205 1420 1256 Regulam
1441 1205 1542 1245 Fidei
1558 1230 1568 1241 .

409 1258 465 1296 De
479 1255 617 1305 poffibili
631 1255 765 1303 Regula
783 1252 878 1289 Fidei
892 1256 931 1290 in
946 1255 1058 1291 Deum
1071 1281 1080 1290 .

411 1306 479 1341 ‘De
494 1303 618 1340 afiuali
630 1303 766 1351 Regula
780 1300 877 1338 Fidei
887 1303 926 1337 in
939 1303 1051 1340 Deum
1067 1329 1078 1340 .

409 1353 567 1402 Historia
590 1353 631 1388 de
648 1351 901 1389 Catholicorum
916 1350 1137 1403 Ecclffastica
1151 1352 1288 1402 Regula
1301 1357 1313 1392 .'

408 1401 644 1450 Apologemma
670 1401 884 1438 Catholicum
896 1425 906 1435 .

411 1451 466 1488 De
480 1449 723 1487 articulationc
743 1449 911 1486 Dofirinae
926 1447 1128 1499 Christiana
1143 1473 1156 1492 ‚
1182 1460 1223 1487 ut
1236 1450 1280 1500 est
1300 1450 1540 1497 confirmabitis
1554 1450 1748 1488 rationibus
1761 1477 1774 1489 .

405 1499 461 1536 De
473 1499 616 1535 hominis
624 1498 768 1545 perfeffia
784 1499 1041 1544 regeneratione
1052 1506 1116 1582 per
1134 1502 1288 1546 gratiam
1310 1497 1542 1547 Redemptoris
1559 1526 1569 1537 .

410 1548 465 1585 De
479 1546 735 1596 infallibilitate
751 1545 932 1584 Catholicae
949 1545 1049 1594 Regu
1065 1558 1090 1583 ae
1103 1547 1264 1583 credendi
1279 1573 1289 1583 .
1317 1548 1445 1583 ibidem
1458 1549 1549 1596 apud
1562 1549 1713 1585 eundem
1735 1547 2012 1598 Typographum
2027 1558 2117 1584 anno
2135 1545 2238 1592 1641.

410 1596 499 1634 Echo
513 1607 596 1632 vera
606 1594 854 1644 absurditatum
868 1592 1021 1642 Joannis
1037 1595 1142 1631 Amos
1158 1595 1299 1632 Comens
1311 1619 1322 1638 ‚
1336 1595 1512 1634 latitantis
1516 1597 1585 1646 sub
1599 1595 1677 1644 fifio
1691 1599 1823 1633 nomine
1838 1596 2001 1633 vdalrici
2014 1596 2054 1633 de
2067 1594 2223 1641 Neufeld
2234 1619 2248 1639 ,
2273 1595 2313 1631 in
2326 1605 2391 1642 qu·

317 1644 490 1695 Opusculo
507 1642 714 1682 Valerianus
727 1654 796 1680 tam
812 1640 913 1689 solide
933 1643 1089 1691 confutat
1105 1643 1316 1680 Haereticum
1329 1652 1578 1691 oppugnantem
1590 1644 1758 1681 mutilatis
1771 1645 2122 1694 plurium‘Dofiorum
2137 1643 2390 1680 catholicorum

307 1693 497 1742 sententiis
512 1694 671 1742 praefatos
686 1692 726 1727 de
741 1690 873 1739 Regula
888 1691 1049 1727 credendi
1063 1692 1184 1728 Libros
1197 1716 1210 1736 ,
1235 1702 1276 1729 ut
1289 1703 1356 1727 non
1364 1693 1481 1740 fuerit
1509 1693 1656 1731 ulterius
1670 1694 1770 1741 ausus
1792 1693 1891 1731 illum
1899 1702 2085 1742 provocare
2098 1718 2108 1729 .
2142 1693 2270 1730 ibidem
2288 1694 2393 1740 1642.

408 1741 598 1790 Soliloquia
615 1738 796 1777 Valeriam·
810 1768 817 1775 .
849 1740 977 1777 ibidem
995 1740 1098 1786 1643.

406 1791 589 1837 Organum
606 1788 838 1836 Theologicum
856 1811 869 1831 ,
886 1787 949 1835 seu
975 1789 1065 1824 ratio
1077 1790 1348 1835 argumentandi
1359 1802 1399 1828 ex
1410 1791 1555 1828 humano
1566 1800 1599 1827 te
1625 1790 1747 1827 imonio
1761 1815 1774 1835 ‚
1790 1789 1855 1838 Jeu
1874 1791 2008 1827 ratione
2021 1816 2031 1826 .
2059 1789 2192 1826 ibidem
2212 1790 2317 1840 1643.

408 1840 495 1877 Afiia
507 1839 747 1886 disputationis
763 1835 1021 1885 Rheinfelsenfis
1034 1861 1048 1879 ‚
1066 1837 1171 1884 super
1199 1837 1298 1885 cujus
1315 1838 1559 1887 disputationis
1602 1838 1730 1875 ofirina
1746 1839 1931 1889 Celfiffimus
1947 1839 2112 1887 Princeps
2128 1838 2286 1888 Ernestus
2298 1839 2361 1876 Ha
2375 1858 2389 1868 -

304 1889 359 1938 sus
372 1889 611 1972 Lantgraviius
625 1913 635 1928 ,
662 1885 733 1924 una
747 1898 821 1924 cum
836 1883 1061 1934 Principissa
1084 1882 1237 1932 eonjuge
1252 1882 1352 1934 suam
1373 1898 1415 1924 ex
1430 1887 1640 1937 Calvinismo
1663 1888 1708 1924 ad
1725 1886 1840 1925 Fidem
1853 1887 2064 1926 Catholicam
2083 1886 2326 1936 conversionem
2354 1899 2390 1925 o·

311 1938 464 1975 lidavit.
493 1936 541 1973 lbi
566 1948 617 1972 em
639 1938 679 1973 16
733 1959 742 1970 .

406 1986 461 2022 De
474 1986 563 2022 Luce
578 1949 766 2027 mentiffim
790 1984 832 2024 (ς’
856 1981 928 2031 ejus
952 1982 1126 2030 imagine:
1148 1990 1282 2030 parvus
1305 1983 1440 2031 quidem
1465 1984 1547 2021 mole
1565 1983 1732 2022 trafiatus
1749 2009 1761 2028 ‚
1785 1985 1906 2032 ingens
1934 1986 2015 2024 verb
2037 1985 2184 2034 pondere
2189 1984 2388 2032 sententia}

309 2046 387 2073 rum
402 2059 414 2078 ,
438 2035 481 2075 ὦ·
493 2032 746 2074 doEirinarum3
771 2031 1001 2080 disponuntur
1024 2031 1126 2068 enim,
1139 2033 1178 2067 in
1187 2032 1319 2080 gradus
1336 2034 1571 2081 quadraginta
1585 2059 1595 2072 ‚
1618 2041 1679 2080 per
1693 2044 1773 2081 quos
1787 2034 1983 2081 ascenditur
1994 2035 2039 2071 ad
2058 2032 2386 2081 contemplandum

314 2082 422 2121 oculis
437 2094 503 2118 non
513 2082 743 2129 caligantibus
759 2082 881 2119 Lucem
895 2081 1094 2118 creatricem
1103 2103 1115 2122 ‚
1145 2091 1217 2127 qua
1230 2081 1407 2118 illuminat
1421 2093 1547 2119 omnem
1562 2080 1725 2118 hominem
1738 2083 1979 2118 venientemin
1991 2083 2081 2119 hunc
2093 2081 2256 2118 mundum
2271 2104 2284 2124 ‚
2296 2081 2335 2115 in
2351 2083 2386 2119 8.

404 2130 587 2169 Methodus
604 2129 834 2167 convincendi
847 2153 860 2173 ‚
886 2130 929 2172 ὼ·
941 2128 1125 2166 revocandi
1143 2129 1337 2167 Haereticos
1356 2130 1400 2166 ad
1413 2128 1527 2167 Fidem
1543 2129 1754 2168 Catholieam
1768 2157 1777 2171 ‚
1799 2130 1843 2166 ab
1859 2130 1998 2181 ipfismet
2015 2129 2203 2168 Haereticis
2220 2128 2385 2168 Ratisbo.

311 2181 461 2230 nenfibus
476 2180 513 2214 in
527 2179 684 2216 Comitiis
698 2177 939 2215 Elei‘ioralibus
950 2189 1040 2214 anno
1065 2179 1105 2214 16
1136 2191 1168 2223 3.
1184 2177 1364 2215 celebratis
1377 2179 1562 2227 plurimum
1582 2178 1776 2216 collaudata
1790 2204 1800 2215 .

404 2231 480 2267 Lux
495 2229 533 2262 in
549 2229 702 2265 tenebris
728 2227 842 2264 lucens
853 2251 866 2270 ,
889 2239 953 2275 quo
968 2226 1107 2276 Opuscu
1122 2239 1138 2263 o
1162 2237 1204 2263 ex
1218 2227 1323 2276 faflis
1336 2226 1569 2276 Catholicismi
1582 2251 1595 2272 ,
1621 2228 1665 2269 ὠ·
1677 2224 1954 2277 υίσαιὶιοΙὶεὶβιιὶ
1971 2229 2017 2266 ad
2030 2226 2162 2267 oculum
2181 2225 2386 2283 demonstra·‘

306 2288 367 2316 tur
381 2302 390 2318 ‚
419 2276 545 2325 quaestt
558 2288 642 2313 vera
657 2275 795 2323 Ecclesia
814 2300 824 2311 .
851 2274 947 2312 Tam.
968 2288 980 2311 1
992 2299 1000 2308 .
1013 2277 1052 2311 in
1070 2280 1105 2311 8.

399 2325 610 2374 Opusculum
633 2335 752 2362 contra
766 2324 1009 2361 Hermannum
1036 2324 1242 2373 Coringium
1252 2327 1467 2365 Haereticum
1480 2352 1493 2371 ,
1510 2326 1724 2374 satagentem
1736 2325 1967 2374 subvertere,
1991 2326 2035 2367 ὼ·
2050 2335 2230 2362 concutere
2249 2324 2388 2373 funda-⁴

306 2384 420 2413 menta
435 2374 578 2457 Ecclesgq
592 2397 603 2413 ‚
627 2386 690 2422 quo
706 2372 744 2412 V
736 2372 914 2458 gleriauns
929 2373 1103 2410 examinat
1117 2373 1351 2422 fundamenta
1371 2375 1587 2426 concuffionis
1601 2401 1611 2418 ‚
1637 2374 1817 2423 eademque
1830 2375 1871 2412 in
1884 2374 1991 2424 ipsum
2004 2375 2251 2412 concutientem
2264 2371 2381 2418 valide

304 2433 398 2463 retor
424 2432 482 2460 uet
494 2451 503 2460 .
562 2435 623 2460 om.
641 2435 672 2459 ι.
687 2426 724 2460 in
758 2447 767 2457 .
2326 2459 2329 2462 .

401 2435 673 2509 &ommentarius
695 2474 734 2507 in
756 2470 840 2510 29¹4.
866 2469 1023 2521 &oc-osum
1036 2491 1050 2512 ‚
1073 2470 1241 2509 Severum
1267 2472 1426 2510 Medium
1444 2484 1519 2509 cum
1551 2473 1734 2522 appendice
1756 2497 1769 2517 ,
1793 2474 1836 2516 ιβ’
1861 2471 2105 2523 appendicula.
2136 2470 2189 2522 Est
2212 2471 2299 2508 liber
2314 2469 2378 2519 sui

301 2519 559 2605 zqffpologetictgs
583 2521 622 2556 ob
643 2520 829 2556 doetrinam
850 2521 890 2556 in
906 2516 1127 2568 Reinfelsenst
1143 2520 1377 2569 disputatione
1404 2521 1595 2559 adhibitam
1610 2548 1621 2564 ‚
1638 2520 1728 2571 falsb
1747 2523 1937 2560 tradufiiam
1956 2546 1970 2563 ,
1994 2520 2106 2559 veluti
2120 2521 2349 2564 haereticam-e
2362 2542 2376 2555 .

341 2581 402 2607 om.
427 2582 456 2605 1.
475 2580 512 2603 tn
549 2595 558 2606 .

401 2615 569 2666 Apologia
593 2614 777 2656 Valeriani
794 2641 807 2663 ,
836 2627 903 2665 qua
920 2616 1114 2667 imposturas
1125 2617 1403 2668 adversariorum
1414 2620 1580 2673 noviffimi
1591 2621 1657 2672 Jibi
1676 2619 1804 2672 inustas
1818 2619 1982 2660 vendicat
1995 2645 2007 2658 .

1074 2733 1234 2801 Opera
1263 2733 1578 2806 Philosophica
1598 2774 1611 2787 .

333 2864 335 2870 ·
399 2858 453 2895 De
476 2857 645 2908 Peripatu
660 2859 744 2897 libri
770 2859 860 2900 duo,
886 2860 926 2896 in
940 2871 1083 2908 quorum
1093 2861 1205 2910 primo
1223 2862 1330 2901 totius
1335 2861 1414 2911 feri
1427 2862 1638 2916 ‘Aristotelis
1654 2862 1769 2903 tradit
1783 2861 1965 2913 synopsim:
1993 2862 2033 2899 in
2056 2859 2165 2901 altero
2178 2858 2259 2899 verb
2277 2858 2379 2908 suam

302 2906 439 2956 profert
453 2906 494 2942 de
507 2906 570 2943 hac
589 2908 741 2945 dofiirina
757 2909 968 2957 sententiam
980 2933 991 2946 .
1661 2911 1667 2914 ⁴

398 2956 466 2993 ‘De
480 2953 666 3004 syllogismo
683 2957 948 3005 demomstrativo
966 2983 978 2995 .

398 3004 454 3042 De
469 3004 554 3042 Ente
570 3005 732 3043 Rationis
747 3031 760 3050 ,
784 3007 826 3048 ἐς·
840 3005 880 3042 de
896 3007 967 3055 ejus
979 3005 1189 3057 distinfiione
1207 3008 1251 3044 ab
1263 3016 1341 3047 ente
1355 3009 1465 3051 reali.

401 3052 457 3090 De
464 3055 742 3103 proposttionibus
760 3054 800 3091 de
809 3056 914 3104 perse
936 3057 1045 3093 notis.

311 3132 329 3145 ,
401 3101 594 3140 Axiomata
611 3114 653 3140 ex
665 3113 757 3140 motu
781 3104 827 3139 ad
844 3104 1038 3154 universam
1051 3103 1309 3155 Philosophiam
1321 3130 1336 3146 .

404 3147 587 3188 Traffiatus
612 3153 654 3189 de
669 3153 758 3189 Ente
775 3163 842 3188 non
852 3151 963 3201 fufio.

401 3198 457 3236 De
482 3199 570 3238 Ente
589 3200 753 3249 nonfafflo
766 3225 779 3244 ‚
804 3210 845 3238 ut
864 3213 882 3236 e
922 3200 981 3239 lux
1000 3203 1166 3242 mentium
1182 3227 1193 3240 .

398 3248 456 3285 De
466 3248 554 3286 Ente
581 3262 647 3286 non
653 3249 743 3299 faiio
750 3248 788 3300 se
811 3261 866 3286 mu
881 3249 1059 3300 tiplicante
1076 3279 1086 3289 .

402 3295 588 3335 Traflatus
605 3299 646 3336 de
657 3300 750 3337 Arte
763 3298 915 3338 AEterna
928 3325 938 3335 .

398 3345 454 3383 De
469 3345 619 3384 Ratione
634 3349 814 3385 lcom'muni
836 3348 985 3386 Entibus
1001 3359 1042 3387 ut
1052 3349 1155 3400 fabiis
1173 3353 1182 3389 ζ

401 3393 584 3432 Traetatus
597 3396 637 3433 de
655 3397 744 3435 Ente
764 3398 937 3435 immotivo
950 3425 958 3434 .

404 3441 591 3482 Traiiatus
609 3446 652 3483 de
662 3444 813 3483 Ratione
827 3450 994 3484 communi
1010 3449 1155 3487 Entibus
1169 3450 1310 3490 motivis
1321 3475 1332 3488 .

403 3492 586 3532 Trofiatus
599 3495 641 3532 de
653 3495 703 3543 Sy
729 3505 838 3534 emate.
857 3504 970 3533 creato
987 3524 997 3535 .

399 3541 457 3579 Dc
478 3543 648 3594 gradihus
698 3545 839 3582 ntitatis
851 3571 862 3583 .

401 3591 458 3629 De
473 3591 704 3641 “Poffibilitate
716 3596 822 3632 vacui
834 3624 844 3631 .

397 3639 454 3678 De
469 3639 803 3691 incorruptibilitate
823 3655 940 3693 aquae.

397 3688 453 3726 De
468 3685 506 3725 V
502 3692 571 3727 itro
584 3692 737 3730 mirabili
749 3692 861 3741 frafio
878 3719 889 3731 .

397 3738 639 3797 De’Atheismo
665 3740 881 3793 Aristotelis,
903 3743 1030 3791 quibus
1046 3746 1208 3784 omnibus
1235 3747 1409 3793 opusculis
1431 3743 1701 3784 demonstrantur
1718 3742 1834 3790 piures
1846 3740 2068 3790 antiquorum
2082 3736 2369 3786 Philosophorum

299 3799 434 3827 errores
453 3800 487 3824 m
501 3788 657 3826 doflrinn
676 3790 912 3837 philosophica
928 3817 939 3825 .
966 3794 1120 3840 lmpreffa
1138 3795 1210 3832 sunt
1224 3795 1369 3835 Viennae
1385 3794 1525 3834 Austris
1539 3804 1627 3829 anno
1647 3794 1752 3840 1643.

397 3837 574 3875 Extant&
583 3841 696 3877 adhuc
710 3838 945 3888 Manuscripta
962 3841 1005 3878 ab
1016 3854 1059 3879 eo
1073 3843 1286 3892 relic-Iamna.
1295 3845 1452 3883 &lucem
1464 3839 1661 3890 exspestant
1672 3840 1838 3889 publicam
1855 3851 1865 3877 :
1887 3839 2051 3879 videlicet
2073 3831 2358 3921 thfhpZssaI-la
2367 3852 2380 3870 ι
