2638 4204
948 265 1562 380 Coloniensts·
2069 296 2219 375 293

225 407 427 451 charitatis
442 435 457 459 ‚
482 406 636 449 animas
653 404 815 449 Christo
830 401 1070 446 lucrifacere
1086 402 1123 442 in
1146 409 1227 442 ter·
1285 409 1332 439 tae
1345 426 1360 449 ,
1391 389 1640 453 inffeclefia
1665 391 1851 456 Fratrum
1867 390 2030 434 Ordinis
2046 395 2285 440 [minorum-2

225 466 300 508 τίς.
334 466 581 521 Multiplicet
598 466 634 507 in
658 466 768 507 vobis
788 461 975 518 quotidie
992 460 1116 512 magis
1130 460 1227 498 Om-
1283 457 1414 497 Sanni
1447 450 1642 497 Francisci
1687 450 1992 502 Capucinorum
2032 466 2286 508 nuncupato-

225 523 408 578 nipotens
430 526 468 565 &
485 526 707 567 misericors
728 525 832 564 Deus
856 521 958 561 dona
986 516 1059 558 suae
1084 516 1218 556 sandtae

225 584 385 635 gratiae,
399 594 440 624 ut
458 582 600 624 melius
615 587 763 635 semper
779 581 819 621 &
835 577 982 634 majore
998 588 1089 615 cum
1104 585 1218 614 emo-

224 638 408 683 lumento
435 641 491 686 illi
517 639 705 682 inservire
722 640 758 680 in
777 638 986 680 vocatione
1004 631 1131 674 vestra
1151 642 1218 694 va-

225 698 345 742 lestis
361 729 374 750 ,
406 699 549 755 idque,
574 708 618 739 ut
640 695 869 752 diligentins
894 693 1039 749 jugiter
1069 697 1218 753 curetis

223 755 467 813 (quanquam
494 755 653 798 minime
668 755 847 809 indigere
867 745 1216 793 cohortationibus

222 829 294 858 vos
322 813 616 870 intelligimus)
645 825 719 867 pro
750 820 919 865 paterno
943 807 1079 850 affeetu
1101 816 1219 870 {²¹9⁰

221 874 350 916 vestra
375 873 480 929 apud
496 875 626 914 Deum
653 868 796 910 merita
812 868 938 921 magis
967 879 1012 907 ac
1026 873 1151 916 magis
1178 874 1217 903 in

221 932 306 974 dies
321 932 456 986 augeri
470 931 648 984 cupimus
661 954 676 977 ‚
701 928 784 967 Vos
799 926 1008 966 hortamur
1019 951 1030 960 .
1167 975 1174 983 .

279 989 490 1048 Qannlm
504 997 636 1029 autem
651 983 700 1025 ad
717 986 801 1024 Nos
825 983 974 1023 attinet
991 1009 1004 1030 ,
1029 977 1217 1019 libentis-

220 1046 318 1089 iimo
341 1047 472 1089 animo
494 1044 676 1084 omnibus
695 1038 1039 1095 significationibus
1063 1034 1215 1089 paterni

221 1119 265 1147 ac
281 1101 483 1157 angularis
509 1101 547 1142 in
564 1102 674 1152 Vos,
705 1098 952 1152 vestramque
973 1093 1218 1137 Fraternita-

219 1172 300 1204 tem
315 1160 434 1203 nostri
453 1158 599 1202 amoris
615 1188 628 1210 ,
642 1156 832 1215 quantum
850 1169 936 1197 cum
956 1152 1130 1195 Domino
1143 1162 1215 1206 po-

220 1221 386 1264 terimus
409 1244 424 1265 ,
458 1214 894 1260 Ιευάώίἰίὸυςπείὶτίε
929 1210 1136 1254 conatibus
1167 1221 1214 1252 ac

222 1280 297 1336 piis
312 1276 444 1320 studiis
459 1275 696 1318 favebimns.
730 1272 899 1315 Interim
912 1270 1183 1331 mandavimus
1200 1293 1214 1315 ‚

223 1349 267 1379 ut
283 1334 450 1379 Ministri
471 1334 588 1376 nostri
605 1363 618 1385 ‚
637 1343 756 1388 atque
785 1329 898 1386 hujus
925 1333 964 1372 S.
978 1326 1215 1383 Apostolicae

225 1395 366 1443 Sedis,
392 1394 457 1448 qui
475 1394 606 1447 Pragae
631 1398 955 1439 commorantur,
985 1385 1119 1429 sedulo
1145 1396 1213 1425 cu-

223 1460 317 1495 rent
343 1451 531 1492 obtinere
547 1452 568 1491 a
585 1448 763 1500 Caesare,
791 1461 873 1503 quae
898 1459 969 1488 vos
991 1441 1215 1486 defiderare

223 1508 492 1552 intelleximus
509 1537 522 1559 ,
545 1523 620 1564 pro
644 1504 906 1550 commodiori
934 1501 1215 1545 sustentatione

225 1565 522 1611 conversorum
550 1566 598 1608 ad
628 1563 843 1607 Ecclefiam
869 1565 908 1605 S.
935 1560 1217 1605 Catholicam.

229 1623 461 1669 Confirmet
488 1625 569 1666 Vos
597 1627 702 1666 Deus
734 1623 773 1664 in
802 1620 910 1664 omni
936 1634 1056 1675 opere
1080 1618 1216 1664 bono,

227 1693 447 1739 augeatque
475 1684 511 1723 in
523 1683 645 1724 Vobis
671 1680 823 1734 semper
839 1679 1004 1734 gratiam
1027 1680 1064 1719 8c
1091 1676 1199 1718 virtu

227 1756 328 1792 tem,
341 1752 383 1782 ut
394 1741 625 1794 acceptiora
640 1739 711 1781 fint
724 1739 761 1780 ei
775 1737 927 1791 semper
940 1749 1062 1792 opera
1079 1733 1218 1782 vestra,

224 1805 264 1843 &
282 1803 365 1842 Nos
378 1813 469 1841 cum
485 1798 589 1838 omni
605 1796 806 1838 charitatis
821 1794 958 1838 affeffitu
972 1793 1095 1837 Vobis
1111 1795 1219 1847 Apo-

224 1857 404 1900 stolicam
420 1855 741 1898 Benedicftionem
754 1856 1024 1909 impertimur.
1099 1888 1103 1890 ,

281 1918 428 1957 Datum
461 1915 600 1956 Romae
625 1913 728 1967 apud
764 1917 804 1957 S.
826 1914 993 1957 Mariam
1020 1908 1219 1964 Maiorem

224 1973 304 2016 sub¹
323 1971 483 2015 Annulo
512 1971 725 2014 piscatoris
752 2001 767 2022 ,
806 1969 873 2013 die
902 1968 1219 2013 xvii-Kalend.

225 2030 392 2085 Augusti
425 2034 540 2073 Anno
565 2043 750 2072 mocsvt.
795 2026 1061 2072 Pontificatfis
1102 2025 1221 2070 nostri

228 2087 485 2131 duodecimo.

752 2205 895 2246 Petrus
928 2207 1111 2246 Strozza.

805 2398 1228 2419 -u-—ufi—-d—

232 2552 443 2619 Ejusdem
467 2552 1042 2612 Archi-‘confraternitatis
1078 2559 1226 2605 Statu·

300 2639 348 2692 ta
378 2621 658 2693 Apostolicaa‘
674 2622 897 2689 firmitatis
925 2626 1087 2676 robore
1106 2642 1228 2673 com-

299 2697 448 2742 munit
466 2702 547 2751 ssac
565 2694 680 2742 inter
696 2692 745 2742 ea
764 2690 973 2768 quintum
988 2732 1003 2754 ,
1022 2693 1199 2744 sextum
1211 2731 1227 2754 ,

302 2761 350 2813 ἃ
371 2760 609 2829 septimum
643 2764 801 2828 capitis·
811 2781 875 2813 xv
888 2784 906 2813 1
922 2785 941 2814 1
957 2786 974 2814 1
986 2802 997 2814 .
1013 2759 1229 2814 articii'los

303 2829 387 2881 sub
414 2828 548 2899 poena
580 2835 1063 2899 excommunicationis
1086 2831 1231 2883 obser-

301 2903 402 2951 vari
435 2899 594 2951 debere
620 2900 851 2950 decernit.
903 2953 905 2955 ,

387 3031 724 3096 Ρᾏυιυε
777 3042 974 3092 PAPA
1019 3044 1081 3091 v.

411 3181 479 3222 Ad
490 3187 721 3234 perpetuam
744 3179 803 3222 rei
825 3183 1060 3222 memoriam.

333 3311 396 3350 las
422 3306 750 3351 Christifidelium
777 3306 1175 3352 Confraternitates‚
1198 3308 1234 3347 &

352 3368 509 3421 pietatis
526 3394 540 3417 ,
565 3368 604 3407 &
631 3365 847 3407 christianae
877 3363 1084 3406 charitatis
1115 3378 1236 3418 opera

240 3427 514 3467 exercentium
529 3425 720 3466 canonica
734 3423 910 3465 instituta
927 3451 939 3472 ,
954 3421 1060 3464 urin
1079 3435 1237 3464 eorum·

244 3478 334 3521 dem
349 3484 502 3536 piorum
521 3496 688 3536 operum
705 3482 901 3523 exercitio
917 3475 1208 3522 confoveantur
1223 3508 1237 3531 ,

159 3545 170 3560 ¹
242 3535 470 3590 specialibus
490 3537 696 3584 favoribus
711 3568 723 3590 ,
749 3541 787 3580 ἃ.
802 3540 942 3595 gratiis
959 3539 1134 3580 libenter
1148 3550 1236 3592 pro-

242 3594 612 3653 sequimur,.prout
638 3595 899 3653 conspicimus
917 3597 957 3638 in
976 3596 1153 3638 Domino
1181 3593 1236 3638 sa-

243 3651 410 3695 lubriter
429 3657 616 3709 expedire
631 3685 644 3703 .‚

303 3711 404 3755 Sane
418 3714 578 3755 nomine
591 3711 1040 3757 dilectorum-Fatorum
1053 3737 1068 3759 o
1093 3710 1239 3754 Praefe-

244 3768 296 3809 fii
310 3798 326 3819 ‚
347 3768 582 3812 Officffalium
593 3797 607 3819 2
618 3771 932 3815 &Confratrum
946 3766 1236 3812 Archiconfra-

246 3828 452 3870 ternitatis
469 3827 653 3871 Passionis
684 3832 735 3887 D!
752 3834 805 3874 Ν.
816 3833 853 3885 J.
869 3828 1016 3886 Christi
1042 3841 1240 3883 nuncupa·

1279 529 1367 557 rum
1394 537 1407 564 —‚
1435 510 1627 554 Civitatis
1668 506 1916 549 Colonienfis
1938 535 1952 557 ,
1991 513 2184 554 canonice
2222 514 2284 553 in-

1279 574 1448 622 stituta,
1480 568 1604 613 Nobis
1635 578 1762 620 nuper
1793 565 2011 619 expolitum
2040 568 2144 621 suit,
2174 571 2283 626 quod

1279 632 1347 685 ipsi
1383 642 1458 686 pro
1483 626 1599 670 felice
1627 622 1895 680 prosperaque
1925 629 2282 671 Archiconfrater-

1278 689 1418 732 nitatis
1460 682 1685 740 hujusmodi
1724 681 1948 723 directione
1980 688 2169 730 nonnulla
2208 686 2282 729 sta-

1277 756 1363 789 tuta
1391 742 1647 787 condiderint
1670 764 1685 788 2
1711 740 1864 786 tenoris
1896 739 2201 799 subsequentis,
2227 745 2283 787 vi-

1277 803 1460 846 delicet:
1715 822 1718 824 ·

1574 927 1886 970 CAPUT
1961 930 1996 970 1.

1362 1060 1466 1128 ,Qui
1489 1058 1543 1108 «¹5
1570 1057 1709 1127 quales
1738 1060 1782 1106 in
1811 1057 2207 1125 Confraternitatem

1602 1131 1732 1194 recipi
1757 1128 1927 1178 debeant
1942 1165 1955 1179 .

1282 1305 1286 1308 .
1335 1276 1470 1316 Cum,
1498 1276 1544 1311 ut
1560 1267 1773 1323 Apostolus
1803 1268 1886 1310 ait:
1920 1270 2186 1312 Personarum
2218 1282 2287 1310 ac·

1276 1330 1454 1386 ceptatio
1485 1340 1563 1369 non
1591 1328 1636 1368 fit
1659 1326 1765 1382 apud
1786 1329 1944 1380 Deum3
1979 1329 2043 1371 sed
2073 1328 2184 1370 idem
2206 1329 2287 1367 Do·

1275 1391 1407 1431 minus
1420 1386 1600 1429 omnium
1613 1414 1626 1437 ‚
1640 1384 1752 1428 dives
1766 1386 1806 1429 in
1822 1400 1960 1428 omnes
1973 1414 1986 1436 ‚
2007 1388 2075 1443 qui
2093 1388 2288 1428 invocant

1274 1448 1389 1490 illum
1402 1477 1413 1496 ‚
1430 1446 1496 1488 ubi
1513 1458 1591 1487 non
1607 1444 1660 1486 est
1673 1445 1849 1488 Gentilis
1861 1474 1874 1497 ,
1887 1445 2288 1502 &Judaeus,circum-

1278 1506 1373 1550 cisio
1397 1507 1433 1546 ὃς
1458 1502 1692 1558 praeputium
1706 1532 1720 1556 ,
1734 1504 1926 1547 barbarus
1949 1506 1988 1544 δι
2003 1504 2152 1558 Scytha
2169 1532 2184 1552 ,
2204 1503 2288 1543 ser·

1279 1578 1351 1607 vus
1380 1565 1419 1605 &
1435 1562 1569 1604 liber:
1593 1560 1656 1603 sed
1675 1564 1808 1604 omnia
1835 1563 1873 1603 δε
1893 1562 1929 1602 in
1960 1562 2143 1604 omnibus
2162 1561 2289 1602 Chri·

1278 1624 1354 1665 stus
1370 1650 1383 1672 ‚
1406 1622 1462 1663 ita
1478 1633 1618 1661 omnes
1632 1621 1777 1662 Crucis
1794 1620 1866 1661 suae
1884 1623 2110 1663 Senatores
2127 1619 2204 1662 effe
2223 1633 2289 1661 vo.

1279 1680 1381 1725 luit:
1403 1680 1496 1722 ideo
1511 1677 1834 1721 confraternitas
1855 1679 1922 1722 ista
1937 1681 2065 1722 omnis
2080 1677 2199 1722 statiis
2211 1706 2224 1729 ,
2240 1691 2286 1718 ac

1279 1740 1434 1782 ordinis
1452 1737 1635 1780 homines
1651 1765 1664 1787 ‚
1698 1736 2025 1790 Ecclefiasticos‚
2056 1738 2289 1787 Saeculares,

1279 1800 1546 1855 conjungatos
1571 1796 1610 1835 &
1627 1792 1941 1843 solutos‚modb
1965 1799 2139 1852 probatis
2167 1795 2291 1837 mori-

1279 1858 1350 1899 bus
1366 1884 1379 1907 ‚
1408 1869 1454 1898 ac
1471 1854 1663 1896 mediocri
1683 1855 1917 1897 litteratura
1931 1881 1945 1901 s
1971 1866 2017 1898 ut
2034 1856 2157 1898 latine
2171 1853 2290 1897 intel·-

1279 1915 1407 1969 ligant
1431 1942 1444 1964 ,
1477 1914 1608 1955 ornati
1636 1914 1736 1963 sint,
1759 1912 1966 1955 admittet.

1337 1975 1394 2015 11.
1426 1972 1509 2030 Qi
1526 1971 1688 2013 admitti
1705 1971 1838 2014 volent
1854 1982 1948 2014 ante
1963 1973 2098 2015 omnia
2114 1971 2191 2013 Dei
2207 1985 2291 2012 om-

1281 2034 1501 2088 nipotentis
1533 2029 1553 2084 (
1577 2032 1600 2073 a
1623 2043 1703 2085 quo
1729 2029 1835 2072 bona
1861 2032 2002 2073 cuncla
2029 2030 2291 2087 procedunt)

1283 2091 1534 2133 voluntatem
1569 2087 1726 2146 jejuniis
1744 2117 1758 2139 ‚
1787 2089 1963 2145 vigiliis,
1997 2088 2250 2131 orationibus
2277 2115 2291 2136 ‚

1282 2151 1321 2191 δι
1334 2146 1596 2203 eleemosynis
1612 2147 1855 2202 cognoscere
1874 2147 2051 2202 satagent
2065 2175 2079 2197 ,
2096 2149 2144 2189 ab
2159 2161 2290 2200 eoque

1284 2209 1435 2251 donum
1460 2205 1764 2263 perseverantiae
1794 2205 1845 2248 ad
1873 2204 1992 2249 finem
2032 2204 2154 2263 usque
2179 2205 2294 2259 flagi-.-

1285 2267 1427 2310 tabunt
1442 2293 1452 2304 ·

1346 2327 1422 2367 111.
1457 2323 1556 2366 Inde
1573 2323 1749 2378 Regulas
1777 2325 1800 2367 a
1818 2325 1938 2366 Patre
1963 2321 2294 2369 Confraternita-

1287 2383 1336 2426 tis
1352 2393 1517 2438 petent,
1531 2382 1748 2437 diligenter
1765 2383 1922 2436 legent,
1934 2382 2123 2424 accurate
2140 2396 2294 2436 expen-

1286 2442 1383 2484 dent
1399 2470 1412 2492 ‚
1437 2442 1476 2482 &
1490 2469 1506 2491 ,
1524 2441 1546 2482 fi
1561 2441 1611 2484 ad
1628 2441 1702 2483 Dei
1726 2441 1925 2496 gloriam,
1950 2441 2292 2496 animarumque)

1287 2499 1452 2543 salutem
1481 2512 1646 2555 operam
1666 2498 1769 2540 suam
1789 2500 1830 2541 in
1846 2499 1976 2542 taneto
1993 2499 2259 2541 istoinstituzo
2275 2527 2290 2550 ‚

1287 2573 1377 2601 cum
1405 2555 1532 2600 fructu
1550 2556 1744 2599 collocari
1761 2556 1871 2613 posse
1895 2555 2032 2599 divina
2056 2557 2184 2612 gratia
2201 2558 2292 2610 spe-

1288 2615 1624 2671 rent,supplicem
1641 2614 1824 2658 libellum
1841 2616 2039 2670 Magistris
2057 2616 2293 2658 libellorum

1287 2675 1511 2730 supplicum
1535 2674 1787 2714 exhibebunt
1806 2702 1819 2714 .

1348 2735 1423 2775 lv.
1455 2731 1490 2773 li
1518 2726 1694 2771 referent
1718 2729 1757 2768 in
1785 2728 1910 2784 prima
1926 2731 2295 2787 Congregatione)=

1291 2790 1524 2835 Praefecti&
1541 2785 1807 2829 Affistentium
1823 2815 1836 2838 ,
1859 2787 1927 2842 qui
1950 2787 2203 2843 deputabunt
2217 2790 2292 2831 ali-

1290 2855 1388 2903 q'uos
1412 2846 1460 2889 ad
1478 2844 1685 2888 sumendas
1714 2844 2012 2888 informationes
2030 2847 2081 2889 de
2095 2848 2291 2902 qualitate

1290 2904 1623 2960 supplicantium:
1648 2904 1687 2943 &
1701 2904 1725 2944 s1
1741 2902 1889 2946 fuerint
1906 2904 2057 2947 inventi
2074 2907 2208 2949 idonei
2220 2937 2234 2958 ,
2252 2907 2293 2948 in

1292 2961 1468 3018 generali
1485 2964 1814 3017 congregatione
1830 2974 2144 3019 proponentur:
2178 2979 2294 3007 rece-

1295 3020 1381 3074 ptio
1395 3030 1528 3062 autem
1554 3019 1758 3062 offiduum
1779 3021 1915 3064 adhue
1943 3021 2180 3075 differetur,
2211 3025 2292 3079 quo

1294 3077 1536 3120 Confratres
1562 3090 1703 3121 omnes
1730 3080 1884 3122 interea
1901 3083 2095 3136 temporis
2123 3083 2293 3137 amplius

1293 3136 1471 3189 cogitare
1488 3164 1501 3187 ,
1515 3138 1550 3177 8ι
1567 3138 1591 3176 si
1607 3138 1786 3193 cuiquam
1801 3167 1813 3189 ,
1840 3152 1908 3179 cur
1924 3152 2003 3180 non
2020 3140 2294 3184 admittendos

1293 3194 1480 3246 censeat,
1494 3194 1706 3245 occursat,
1724 3197 1938 3247 Praefesto,
1952 3197 2087 3250 eiusve
2104 3201 2137 3241 V
2148 3200 2290 3247 icario,

1296 3262 1364 3294 aut
1389 3251 1788 3297 alicuiAffistentium
1807 3255 1987 3298 indicare
2003 3268 2153 3311 queat,
2176 3268 2218 3299 ut
2242 3258 2291 3298 fic

1296 3324 1413 3352 nemo
1435 3310 1746 3354 nilideliberato
1766 3313 1953 3354 universae
1969 3314 2297 3357 Confratcrnita·

1297 3370 1348 3410 tis
1364 3367 1550 3410 consensu
1574 3371 1795 3424 recipiatur
1809 3398 1820 3411 .
1853 3372 1980 3431 Qod
1998 3371 2021 3413 fi
2038 3372 2244 3415 Praefeetus
2258 3375 2297 3415 ὃς

1297 3426 1524 3470 Affistentes
1546 3426 1731 3481 judicent
1749 3443 1829 3471 non
1846 3432 1923 3472 elle
1951 3430 2084 3480 tales,
2113 3431 2180 3486 qui
2207 3445 2297 3472 cum

1297 3485 1479 3536 honore,
1510 3487 1551 3527 ἃ
1573 3484 1703 3532 sruCtu
1730 3488 1857 3541 recipi
1889 3487 2061 3542 pumat,
2088 3498 2158 3530 aut
2184 3490 2298 3531 certe

1294 3541 1511 3592 dubitent,
1535 3555 1652 3600 atque
1666 3546 1834 3600 amplius
1859 3546 2090 3588 deliberato
2105 3561 2202 3602 opus
2223 3562 2296 3602 pu⁴

1300 3609 1416 3652 tent,
1445 3601 1543 3645 nihil
1570 3603 1731 3657 publice
1762 3615 2016 3658 proponent,
2044 3607 2125 3660 quo
2156 3618 2296 3660 peten-

1301 3659 1399 3700 tium
1418 3660 1559 3701 honori
1586 3659 1816 3703 consulatur
1831 3691 1846 3712 ‚
1874 3663 2004 3705 donec
2029 3663 2095 3720 ipsi
2107 3679 2173 3707 eos
2190 3662 2293 3706 reci-

1297 3716 1336 3770 pi
1353 3720 1466 3770 posse
1484 3717 1679 3759 statuant.

1357 3776 1408 3814 V.
1441 3776 1576 3833 Qem
1604 3775 1732 3830 recipi
1766 3778 1932 3831 publico
1954 3780 2140 3823 consensu
2157 3776 2294 3833 place-'

1304 3831 1388 3884 bit,
1411 3833 1450 3875 ci
1477 3841 1633 3890 tempus
1655 3834 1931 3893 probationis,
1955 3840 2071 3882 unius
2095 3838 2263 3879 duorum
2283 3858 2297 3881 ‚

2181 3903 2251 3934 aut
