2658 4256
387 235 501 291 lv·

330 317 679 392 dulgentiarurn
710 328 726 374 ¹,
774 313 822 364 in
871 311 1114 364 Provincia
1160 307 1340 357 Viam..

330 395 499 444 Crucis
537 407 646 439 cum
688 383 995 453 Indulgentiis
1033 382 1061 429 ὲ
1105 375 1340 427 Fratribus

327 461 492 512 nostris
519 461 633 528 erigi
659 455 926 523 indulgetur
946 488 957 501 .
984 469 1071 498 cum
1089 463 1216 496 nota.
1256 461 1336 507 52.

403 538 600 582 Decreta
624 523 810 582 Senatus
839 518 1099 579 Uranienfis
1120 517 1176 566 de
1194 515 1336 565 admi-

327 602 592 651 nistratione
621 595 897 660 Capelianiae
913 596 1096 643 Curatae
1129 589 1174 636 in
1189 586 1336 649 Realp

329 671 564 720 Fratribus
599 664 760 714 nostris
796 663 854 712 ab
879 659 1102 729 Episcopo
1127 651 1337 707 commis-

330 742 377 790 sa
402 738 640 807 reprobat,
678 732 759 790 &,
796 747 848 782 ut
873 734 964 780 haec
999 742 1216 785 revocet,
1256 729 1335 774 Pa·

331 810 459 860 terna
490 810 533 854 in
562 803 911 868 Rempublicam
939 800 1159 849 charitate
1184 799 1335 846 horta-

331 894 433 929 tur.
464 876 647 925 Clemens
663 870 786 923 ΧΠ.
1251 881 1333 928 55.

400 941 772 997 Controversiam
800 941 857 990 de
883 940 1117 990 Sacellano
1154 939 1334 985 Curato

328 1022 375 1069 in
402 1017 527 1066 dicio
559 1018 683 1064 Loco
715 1013 860 1079 Realp
890 1005 1204 1058 constituendo
1241 1006 1335 1072 agi-

332 1101 478 1138 tatam
511 1085 568 1134 ad
599 1082 640 1132 se
666 1096 861 1138 avocat,
897 1079 947 1131 ἃ
975 1082 1019 1127 in
1047 1080 1184 1126 talem
1205 1111 1221 1133 ,
1259 1080 1334 1123 Sa-

331 1157 565 1206 cerdotem
594 1155 865 1204 Saecularem
881 1185 896 1208 ,
932 1150 1008 1198 vel
1034 1147 1333 1214 Regularem,

330 1225 579 1293 praesertim
610 1228 789 1272 Fratres
812 1218 1004 1270 Nostros
1034 1217 1242 1283 deinceps
1258 1216 1337 1263 eli-

327 1298 377 1363 gi
408 1294 527 1362 poffe
553 1294 753 1342 declarat
778 1327 807 1347 ‚,
829 1292 855 1336 ὲ
886 1287 1092 1336 Parocho
1132 1283 1336 1340 Ursariae

328 1364 457 1414 unice
474 1361 852 1411 confirmandum.
873 1355 989 1422 Idem
1006 1376 1093 1406 cum
1107 1371 1218 1406 nota.
1255 1356 1336 1408 ibi.

392 1434 554 1482 Altare
575 1432 727 1492 Majus
748 1426 1052 1478 Ecclefiarum
1076 1436 1154 1476 16.
1174 1431 1338 1477 Mona-

320 1500 565 1551 steriorum
597 1533 613 1556 ,
652 1499 931 1548 Monialium
965 1500 1301 1548 Tettiariarum
1322 1531 1339 1556 ,

322 1570 670 1638 Capucinarum
687 1580 1072 1634 nuncupatarum,
1087 1569 1304 1615 Lucernae
1324 1601 1340 1623 ,

322 1642 515 1697 Uraniae
555 1674 572 1698 ,
621 1638 788 1690 Stantii
823 1672 839 1695 ,
875 1637 1023 1704 ‘rugii
1059 1670 1076 1692 ,
1125 1636 1340 1704 Friburgi

322 1712 620 1762 Nuithonum
649 1745 665 1767 ,
703 1706 921 1758 Solodori
951 1741 967 1764 ,
1009 1707 1337 1773 Appenzellae,

324 1781 458 1833 Badae
476 1817 492 1840 ,
531 1784 579 1831 S.
610 1781 770 1830 Mariae
803 1780 1098 1846 Angelorum
1129 1779 1175 1826 in
1206 1777 1337 1846 Tog-

322 1855 403 1923 gio
429 1888 445 1910 ,
482 1849 789 1920 Neckersegg
821 1884 837 1907 ,
874 1845 1146 1897 Roschachii
1175 1883 1190 1905 ,
1225 1851 1338 1898 Gri-

323 1922 542 1972 menstein
580 1958 597 1980 ‚
649 1917 938 1978 Wunenstein
972 1952 988 1975 ,
1038 1917 1296 1969 Altstetten
1322 1953 1338 1976 ,

329 1992 628 2051 Enfishemii,
667 1993 716 2043 ὅ(
741 1989 1019 2058 Seckingae,
1057 1989 1260 2055 qualibet
1279 1986 1339 2036 fe·

326 2067 394 2113 ria
431 2062 625 2113 secunda
653 2063 744 2114 ὅτε.
775 2078 858 2130 pto
893 2060 1153 2110 Animabus
1187 2055 1341 2108 defun·

325 2136 507 2184 starum
533 2135 814 2184 Monialium
832 2167 847 2189 ,
883 2147 1043 2180 carum
1060 2127 1341 2198 Consangui-

324 2221 520 2255 neorurn
551 2240 567 2260 ,
603 2202 838 2253 Affinium
874 2203 1048 2269 primi,
1083 2201 1130 2253 ὅ(
1157 2198 1341 2250 secundi

326 2274 492 2344 gradus
522 2309 536 2330 ,
573 2271 621 2323 <St
651 2271 1001 2323 Benefa&orum
1041 2273 1307 2342 privilegiat
1323 2306 1341 2330 ,

327 2346 376 2396 ὃ(
395 2345 689 2413 privilegium
704 2342 762 2392 ad
781 2343 904 2392 diem
921 2343 1072 2393 obiti‘is
1091 2342 1183 2394 ἃς.
1201 2345 1340 2393 etiam

326 2414 562 2482 septimam
590 2450 605 2471 ,
642 2414 691 2465 <St
735 2411 1015 2483 trigesimam
1049 2412 1203 2465 obitus
1233 2417 1342 2467 Μο-

326 2487 514 2535 nialium
531 2485 766 2542 extendit.
803 2485 1054 2535 Benedie‘lus
1068 2484 1216 2536 XIV.
1249 2503 1341 2536 cum

326 2571 422 2606 nota
442 2593 455 2607 .
691 2552 693 2559 ¹
1249 2565 1337 2606 60.

395 2631 562 2678 Praeter
592 2625 910 2696 Indulgentias
949 2627 1222 2697 generaliter
1247 2629 1342 2678 Or·

324 2695 417 2747 dini
455 2696 678 2747 conceffas
710 2732 726 2754 ,
781 2696 989 2748 Ecclefiis
1033 2696 1341 2748 Monasterio-

324 2785 428 2816 rum
465 2768 731 2818 earumdem
771 2769 1052 2820 Monialium
1089 2768 1336 2838 Indulgen-

254 2860 257 2866 1
326 2842 437 2887 tiam
478 2841 725 2901 plenariam
757 2856 842 2905 pro
872 2839 945 2890 die
970 2840 1102 2891 Festo
1130 2842 1336 2892 Titulari

326 2905 630 2958 Ecclefiarum
649 2910 911 2975 impertitur
928 2946 942 2960 .
972 2910 1091 2962 Idem
1107 2948 1119 2962 .
1246 2921 1334 2964 61.

569 3051 604 3098 P
621 3052 661 3097 R
682 3049 731 3097 O
754 3050 802 3097 V
820 3051 843 3097 I
862 3051 912 3098 N
929 3053 973 3100 C
993 3054 1019 3099 1
1039 3054 1088 3100 A

418 3120 847 3171 ANTERIORIS
886 3121 1247 3176 AUSTRIAE.

398 3260 620 3311 Pietatem
648 3259 814 3329 Jacobi
844 3260 1046 3330 Fuggeri
1075 3297 1091 3320 ,
1126 3261 1336 3315 Ecclefiae

329 3330 617 3381 Cathedralis
661 3330 1017 3383 Constantienfis
1057 3332 1290 3403 Praepofiti
1318 3372 1336 3395 ,

328 3399 586 3467 sumptibus
604 3401 688 3453 suis
705 3421 873 3454 novam
891 3406 1107 3455 Fratrum
1123 3410 1336 3457 Domum

329 3472 392 3522 ibi
432 3472 724 3525 construentis
768 3474 1068 3526 commendat
1096 3513 1110 3526 .
1148 3478 1337 3529 Clemens

339 3538 472 3594 VIII.
490 3561 576 3591 cum
604 3561 728 3596 nota.
1249 3559 1337 3614 65.

404 3614 645 3665 Abbatiffae
664 3653 678 3675 ,
714 3617 761 3670 ὅ(
790 3615 1073 3669 Monialibus
1104 3619 1336 3671 Monaste-

334 3685 390 3743 rii
413 3690 459 3737 S.
490 3688 538 3735 P.
568 3689 786 3739 Francisci
817 3690 929 3741 Loci
952 3688 1162 3760 Seflingae
1179 3707 1237 3740 ex
1261 3711 1336 3742 an-

333 3758 465 3817 nuis,
500 3754 550 3808 &
582 3755 817 3828 superfluis
850 3777 1011 3812 earum
1049 3761 1299 3814 redditibus
1318 3799 1336 3825 ,

877 182 1920 286 ELENCHvS.

1399 321 1453 351 ac
1485 301 1683 349 aliorum
1716 295 2044 363 eleemosynis,
2073 303 2312 358 Fratribus
2326 323 2416 358 'no-

1400 388 1511 420 vam
1536 372 1744 417 Domum
1781 383 1923 435 prope
1954 368 2208 429 Civitatem
2256 380 2415 434 Ulmae

1396 436 1684 489 construendi
1721 435 1989 488 facultatem
2022 441 2094 506 {ar
2129 446 2222 497 itur
2253 483 2271 507 ,
2322 449 2374 503 .&
2398 485 2417 509 ‚

1398 525 1449 559 ut
1489 511 1657 558 horum
1697 524 1814 557 unus
1841 523 1942 575 pro
1985 511 2262 569 Cuness'ario
2297 554 2315 578 ,
2364 520 2418 573 ἃ

1395 582 1510 629 alius
1536 595 1620 647 pro
1650 579 1992 629 Concionatore
2029 576 2160 635 dictis
2182 590 2410 641 Moniali·

1397 650 1480 699 bus
1497 648 1991 706 inserviat,concedit.
2031 649 2184 700 Paulus
2211 657 2266 707 V,
2319 668 2408 711 σε,

1465 725 1514 769 A
1548 724 1624 768 Fr.
1656 718 1955 770 Columbano
1982 721 2008 769 ὲ
2040 722 2371 794 Rottenburgo
2394 763 2411 788 ,

1393 792 1581 839 nomine
1595 790 1788 858 Joannis
1818 791 2012 842 Henrici
2032 826 2048 848 ,
2085 791 2300 860 Episcopi
2323 797 2409 847 Ba-

1392 858 1587 909 fileenfis
1614 897 1641 919 ,,
1667 864 1804 912 Sacra
1842 860 2178 930 Apostolorum
2208 864 2410 921 limina,

1394 928 1619 980 invisente
1645 966 1661 989 ,
1696 933 1978 983 calamitates
2010 932 2273 982 Dioeceseos
2315 933 2342 982 ὲ
2371 932 2417 988 se

1394 999 1545 1068 ample
1563 1001 1741 1052 auditas
1767 1002 1850 1053 effe
1870 1001 2077 1054 rescribit
2094 1039 2110 1062 ,
2148 1003 2198 1057 &
2218 1001 2411 1071 ‘Episco-

1393 1089 1508 1139 pum
1547 1072 1605 1121 de
1634 1070 1849 1123 Pastorali
1889 1075 2130 1144 vigilantia
2175 1091 2418 1126 commen-

1394 1143 1501 1194 dat.
1538 1141 1740 1195 Urbanus
1767 1142 1902 1193 VIII.
1921 1163 2009 1194 cum
2021 1161 2145 1195 nota.
2326 1155 2416 1204 67..

1466 1214 1679 1265 Mediato
1719 1212 1963 1265 Pontificio
1999 1215 2217 1275 mandato
2251 1253 2268 1274 ,
2314 1220 2418 1266 No-

1395 1303 1512 1336 vum
1554 1282 1893 1336 Monasterium
1931 1304 2040 1336 cum
2091 1285 2293 1338 Ecclesia
2321 1321 2338 1344 ‚
2393 1287 2421 1334 ὲ

1395 1372 1566 1427 magno
1602 1358 1762 1408 Priore
1795 1358 2050 1406 Alemaniae
2078 1391 2095 1414 ,
2132 1361 2209 1407 Fr.
2231 1358 2420 1424 Joanne

1397 1430 1630 1478 Friderico
1647 1425 1842 1485 Hundt,
1858 1429 1902 1476 in
1917 1427 2284 1491 Hejttersheimb
2312 1442 2423 1476 con-

1395 1497 1618 1550 strustum
1635 1534 1650 1557 ,
1686 1499 1713 1547 a
1732 1498 1969 1550 Fratribus
1983 1496 2145 1549 nostris
2181 1497 2420 1567 acceptari

1397 1570 1651 1636 injungitur
1671 1604 1684 1616 .
1928 1608 1930 1611 .
2051 1608 2053 1612 s
2325 1571 2418 1619 68.

1473 1641 1677 1685 Decreto
1723 1639 1869 1688 Sacrae
1901 1639 2293 1707 Congregationis
2330 1637 2420 1690 dea

1396 1702 1691 1773 propaganda
1709 1703 1819 1752 Fide
1833 1738 1849 1762 ,
1882 1705 1955 1751 die
1973 1709 2020 1751 8.
2041 1706 2243 1772 Augusti
2265 1716 2418 1766 1667.

1395 1776 1587 1832 habitae,
1622 1779 1834 1823 Domum
1867 1771 2138 1828 Wilerstadii
2175 1775 2420 1827 Fratribus

1396 1845 1455 1895 ad
1494 1843 1694 1895 formam
1726 1842 1933 1913 Hospitii
1981 1843 2157 1895 restitui
2194 1845 2419 1909 Jubetur.

1399 1935 1489 1966 cum
1511 1932 1608 1964 nota
1623 1951 1636 1964 .
2341 1916 2422 1976 ibi.

1470 1989 1743 2036 Conventus
1779 1985 1955 2037 Sveviae
1977 2019 1995 2043 ,
2033 1983 2283 2056 Brisgoviae
2322 1986 2418 2040 διο.

1399 2057 1425 2104 ὲ
1446 2059 1689 2109 Provincia
1716 2058 1962 2107 Helvetica
1989 2054 2211 2124 separati,
2246 2062 2294 2107 in
2308 2062 2418 2109 Pro·-

1400 2128 1604 2178 vinciam
1620 2128 1864 2194 eriguntur
1879 2165 1890 2175 .
1924 2127 2108 2175 Clemens
2125 2126 2222 2178 IX.
2333 2147 2419 2188 72,

1473 2203 1530 2249 In
1567 2196 1789 2261 Dynastia
1817 2198 2068 2267 Mahlberg
2098 2199 2155 2248 ad
2187 2197 2419 2249 instantias

1401 2267 1614 2337 Episcopi
1637 2266 1981 2336 Argentinenfis
1996 2302 2012 2326 ,
2048 2265 2097 2319 ὅ(
2129 2270 2419 2320 Marchionis

1402 2338 1614 2391 Badenfis
1638 2372 1654 2396 ,
1690 2341 1739 2387 S.
1770 2341 1911 2387 Rom.
1940 2342 2064 2405 Imp.
2105 2342 2378 2406 Principum
2397 2373 2416 2398 ,

1399 2430 1575 2464 novam.
1596 2413 1811 2463 Fratrum
1838 2412 2050 2459 Domum
2073 2408 2274 2460 construi
2305 2429 2416 2461 con-

1398 2483 1535 2534 cedit.
1551 2481 1737 2531 Clemens
1749 2479 1819 2531 X.
1842 2499 1931 2529 cum
1945 2497 2042 2528 nota
2060 2515 2073 2529 .
2336 2480 2418 2535 ibi,

1467 2552 1719 2605 Provinciae
1755 2551 1814 2601 ad
1848 2553 2122 2618 Capitulum
2155 2554 2416 2603 Generalea

1398 2624 1514 2676 duos
1535 2621 1760 2675 Custodes
1787 2640 1896 2671 cum
1917 2625 1968 2673 P.
1989 2622 2205 2672 Ministro
2223 2625 2418 2674 Provin-

1398 2699 1479 2747 ciae
1509 2693 1752 2764 ablegandi
1778 2729 1792 2753 ‚
1829 2691 2062 2760 novasque
2095 2698 2276 2744 Domos
2319 2690 2415 2743 fine

1399 2773 1447 2819 S.
1466 2766 1597 2819 Sedis
1617 2767 1802 2817 licentia
1833 2763 1925 2815 ἃς.
1949 2762 2241 2814 construendi
2269 2761 2414 2813 facul-

1398 2853 1540 2891 tatem
1557 2837 1752 2907 largitur
1767 2873 1780 2885 .
1807 2834 2071 2885 Innocentius
2088 2835 2187 2887 XI.
2331 2853 2361 2891 7
2367 2850 2415 2894 3.

1468 2914 1670 2961 Decreto
1700 2913 1850 2959 Sacrae
1887 2903 2277 2974 congregationis
2304 2903 2414 2968 Epi-

1397 2979 1644 3048 scoporum
1664 2977 1714 3028 ὅ(
1737 2976 2044 3042 Regulus-ium
2060 3004 2077 3028 ‚
2114 2967 2410 3022 Reformatio

1395 3050 1678 3100 Monialium
1700 3079 1716 3100 ,
1751 3041 1907 3093 Tertii
1937 3040 2130 3091 Ordinis
2156 3041 2310 3092 Sansti
2327 3044 2410 3092 Pas

1392 3122 1476 3169 tris
1495 3111 1748 3171 Francisci,
1768 3113 1882 3163 Loci
1903 3110 2226 3162 Marchdorffii
2246 3147 2263 3170 ,
2284 3117 2410 3180 Apo-

1393 3189 1554 3240 stolieo
1594 3185 1654 3236 ad
1678 3185 1929 3238 ,Helvetos
1968 3185 2152 3234 Nuntio
2191 3185 2406 3234 commit·

1395 3262 1538 3311 titur.
1568 3276 1656 3306 cum
1683 3271 1781 3305 nota
1798 3295 1810 3307 .
2321 3253 2405 3305 ibi.

1465 3331 1695 3382 Moniales
1712 3325 1889 3378 easdem
1908 3325 1934 3375 a
1942 3323 2257 3390 Jurisdifflone
2269 3327 2406 3375 Nun-

1394 3404 1447 3454 tii
1479 3400 1738 3471 Apostolici
1762 3399 1955 3455 eximit,
1990 3391 2149 3463 easque
2175 3397 2244 3446 illi
2278 3396 2406 3446 Prin-

1395 3475 1509 3544 cipis
1547 3472 1597 3525 <Sc
1631 3466 1844 3539 Episcopi
1875 3465 2231 3520 Constantienfis
2263 3501 2280 3525 ,
2317 3464 2400 3516 sub

1395 3545 1620 3615 spirituali
1650 3546 1863 3592 Fratrum
1902 3537 2163 3590 nostrorum
2191 3536 2404 3588 directio-

1395 3635 1452 3668 ne
1481 3615 1687 3681 subjicit.
1724 3610 1985 3662 Innocentius
2012 3609 2140 3662 XII.
2316 3626 2404 3672 74.

1462 3693 1540 3739 Fr.
1564 3685 1939 3738 Maximilianum
1958 3683 1985 3731 ὲ
2007 3681 2305 3751 Wanghena‚
2341 3679 2402 3731 ad.

1394 3759 1688 3814 Provinciam
1719 3755 2053 3826 regredientem
2078 3791 2096 3815 ,
2149 3755 2195 3802 in
2239 3751 2403 3803 officio

2258 3826 2340 3867 Po-
