2658 4256
457 258 555 346 52

500 481 547 530 S.
568 477 903 545 Congregationis
919 474 1285 544 Indulgentiarum.

591 356 1210 404 DECRETO

393 614 450 660 In
480 606 718 658 Provincia
745 607 885 656 Viam
909 607 1073 657 Crucis
1099 622 1206 654 cum
1229 603 1389 655 Indul-

455 677 616 747 gentiis
653 674 680 722 ἓι
709 677 942 729 Fratribus
977 675 1139 727 nostris
1175 677 1288 743 erigi
1327 677 1390 724 in-

455 749 670 814 dulgetur
688 780 701 793 .

387 890 434 932 In
465 883 764 940 congregatione
782 885 921 929 habita
944 890 1064 931 Feria
1080 889 1120 930 6.
1147 890 1227 930 Die
1246 900 1310 941 13.
1327 890 1389 928 Se·-

436 943 631 1003 ptembris
652 954 696 991 17
705 955 724 993 3
735 955 772 988 7·
785 948 827 984 in
841 947 989 988 Palatio
1005 947 1215 1004 Apostolico
1228 947 1330 1005 Q-

500 1002 623 1046 rinali
633 1031 648 1053 ,
668 1001 907 1056 propositum
922 1031 936 1053 ‚
967 1004 1020 1054 ὅγ’
1042 1006 1273 1063 rescriptum

656 1058 751 1116 suit
767 1087 780 1110 ,
800 1061 1101 1119 quodſsquitur.

570 1178 651 1228 Pro
683 1176 915 1229 Provincia
947 1180 1210 1232 Helvetica.

503 1295 820 1339 Ommendabilis
848 1298 1079 1343 sollicitudo
1110 1302 1272 1344 Patrum
1301 1303 1383 1344 Ca-

514 1357 750 1410 pucinorum
766 1354 1061 1402 difficilioribus
1077 1360 1272 1401 obeundis
1288 1360 1382 1402 Mis-

381 1416 554 1458 fionibus
582 1414 756 1455 emicare
785 1415 945 1458 videtur
974 1419 1014 1458 in
1040 1416 1256 1458 Helvetica
1284 1419 1380 1459 Pro·

379 1474 514 1515 vincia
529 1500 543 1523 ,
561 1474 628 1514 ubi
644 1473 866 1514 austerioris
884 1477 972 1517 vitae
986 1473 1172 1528 exemplo
1185 1503 1202 1523 ,
1219 1476 1255 1514 &
1272 1478 1381 1528 Apo·

383 1530 528 1574 fiolico
550 1544 715 1571 munere
728 1559 741 1581 ,
756 1530 971 1585 praesertim
997 1535 1037 1573 in
1052 1531 1289 1587 adjuvandis
1307 1535 1387 1575 Ca·

383 1589 549 1631 tholicis
564 1617 576 1639 ,
590 1586 787 1630 desertam
802 1603 927 1644 prope
942 1589 1112 1632 Vineam
1130 1591 1291 1631 Domini
1317 1603 1383 1631 co,

383 1649 469 1691 lere
487 1646 670 1702 satagunt
683 1675 694 1686 .
711 1649 825 1688 Inter
842 1647 1013 1702 plurima
1031 1648 1194 1703 pietatis
1208 1677 1221 1699 ‚
1237 1662 1281 1689 ac
1298 1650 1381 1690 Re·

381 1705 544 1760 ligionis
574 1719 726 1760 opera,
759 1706 982 1749 Dominicae
1003 1705 1192 1748 Paffionis
1225 1706 1379 1749 cultum

379 1763 588 1818 impensius
613 1775 926 1816 promoventes,
955 1765 1071 1808 Viam
1097 1765 1269 1817 Crucis,
1297 1781 1374 1822 qua

379 1823 570 1879 patientis
598 1822 758 1864 Domini
790 1823 979 1877 Mysteria
1001 1821 1156 1865 facilius
1181 1825 1379 1868 meditan-

379 1892 447 1924 tur
464 1910 482 1933 ,
507 1881 710 1923 instituere
725 1882 918 1936 cupiunt3
948 1882 1054 1938 quod
1073 1882 1234 1938 quidem
1251 1899 1348 1939 opus
1361 1913 1377 1935 ,

379 1950 426 1982 ut
451 1940 626 1982 uberiori
658 1938 785 1980 fruetu
813 1941 1012 1982 coalescat
1028 1967 1042 1990 2
1075 1950 1347 1995 opportunum
1363 1971 1377 1994 ,

379 1999 462 2040 imo
492 1998 753 2040 necessarium
774 1998 981 2041 adstruunt
1013 1999 1035 2040 a
1058 2002 1099 2042 S.
1116 2000 1220 2042 Sede
1236 2001 1378 2044 Indul-

377 2057 601 2110 dulgentias
626 2055 759 2097 eidem
785 2057 850 2111 pio
874 2059 991 2113 operi
1009 2058 1210 2101 concessas
1231 2061 1375 2117 affequi

373 2113 481 2171 poffe
495 2145 507 2156 .
532 2114 793 2166 Verum,cum
812 2130 947 2160 earum
964 2119 1115 2159 erectio
1130 2128 1376 2162 tantummo-

375 2174 430 2215 do
454 2173 504 2216 ad
519 2175 676 2216 Fratres
693 2171 762 2215 sub
778 2175 976 2230 regimine
1004 2177 1048 2218 Ρ.
1064 2179 1276 2219 Generalis
1290 2179 1376 2220 Ob-

374 2232 579 2274 servantiae
617 2231 786 2276 limitata
823 2234 871 2276 i-it
913 2235 1064 2290 Vigore
1096 2237 1236 2278 Brevis
1266 2235 1378 2277 ssffii

373 2292 427 2331 D.
444 2293 499 2331 N.
521 2290 771 2345 incipientis:
804 2295 951 2348 Expone·
977 2294 1062 2344 &e.
1078 2295 1160 2352 fieb
1185 2299 1380 2337 Datum-2

379 2349 638 2400 16.57anuarn
658 2361 733 2402 173
745 2364 776 2391 ι.
792 2354 977 2406 Qorum
997 2353 1036 2395 in
1053 2353 1262 2396 Provincia
1276 2353 1379 2395 Hel-

375 2407 510 2448 vetica
533 2419 666 2460 neque
694 2411 958 2461 Conventus,
986 2425 1119 2467 neque
1146 2411 1375 2454 Miffionarii

373 2465 526 2518 degunt
545 2492 558 2513 ‚
578 2474 622 2504 ut
649 2465 820 2506 testatur
846 2470 967 2509 etiam
989 2471 1035 2510 P.
1051 2467 1378 2512 Vice›Commis-·

374 2521 498 2564 sarius
526 2521 737 2563 Generalis
761 2523 1071 2576 Observantiae3
1111 2527 1205 2567 hinc
1233 2529 1377 2569 Patres

374 2580 574 2634 Capucini
603 2578 824 2634 supplicant
859 2596 936 2638 pro
969 2581 1165 2626 facultate
1192 2585 1376 2640 erigendi

374 2639 494 2680 Viam
520 2636 664 2680 Crucis
692 2639 731 2680 in
759 2641 898 2682 eadem
924 2642 1138 2685 Provincia
1165 2658 1254 2685 cum
1281 2660 1378 2686 con·

371 2696 545 2739 cernone
569 2693 755 2738 consueta
780 2699 1153 2753 Indulgentiarum.
1188 2703 1374 2748 Remiffis

375 2754 512 2809 itaque
527 2752 547 2792 a
575 2752 701 2795 SSffio
728 2756 780 2795 D.
797 2759 852 2798 N.
879 2759 973 2801 huic
991 2761 1118 2803 Sacrae
1131 2762 1375 2817 Congrega-

372 2809 696 2866 tioniprecibus,
719 2815 950 2864 porrectisa
977 2817 1226 2863 RGenerali
1244 2824 1380 2875 Capu.

376 2871 559 2912 cinorum
574 2896 588 2918 ,
621 2867 791 2910 instante
810 2873 938 2913 etiam
961 2877 1121 2919 nomine
1136 2879 1261 2921 totius
1276 2881 1378 2922 Hel*

375 2929 492 2972 vetiae
516 2955 530 2978 ,
557 2940 610 2967 ne
644 2923 794 2968 scilicet
835 2938 916 2970 tam
951 2934 1146 2984 praeclaro
1180 2935 1377 2989 spirituali

371 2986 648 3029 emolumento
669 2996 833 3028 careant
852 2989 991 3030 incolae
1009 2990 1379 3043 Fideles,Acatho-

374 3046 520 3100 licique
537 3044 690 3098 magis,
713 3058 756 3086 ac
780 3047 902 3100 magis
917 3047 1194 3103 aedificentur3
1228 3052 1370 3108 digna-

371 3105 518 3147 buntur
535 3102 688 3143 idcirco
705 3102 790 3144 EE.
807 3106 899 3148 VV.
927 3106 1167 3161 respondere
1183 3138 1198 3148 .

430 3165 495 3204 An
511 3160 697 3203 Patribus
712 3161 958 3206 Miffionariis
969 3167 1212 3219 Capuccinis
1225 3168 1373 3223 degen-

375 3220 478 3262 tibus
495 3220 535 3261 in
551 3217 764 3273 Helvetica
776 3249 792 3272 ,
807 3221 873 3263 ubi
887 3237 967 3264 non
984 3222 1124 3268 adsunt
1138 3227 1276 3269 Patres
1293 3229 1373 3270 Mi-

373 3292 493 3320 nores
508 3278 560 3319 de
574 3277 836 3321 observantia
852 3309 865 3330 ,
891 3282 1023 3324 danda
1040 3283 1083 3324 fit
1107 3284 1277 3328 facultas
1292 3288 1372 3329 eri-

375 3337 494 3394 gendi
510 3337 624 3379 Viam
638 3337 782 3382 Crucis
805 3352 897 3383 cum
918 3340 1184 3396 Indulgentiis
1209 3345 1373 3388 adnexis

377 3396 416 3438 in
444 3393 670 3438 casu?&c.v
1247 3404 1255 3416 '

432 3452 668 3506 Respondit:
684 3454 839 3499 Auditis
855 3460 942 3500 RR.
960 3459 1136 3504 Patribus
1153 3462 1370 3520 obst-roan.

373 3512 441 3555 tiae
454 3541 469 3562 ,
498 3511 545 3558 θ’
570 3514 623 3553 ad
644 3517 819 3556 Mentem
834 3544 847 3566 ,
880 3531 966 3571 quae
988 3521 1030 3559 in
1057 3525 1174 3562 Sacro
1199 3522 1374 3578 confinsu

373 3583 523 3612 concors
533 3565 625 3627 fuit
639 3601 652 3623 ,
683 3580 728 3613 ut
737 3573 890 3628 semoto
915 3589 1137 3632 quocunque
1160 3580 1375 3622 irreveren-

372 3632 443 3671 tiae
449 3630 622 3683 periculo
635 3657 649 3678 a
674 3631 828 3684 quadiu
844 3635 951 3676 Locis
968 3637 1277 3679 Acatholicorum
1286 3638 1376 3701 (ub-

373 3686 444 3743 ff
457 3687 778 3741 stapponebatur,
805 3695 938 3745 petita
957 3693 1139 3750 facultas
1164 3697 1372 3738 Provinciae

371 3746 633 3788 concederetur
649 3761 663 3799 3
704 3751 747 3788 in
761 3750 965 3802 audientia
979 3762 1107 3794 autem
1125 3754 1370 3809 Pontifici&

371 3801 648 3863 Sanctifflmum
677 3810 809 3863 inter·
824 3818 863 3850 et
886 3810 1013 3853 Emin.
1045 3814 1103 3854 D.
1121 3813 1367 3856 Cardinalem

1152 225 1693 311 Provincia

1455 358 1585 398 Picum
1596 382 1610 404 ,
1635 356 1675 395 S.
1691 356 2008 409 Congregatt‘onis
2025 359 2251 418 Praeftbium
2258 354 2353 420 suit
2367 375 2452 405 cm.

1451 413 1654 455 cordatum
1670 439 1684 462 ‚
1710 423 1757 455 ut
1778 414 1809 454 ἅ
1835 416 1922 457 RR.
1940 416 2009 456 PP.
2027 417 2352 474 Observanttbus‚
2381 434 2447 463 ceu

1450 485 1541 526 quos
1572 475 1696 513 sacra
1711 472 1820 512 Sedes
1835 473 2045 528 privilegio
2069 477 2216 519 santia
2245 482 2379 522 Crucis
2404 479 2450 521 ob

1449 531 1644 586 onerosam
1672 533 1885 573 Sacrorum
1914 534 2094 574 Locorum
2115 536 2450 593 yet-osolymitano.

1450 604 1541 632 rum
1559 589 1779 646 Custodiam
1794 592 1998 643 privative
2012 590 2262 651 distinxisti-t,
2289 597 2452 654 Aposto-

1449 650 1534 690 licae
1561 646 1800 703 Coneffom‘s
1824 649 1995 703 diploma
2019 651 2265 704 expediretur
2288 683 2303 706 ‚
2327 665 2450 709 prout

1433 708 1496 823 j&
1516 704 1776 764 humantffime
1789 705 1886 765 fuit
1908 708 2154 763 expeditum,
2168 709 2250 766 fieb
2271 721 2449 759 tenore...

1465 779 1510 819 eq
1517 773 1629 807 uento
1641 796 1659 809 .⁴

1420 887 1422 889 ’
1450 884 1527 934 Fr.
1546 884 1738 951 ‘’Joarum
1756 886 1963 936 Antonius
1988 888 2014 936 a
2027 886 2180 938 Sanc‘la
2196 887 2326 937 Cruce
2337 922 2354 947 ,
2369 888 2451 940 Or?-

1516 955 1628 1003 dinis
1651 953 1871 1006 Minorum
1901 957 2131 1025 Regularis
2158 958 2450 1026 Observantiae

1519 1024 1564 1075 S.
1582 1024 1632 1075 P.
1645 1023 1711 1075 N.
1732 1027 1773 1076 F
1771 1028 1941 1096 rancifii
1954 1028 2106 1079 Leffor
2117 1029 2351 1098 Jubilatus
2365 1066 2382 1090 ,
2395 1036 2451 1079 89*

1515 1100 1560 1145 in
1588 1098 1666 1145 hac
1689 1096 1740 1146 Ci
1760 1114 1948 1148 montana
1979 1099 2165 1151 Familia
2197 1117 2284 1150 tam
2303 1100 2452 1168 Obser-

1516 1171 1712 1217 vantium
1737 1204 1754 1226 ,
1796 1173 1915 1237 quam
1938 1170 2290 1236 Diftalceatorum
2329 1170 2452 1220 Vice··⁴

1518 1236 1821 1304 Commiffirrius
1833 1240 2052 1289 Generalis
2069 1276 2086 1299 ,
2111 1244 2164 1291 Θ·
2186 1241 2350 1293 Servus
2365 1277 2379 1289 .
2436 1253 2440 1257 ’

1416 1374 1422 1386 ··
1442 1353 1599 1397 Dilecto
1618 1356 1839 1409 plurimam
1865 1361 1908 1399 in
1934 1357 2084 1414 Christo
2113 1361 2164 1400 R.
2193 1361 2232 1400 P·
2260 1355 2445 1424 Ministro

1527 1414 1762 1458 Provinciali
1776 1444 1790 1466 ,
1804 1416 1960 1457 Ordinis
1975 1420 2178 1459 Minorum
2195 1421 2361 1470 Capuuq

1582 1486 1738 1524 norum,
1757 1475 1964 1516 Provincia·
1981 1477 2168 1518 Helvetiae
2182 1503 2196 1526 ,
2212 1474 2311 1533 ejus-

1674 1545 1748 1583 que
1750 1532 2031 1590 suceffrtbus
2028 1534 2220 1591 salutem.

1503 1649 1600 1688 Cum
1624 1646 1652 1687 d
1675 1650 1922 1691 Summarum
1941 1651 2204 1691 Romanorum
2223 1649 2450 1704 Pontificum

1438 1702 1626 1759 largitate
1641 1733 1654 1755 ‚
1679 1705 1727 1752 Θ·
1751 1708 1958 1748 clementia
1975 1707 2141 1764 eonccffl
2157 1706 2328 1763 nobisstt
2340 1737 2355 1758 ‚
2383 1719 2450 1748 ve-

1437 1762 1518 1804 luti
1535 1764 1734 1817 peculiare
1761 1765 1884 1820 nostri
1903 1765 2063 1807 Ordinis
2095 1767 2230 1817 decus,
2260 1765 2309 1813 θ’
2330 1779 2449 1808 orna-

1438 1831 1609 1863 mentum
1629 1821 1811 1878 facultas
1840 1823 2016 1878 erigendi
2049 1824 2197 1878 ubique
2231 1827 2448 1866 Terrarum

1444 1882 1529 1923 Vias
1545 1884 1680 1923 Crucis
1698 1910 1712 1932 ‚
1732 1894 1829 1936 quas
1844 1882 1959 1937 ajunt
1974 1911 1988 1934 ‚
2015 1882 2071 1923 ad
2080 1881 2244 1926 illarum
2248 1881 2449 1936 similitu-

1437 1939 1566 1981 dinem
1583 1968 1596 1991 ‚
1620 1954 1707 1994 quae
1730 1939 1926 1996 infant-Hs
1942 1940 2142 1998 Palestinae
2154 1941 2267 1989 locis,
2284 1950 2448 1996 acprae·

1429 1998 1576 2054 sertim
1593 1998 1866 2055 Hierosolymis
1865 2000 1998 2055 stent,
2025 2000 2224 2044 dummodo'
2247 2008 2379 2042 tamen
2404 1997 2450 2040 id

1426 2055 1510 2110 fiat
1525 2067 1598 2111 per
1621 2059 1789 2111 aliquem
1810 2073 1857 2100 ex
1884 2058 2022 2114 nostris
2042 2057 2254 2102 Fratribus
2269 2087 2285 2108 ,
2314 2058 2449 2101 Mint-

1425 2114 1515 2171 stro
1529 2114 1848 2163 Generali‚totius
1862 2117 2020 2158 Ordinis
2037 2119 2230 2159 Fratrum
2242 2115 2447 2158 Minor-um

1439 2173 1661 2214 immediate
1674 2173 1893 2230 stabjec‘t'is,
1917 2178 1986 2229 qui
2008 2175 2063 2216 ad
2079 2175 2126 2216 id
2140 2173 2259 2230 priris
2272 2173 2442 2231 moesta-

1440 2233 1545 2271 riam
1572 2231 1599 2271 d
1615 2221 1818 2284 Superiore
1834 2235 2019 2276 Generati
2042 2231 2255 2276 obtinuerit
2257 2230 2442 2289 fhcttlta-

1440 2297 1517 2330 tem
1535 2317 1546 2327 .
1565 2293 1737 2342 Cumque
1750 2290 1909 2330 atiunde
1924 2289 2240 2346 Eminentffmus
2256 2318 2270 2341 ‚
2300 2303 2345 2331 ae
2365 2293 2443 2332 Re-

1440 2345 1716 2401 verendifflmus
1733 2351 1837 2389 DD.
1849 2349 1992 2389 5.R.E.
2011 2348 2233 2391 cardinalis
2249 2350 2356 2389 Picus
2375 2361 2444 2390 no-

1437 2403 1497 2446 bis
1505 2404 1804 2460 perhumaniter
1809 2404 2108 2460 st'gmsscaverit²
2121 2407 2334 2448 Catholicos
2349 2408 2446 2449 Hel·

1436 2473 1551 2505 vettae
1575 2466 1727 2518 Populos
1749 2464 1976 2520 magnopere
1990 2463 2210 2521 efflagitare
2221 2494 2236 2516 ‚
2263 2474 2309 2506 ut
2321 2465 2439 2508 detur

1436 2521 1522 2577 ipsis
1536 2531 1618 2563 tam
1626 2523 1739 2576 pium
1753 2552 1769 2573 ,
1799 2537 1843 2564 ac
1859 2522 2044 2565 sanetum
2064 2524 2290 2566 exercitium
2304 2526 2407 2564 inire
2422 2551 2437 2575 ,

1436 2583 1491 2629 θ
1505 2581 1770 2636 Indulgentias
1786 2582 1822 2623 ei
1835 2595 2001 2623 annexas
2015 2583 2195 2634 lucrar1‘3
2226 2582 2274 2629 θ’
2287 2581 2446 2638 insteper

1436 2638 1569 2682 dubius
1590 2644 1669 2681 zelo
1690 2669 1704 2691 ‚
1728 2654 1773 2681 ac
1785 2640 1919 2696 studio
1948 2640 2180 2696 Christiana·
2196 2640 2356 2682 Pietatis
2370 2638 2443 2696 fo-

1435 2701 1594 2747 venda,
1626 2712 1670 2739 ac
1689 2699 1954 2753 propaganda·
1979 2699 2160 2753 dignatus
2173 2698 2236 2753 stt
2270 2699 2298 2739 a*
2323 2701 2446 2739 ssmo

1440 2761 1496 2799 D.
1515 2760 1570 2799 Ν.
1590 2759 1779 2800 Clemente
1792 2760 1882 2800 XII.
1895 2756 2077 2814 seltener
2099 2767 2287 2812 regnante
2300 2784 2314 2807 ‚
2338 2756 2447 2798 nobis

1439 2815 1695 2870 opportunam
1707 2820 1920 2869 impetrare
1926 2816 2154 2870 potestatem
2164 2844 2179 2864 ‚
2195 2816 2280 2868 qud
2288 2817 2330 2856 in
2333 2823 2445 2869 prae-

1440 2872 1552 2916 dictis
1577 2874 1667 2915 loeis
1694 2875 1981 2920 Helvetiorum,
2007 2878 2050 2913 in
2074 2871 2211 2927 quibus
2228 2875 2443 2915 Conventus

1439 2931 1560 2986 nostre·
1579 2931 1735 2973 Ordinis
1761 2945 1834 2972 non
1862 2934 2141 2985 reperiuntur,
2167 2943 2287 2985 neque
2304 2945 2376 2979 ea,
2395 2930 2445 2972 ob

1439 2988 1605 3031 nimiam
1620 2987 1845 3045 distantiam
1861 3015 1875 3038 ‚
1898 2988 2017 3042 nostri
2029 2988 2329 3044 Religiostadire
2347 2989 2444 3045 post

1420 3048 1555 3106 fimt3
1578 3048 1633 3088 ad
1658 3047 1881 3090 cremonem
1919 3049 1994 3090 Vtae
2011 3050 2143 3090 Crucis
2161 3050 2291 3089 Patres
2307 3049 2442 3089 Mino-

1433 3119 1495 3149 res
1521 3103 1730 3160 Capuct'uos
1745 3103 1924 3160 fhfficere
1949 3106 2143 3149 valeamus
2157 3133 2170 3157 ,
2201 3105 2441 3160 quemadmo-

1431 3165 1524 3207 dum
1521 3163 1609 3219 sitis
1618 3165 1744 3205 literis
1756 3162 1927 3220 hesterna
1937 3162 1995 3204 die
2007 3163 2111 3205 nobis
2125 3168 2438 3217 communicavit3

1434 3231 1675 3278 quapropter
1689 3236 1752 3264 nos
1766 3220 2075 3278 vehementiffime
2089 3228 2278 3277 cupientes
2292 3223 2346 3264 ad
2354 3237 2442 3264 ma-

1427 3281 1555 3341 jorem
1572 3284 1649 3322 Dei
1665 3281 1841 3323 Gloriam
1854 3307 1868 3327 a
1897 3280 1949 3331 ὠ
1962 3281 2246 3323 admemoriam
2264 3279 2439 3336 Paffiom's

1435 3345 1493 3384 D·
1507 3343 1557 3383 N.
1572 3339 1671 3396 ‘Jefit
1687 3337 1835 3396 christi
1839 3339 1996 3396 jugiter
2019 3344 2061 3382 in
2078 3340 2270 3383 Fide-lium
2293 3345 2438 3381 menti-

1433 3399 1503 3442 bus
1517 3400 1730 3453 aagendam
1744 3396 2022 3454 Sonbliffi'mum
2046 3401 2119 3441 Via·
2132 3403 2267 3441 Crucis
2291 3402 2438 3439 exerci-

1433 3462 1534 3501 tium
1548 3458 1691 3511 ubique
1704 3459 1784 3511 agi,
1801 3458 1848 3504 {5
1862 3455 2076 3507 celebrari,
2098 3457 2200 3507 Tibi,
2221 3457 2436 3499 Admodum

1437 3517 1650 3559 Reverendo
1670 3518 1782 3556 Pater
1795 3514 1978 3570 Minister
2004 3515 2251 3557 Provincialt's
2265 3525 2437 3570 praeme-

1434 3584 1596 3617 morotae
1614 3571 1827 3615 Provinciae
1845 3601 1857 3623 ,
1881 3587 1927 3615 ac
1953 3573 2226 3631 Succcfflribus
2257 3578 2335 3615 tuis
2357 3584 2436 3629 pra

1433 3642 1600 3688 tempore
1615 3630 2071 3690 existentibusffacultate
2084 3633 2110 3674 a*
2125 3635 2241 3674 §saro
2249 3635 2434 3674 D.N.Pa-

1425 3701 1482 3746 pa
1501 3693 1690 3734 Clemente
1713 3693 1804 3733 XII.
1830 3692 1937 3733 nobis
1960 3689 2122 3745 benigne
2147 3691 2310 3749 conceffiz
2324 3719 2337 3743 ‚
2357 3701 2436 3746 por

1430 3751 1496 3791 has
1513 3749 1657 3804 nostras
1675 3749 1830 3792 litteras
1860 3748 2009 3804 copiam
2012 3750 2188 3808 facimus
2205 3780 2220 3800 ,
2246 3759 2436 3804 quatenus

1419 3817 1497 3865 per
1510 3822 1569 3851 vos
1591 3808 1686 3866 ipsos
1700 3837 1716 3859 ,
1755 3818 1827 3852 aut
1844 3818 1919 3864 per
1942 3808 2035 3850 alios
2065 3809 2408 3923 ReligiososstVtros
2423 3835 2438 3858 ‚

2241 3879 2284 3906 ve
2318 3879 2376 3907 rae
