2658 4256
715 299 1262 390 Anterioris
1323 297 1746 385 Auft'riae.

153 442 155 445 ’
208 432 428 482 Pietatem
446 433 612 503 Jacobi
637 438 834 505 Fuggeri
849 467 864 493 ,
892 433 1095 485 Ecclesiae
1116 438 1202 484 Ca-

238 542 241 546 .
275 502 488 553 thedralis
536 503 881 555 Constantienfis
927 502 1153 569 Praepofiti
1187 536 1204 560 ,

221 630 224 634 Ι
274 569 527 641 sumptibus
559 573 644 624 suis
675 593 842 625 novam
871 578 1081 622 Fratrum
1108 576 1205 620 Do-

274 658 409 692 mum
437 644 498 693 ibi
526 642 823 694 construentis
853 639 1168 692 commendat.

232 767 270 810 A
291 781 432 827 tergo:
470 771 619 813 Dim-70
645 768 775 817 Filio,
799 770 948 823 Jacobo
971 771 1175 823 Fuggero,

355 829 559 885 Praepaess'to
589 826 762 881 Ecclfiae
790 828 1051 883 Corssantlen.

200 948 664 998 CLEMENS
736 947 947 994 PAPA
1007 945 1199 993 VIII.

294 1072 448 1114 DileHe
474 1069 557 1114 Fili
573 1071 748 1129 filutem
777 1070 824 1117 ἐπ’
847 1068 1102 1126 Apcstolicam

539 1127 861 1172 Bencdzfffioncm.

211 1261 216 1267 ·
275 1247 509 1300 Ampridem
537 1245 716 1289 nota-est
735 1245 864 1288 Nobis
889 1245 1016 1287 virtus
1033 1253 1100 1286 tua
1118 1270 1132 1294 ‚
1162 1243 1202 1284 &

196 1246 258 1396 J
290 1305 403 1348 zelus
420 1305 642 1348 Catholicae
658 1305 879 1358 Religionis
893 1333 907 1354 ,
934 1305 974 1345 &
996 1303 1197 1346 studium...

299 1364 445 1407 ardens
464 1364 510 1407 ad
527 1364 658 1407 omnia
682 1363 847 1419 pietatis
872 1376 996 1416 opera
1024 1374 1098 1416 pro
1123 1362 1200 1400 tuis

193 1421 346 1463 viribus
375 1422 649 1478 promovenda
667 1449 681 1471 ‚
705 1421 850 1475 quibus
875 1421 915 1460 δι
947 1420 1026 1461 Dei
1063 1418 1200 1460 cultus

192 1491 364 1534 augetur
394 1506 409 1528 ‚
447 1477 778 1523 Christifidelium
816 1477 988 1520 devotio
1021 1475 1201 1521 incendi-

193 1549 288 1588 tur,
320 1539 357 1578 δε
386 1537 562 1591 denique
586 1537 805 1580 multarum
818 1538 1054 1579 Animarum
1082 1534 1198 1576 saluti

200 1597 354 1650 optime
369 1596 594 1638 consulitur
611 1596 786 1651 (Qare
803 1610 879 1637 non
896 1609 986 1636 cum
1006 1592 1202 1635 mediocri

196 1653 414 1708 voluptate
425 1656 745 1710 accepimus,Te‚
759 1653 865 1709 quod
880 1654 1112 1707 complures
1125 1650 1205 1706 jam

202 1725 329 1753 annos
348 1725 560 1765 procurare
575 1727 654 1754 non
671 1711 850 1752 destitisti
869 1738 882 1759 ,
913 1711 1097 1751 nimirum
1114 1734 1128 1755 a
1160 1716 1206 1748 ut

196 1770 314 1812 Servi
331 1771 433 1820 Dei,
465 1772 624 1811 Fratres
639 1770 819 1811 Minores
835 1768 999 1809 Ordinis
1025 1772 1065 1810 S.
1079 1770 1196 1810 Fran-

196 1826 318 1877 cisci,
347 1828 544 1881 Capucini
563 1828 802 1881 nuncupati,
822 1828 871 1867 ab
889 1826 957 1868 ista
972 1825 1111 1879 insigni
1137 1824 1203 1866 Ci.

193 1886 323 1927 vitate
338 1885 580 1928 Constantiae
598 1886 879 1940 reciperentur
893 1913 909 1937 ,
939 1884 1019 1940 jam
1033 1882 1194 1926 tandem

192 1945 269 1986 Dei
285 1944 530 1999 benignitate
545 1943 620 1987 else
634 1943 893 1987 consecutum
905 1971 919 1993 ‚
937 1945 974 1984 δε
992 1957 1040 1985 ex
1057 1942 1196 1998 publi-

191 2016 241 2044 co
265 2002 432 2045 Senatt'is
458 2003 564 2046 istius
586 2003 771 2045 consensu
788 2032 801 2054 ‚
828 2017 872 2043 ae
892 2005 1079 2044 Decreto
1107 1997 1200 2043 Tibi

193 2060 416 2104 concessum
444 2061 519 2104 esse
535 2090 548 2113 ‚
578 2072 633 2103 ut>
649 2062 731 2103 tuis
760 2061 979 2115 sumptibus
996 2063 1172 2102 Domum
1188 2086 1202 2109 ,

193 2122 234 2161 δι
257 2122 517 2162 conventum
540 2131 699 2162 extruas
714 2148 728 2170 ,
765 2118 978 2161 Ecclefiam
1007 2116 1198 2167 aedifices,

195 2181 359 2221 Sacram
382 2178 695 2232 suppellectilem
728 2191 895 2232 appares
914 2207 927 2228 ‚
956 2179 995 2218 &
1026 2177 1200 2232 denique

194 2235 426 2290 Religiosos
450 2236 539 2278 illos
563 2236 826 2285 introducas,
851 2238 917 2290 qui
937 2239 1026 2278 Deo
1045 2233 1198 2276 Altiffi-

195 2307 263 2335 mo
286 2295 432 2335 divinis
458 2294 599 2336 officiis
626 2294 876 2338 celebrandis
893 2321 908 2344 ‚
937 2296 976 2335 δι-
1002 2294 1195 2334 omnibus

195 2365 335 2398 eorum
361 2352 637 2407 Regularibus
665 2352 861 2395 institutis
892 2353 955 2409 pie
988 2350 1212 2394 obeundis

197 2409 343 2460 affidue
373 2409 574 2466 serviant.
605 2409 797 2466 Illudque
827 2413 868 2454 in
893 2411 1034 2468 primis
1063 2409 1194 2453 Nobis

1261 431 1478 488 jucundum
1503 430 1574 470 fuit
1599 429 1678 484 jam
1695 436 1785 469 ante
1802 440 1884 470 non
1904 429 2050 471 multos
2065 430 2150 472 dies
2164 338 2199 480 ,5
2213 441 2257 474 ut

1262 492 1505 539 audivimus,
1521 485 1731 528 salutiferae
1745 488 1890 528 Crucis
1910 490 2103 531 vexillum
2117 489 2137 528 ἐι
2157 490 2260 530 Ven.

1265 550 1403 590 Fratre
1426 549 1561 588 nostro
1574 543 1770 599 Episcopo
1787 544 1960 599 ejusdem
1978 546 2168 589 Civitatis
2192 547 2263 588 be-

1264 606 1465 648 nedic‘tum
1481 632 1496 654 ,
1523 618 1569 647 ac
1586 603 1738 650 Clero,
1762 606 1910 645 Senatu
1926 634 1940 655 ,
1963 607 2001 647 ὃ(
2016 604 2172 660 Populo
2189 618 2262 645 co·-
2334 611 2336 613 ’

1266 664 1523 711 mirantibus,
1548 662 1630 704 ritu
1645 660 1811 702 solemni
1829 689 1842 710 ‚
1865 660 2009 715 fixum,
2036 674 2158 719 atque
2171 676 2263 703 ere-

1263 723 1369 763 &um
1386 718 1465 761 effe
1477 720 1513 760 in
1527 733 1576 761 eo
1593 719 1683 760 loco
1696 747 1710 770 ‚
1732 718 1798 758 ubi
1817 721 1995 763 Ecclesia
2008 752 2025 772 ,
2047 724 2087 763 &
2104 725 2260 763 Domus

1263 779 1562 832 Capucinorum
1580 777 1634 818 est
1648 773 1872 818 aedificanda
1884 806 1894 817 .
1926 781 2171 827 Laudamus,
2189 780 2255 821 Fi—

1262 837 1317 888 li,
1344 837 1536 892 pietatem
1560 847 1699 889 tuam,
1729 835 1768 874 &
1796 835 1966 878 Civitati
1992 837 2050 879 isti
2076 837 2259 893 gratula-

1260 908 1373 944 mur,
1399 893 1504 948 quod
1526 892 1668 934 fideles
1698 892 1791 934 illos
1810 893 1942 935 Vineae
1969 897 2045 937 Dei
2060 899 2262 949 Omnipo-

1261 953 1384 995 tentis
1398 951 1614 1006 Operarios
1639 953 1683 991 [it
1712 951 1825 992 brevi
1853 951 2061 1004 habitura,
2087 954 2154 1008 qui
2171 954 2263 995 ubi-

1260 1025 1336 1067 que
1352 1011 1478 1051 bonus
1494 1008 1644 1050 Christi
1659 1008 1763 1050 odor
1778 1007 1891 1051 sunt:
1910 1009 1974 1052 sed
1991 1039 2005 1061 ‚
2020 1011 2110 1065 quia
2134 1024 2261 1066 opera

1261 1069 1337 1112 Dei
1363 1067 1551 1122 diligenti
1577 1065 1793 1109 sedulitate
1821 1068 1907 1109 sunt
1925 1070 2104 1124 urgenda
2129 1097 2143 1118 ,
2174 1082 2266 1123 pro-

1260 1136 1402 1183 pterea
1425 1126 1463 1167 in
1494 1126 1670 1167 Domino
1696 1127 1905 1168 hortamur
1921 1156 1935 1178 ,
1960 1139 2033 1175 ut,
2057 1126 2166 1182 quod
2195 1126 2262 1180 pie

1261 1183 1480 1236 inchoasti,
1509 1185 1803 1240 quamprimum
1824 1212 1838 1235 ‚
1873 1188 1963 1228 Deo
1985 1196 2264 1240 cooperante,

1261 1243 1444 1300 perficias
1461 1272 1474 1293 ‚
1491 1257 1618 1298 neque
1632 1243 1725 1285 ullis
1738 1242 2041 1287 difficultatibus
2058 1247 2265 1287 deterrea-

1260 1304 1315 1345 ris
1328 1329 1341 1350 2
1367 1312 1434 1343 aut
1454 1300 1666 1343 retarderis
1681 1331 1694 1352 ‚
1712 1302 1734 1343 fi
1752 1315 1845 1357 quas
1864 1302 2023 1346 sorfitan
2037 1305 2230 1346 §athanas
2246 1328 2264 1351 ,

1259 1360 1462 1403 malorum
1488 1363 1667 1403 omnium
1687 1361 1945 1403 Architectus
1972 1363 2166 1411 obiiciat,
2191 1368 2263 1404 aut

1262 1422 1288 1462 ii
1318 1419 1533 1461 moliantur
1556 1448 1571 1469 ,
1603 1419 1671 1475 qui
1702 1433 1887 1461 errorum
1919 1422 2098 1462 tenebris
2124 1419 2266 1461 misere

1260 1478 1451 1522 obcaecati
1468 1490 1592 1532 opera
1607 1479 1705 1520 lucis
1721 1478 1898 1518 libenter
1921 1478 2143 1532 impediunt
2155 1506 2165 1517 .
2194 1478 2265 1519 Ti.

1265 1537 1304 1579 bi
1334 1535 1527 1592 quidem,
1555 1544 1598 1576 ut
1620 1533 1886 1583 confidimus,
1913 1535 2023 1577 idem
2049 1533 2265 1590 Episcopus

1264 1608 1338 1650 pro
1366 1592 1435 1632 suo
1461 1591 1587 1634 divini
1605 1592 1768 1632 honoris
1795 1592 1915 1643 zelo,
1942 1594 2114 1649 bonique
2128 1606 2266 1634 omnes

1267 1650 1503 1706 adjumento
1531 1658 1680 1700 erunt,
1708 1651 1747 1690 ὃ(
1766 1652 1874 1692 Deus
1904 1652 2011 1706 ipse,
2042 1652 2153 1708 cujus
2177 1652 2270 1707 glo-

1266 1710 1363 1752 riam
1378 1709 1530 1764 quaeris,
1557 1710 1711 1750 Tecum
1725 1709 1804 1750 erit
1821 1737 1831 1748 .
1868 1711 1931 1752 Tu
1945 1724 2046 1767 ergo
2059 1711 2145 1754 esto
2161 1709 2262 1751 forti

1264 1769 1424 1817 animo,
1457 1771 1490 1808 &
1512 1782 1587 1821 pro
1614 1776 1684 1807 tuo
1708 1766 1828 1818 loco,
1855 1770 1892 1808 δι
1924 1768 2057 1811 officio
2089 1782 2267 1826 perge-³

1263 1827 1422 1869 causam
1439 1826 1513 1868 Dei
1537 1824 1731 1882 adjuvare
1748 1855 1760 1878 ‚
1786 1837 1829 1868 ut
1846 1827 1936 1869 Tibi
1955 1830 2173 1870 Dominicae
2194 1825 2268 1868 suae

1264 1884 1409 1941 gratiae
1423 1883 1703 1927 abundantiam
1729 1884 1768 1926 in
1795 1886 1857 1927 via
1872 1913 1885 1937 ,
1902 1888 1942 1927 &
1956 1889 2116 1942 praemia
2138 1888 2178 1928 in
2195 1900 2266 1942 pa-

1263 1943 1341 1986 tria
1381 1942 1615 1998 sempiterna
1641 1942 1862 1999 largiatur.

1322 2004 1470 2044 Datum
1489 2004 1628 2043 Romae
1654 2002 1758 2057 apud
1785 2006 1824 2044 S.
1839 2004 2003 2046 Petrum
2019 2000 2085 2045 sub
2101 2002 2266 2045 Annulo

1260 2057 1472 2102 Piscatoris
1489 2088 1502 2110 ,
1537 2059 1613 2101 Die
1639 2073 1706 2101 xv.
1724 2061 1861 2103 Martii
1879 2077 2029 2106 moen
2042 2077 2078 2104 1.
2094 2060 2264 2106 Pontifi-

1261 2128 1377 2161 catus
1399 2118 1522 2162 nostri
1536 2120 1657 2162 Anno
1680 2118 1947 2164 duodecimo.

1646 2239 1705 2279 M.
1729 2237 1905 2280 vestrius
1921 2237 2152 2280 Barbianus.

1315 2355 1372 2396 Ex
1388 2355 1552 2397 Boverio
1570 2354 1684 2395 Tama
1696 2353 1868 2411 sicunde
1882 2353 1963 2414 fol.
1979 2364 2083 2411 975.

1022 2588 1433 2656 NOTA:

192 2771 266 2860 E
281 2771 422 2817 Ousque
437 2772 533 2809 furor
555 2772 717 2811 hereseon
730 2797 742 2816 ,
767 2781 842 2818 qua
861 2773 1020 2811 saeculum
1050 2772 1220 2810 decimum
1238 2772 1401 2819 quintum
1426 2773 1461 2810 8(
1476 2772 1604 2811 sextum
1627 2773 1737 2811 dirius
1757 2774 1926 2816 vexavit,
1948 2773 2165 2810 constantie
2189 2779 2266 2819 proi

291 2819 417 2863 greffus
430 2821 477 2855 est
492 2842 505 2861 ,
529 2832 567 2855 ut
582 2822 769 2867 Episcopus
781 2833 861 2857 cum
884 2821 944 2868 pio
958 2822 1066 2856 Clero
1080 2821 1286 2867 Uberlingae
1308 2824 1413 2864 exul,
1437 2822 1643 2858 Sanetorurn
1668 2823 1807 2858 delubra
1831 2821 1991 2864 sacrilego
2009 2822 2090 2856 ausu
2111 2819 2266 2857 foedata...

194 2866 328 2910 amarh
347 2869 381 2904 8<
395 2867 524 2902 diutius
540 2868 664 2903 deflere
676 2878 859 2912 cogeretur
876 2892 886 2902 .
906 2867 985 2904 Fuit
1001 2880 1110 2904 autem
1133 2868 1233 2915 hujus
1247 2868 1414 2905 Civitatis
1430 2868 1592 2909 felicitas,
1613 2870 1708 2914 quod
1732 2868 1900 2914 imperiali
1928 2869 2144 2905 anathemati*
2159 2869 2268 2916 subje.

192 2917 247 2953 &a
263 2940 275 2960 ‚
299 2915 445 2952 viarice
464 2915 680 2959 imperatoris
693 2915 816 2949 Caroli
826 2914 876 2948 V.
892 2917 1005 2950 Marte
1030 2916 1164 2959 subffita
1180 2941 1190 2956 ,
1211 2916 1313 2963 hujus
1328 2915 1404 2962 jura
1420 2917 1570 2952 revereri
1586 2916 1739 2950 debuerit
1758 2927 1767 2949 ι
1793 2925 1837 2950 ex
1852 2928 1893 2950 eo
1909 2917 1995 2951 enim
2011 2919 2100 2956 Arca
2114 2916 2208 2952 Fidei
2221 2917 2266 2953 ad

194 2965 290 3001 suam
301 2962 412 3000 sedem
437 2962 564 3005 rediit,
585 2963 619 2998 8<
636 2960 862 2998 Ministerium
879 2962 1010 2995 Altaris
1034 2963 1194 2997 liberiore
1216 2963 1383 2998 exercitio
1408 2964 1560 2997 refloruit
1579 2986 1590 2996 .
1619 2961 1671 2999 Ut
1699 2961 1935 3000 delitescentes
1954 2965 2042 3001 inter
2061 2965 2266 3002 domesticos

193 3013 342 3060 parietes
355 3013 519 3047 set‘starum
535 3009 703 3056 Reliquiae
721 3006 834 3044 senfim
847 3008 881 3043 8(
897 3011 1030 3053 penitus
1044 3011 1348 3053 comprimerentur
1362 3032 1375 3050 ,
1396 3009 1546 3055 jacobus
1561 3009 1735 3052 ruggerus
1753 3021 1796 3046 ex
1812 3012 2000 3048 Beronibos
2014 3037 2026 3054 ,
2050 3025 2139 3049 nunc
2150 3013 2269 3049 Comi-

191 3061 282 3097 tibus
296 3060 337 3095 de
352 3060 548 3103 Kircbberg
566 3083 579 3101 ,
604 3056 842 3094 Weissenborn
859 3058 922 3092 &e
950 3066 1033 3090 tunc
1049 3054 1199 3090 Ecclefiae
1212 3055 1430 3091 cathedralis
1448 3055 1647 3101 Praepositus
1660 3057 1694 3092 8<
1709 3059 1923 3104 postmodum
1939 3060 2127 3108 Episcopus
2137 3062 2171 3095 in
2185 3073 2267 3096 con-

193 3109 455 3146 summationem
471 3108 585 3153 operis
600 3107 734 3142 Fratres
747 3105 880 3141 nostros
892 3102 1034 3140 vocavit
1047 3130 1056 3146 ,
1067 3102 1173 3149 iisque
1185 3103 1302 3138 habito
1313 3127 1323 3145 ‚
1335 3114 1482 3150 quorum
1494 3104 1668 3143 intererat,
1683 3106 1812 3142 assensu
1830 3109 1979 3142 Domum
1995 3107 2186 3155 sumptibus
2200 3109 2267 3144 suin

197 3155 414 3201 construxit,
441 3155 602 3202 pietatem
630 3153 704 3201 ejus
729 3154 859 3189 summo
875 3150 1045 3189 Pontifice
1066 3162 1125 3198 per
1150 3149 1340 3197 praepnfitas
1369 3150 1498 3189 litteras
1515 3154 1797 3190 commendante.
1825 3156 1881 3190 Ad
1900 3155 2059 3192 fabricam
2077 3154 2198 3192 seleEka
2219 3155 2267 3192 est.

192 3203 231 3240 in
249 3203 408 3240 suburbio
422 3209 500 3239 area
514 3227 527 3247 ,
553 3204 608 3239 seu
627 3203 686 3239 ille
699 3201 768 3248 ipse
784 3205 880 3238 locus
896 3224 908 3244 ,
932 3200 965 3235 in
979 3211 1049 3246 quo
1062 3198 1145 3235 olim
1159 3200 1295 3235 flamma
1311 3199 1513 3245 pertinacem
1525 3201 1676 3249 Joannis
1688 3202 1778 3238 Huff
1789 3203 1958 3248 perfidiam
1973 3204 2154 3251 castigavit
2169 3227 2182 3247 ‚
2205 3215 2243 3239 ut
2255 3226 2270 3247 ,

196 3253 256 3289 ubi
269 3251 517 3297 antesignanum
543 3251 671 3286 crimen
687 3251 784 3295 periit
797 3277 807 3294 ‚
832 3249 941 3297 pietas
958 3247 1175 3291 resurgeret,
1200 3248 1235 3283 &
1251 3249 1346 3284 locus
1367 3246 1504 3285 scelesto
1525 3249 1636 3286 cinere
1649 3251 1904 3288 contaminatus
1920 3274 1931 3292 ,
1957 3250 2070 3290 cresto
2079 3253 2267 3300 Seraphicae

200 3300 330 3337 Crucis
351 3301 506 3346 trophaeo
528 3309 750 3346 purgaretur.
943 3322 946 3324 v

291 3349 541 3396 Opportunius
555 3357 667 3382 autem
682 3356 720 3380 ut
735 3345 839 3381 nostri
852 3343 1017 3391 operarii
1031 3342 1242 3391 Apostolicae
1257 3342 1503 3389 praedicationis
1521 3345 1714 3383 Ministerio
1728 3347 1968 3392 fungerentur,
1980 3348 2106 3395 triplex
2118 3349 2185 3385 illis
2198 3348 2266 3385 Ca.-

195 3396 312 3433 2hedra
326 3421 336 3436 ,
360 3396 520 3432 videlicet
534 3395 595 3430 illa
612 3394 646 3430 in
659 3392 803 3430 Ecclesia
817 3393 1019 3436 Collegiata
1033 3392 1075 3427 ad
1087 3393 1124 3428 S.
1137 3392 1347 3437 Stephanum
1359 3414 1372 3433 ‚
1386 3391 1453 3427 alia
1465 3392 1498 3427 in
1515 3394 1800 3439 Ecclesiamariter
1817 3396 2016 3440 Collegiata
2026 3398 2092 3441 ,ad
2113 3399 2149 3435 S.
2165 3397 2268 3444 Ioan-

198 3455 274 3479 nem
286 3469 298 3488 ‚
323 3445 359 3480 &
374 3444 471 3481 tertia
484 3444 518 3479 in
534 3442 678 3479 Ecclefia
704 3443 740 3488 S,
756 3442 877 3486 Pauli,
901 3440 963 3476 fuit
977 3438 1138 3483 affignata
1151 3461 1163 3482 ,
1186 3439 1220 3474 in
1232 3439 1357 3487 quibus
1370 3439 1475 3485 usque
1486 3441 1530 3477 ad
1545 3442 1748 3479 hodiernum
1773 3444 1861 3480 diem
1879 3444 2030 3480 Verbum
2044 3444 2110 3482 Dei
2135 3446 2263 3482 ubere..

199 3489 311 3528 fructu
338 3492 546 3528 disseminare
578 3501 732 3538 pergunt
746 3517 755 3526 .

298 3540 385 3576 Non
407 3539 541 3589 quievit
553 3549 665 3575 autern
677 3537 799 3587 jacobi
813 3537 919 3583 pietas
937 3535 971 3571 in
984 3547 1121 3573 munere
1135 3534 1270 3571 Domus
1290 3535 1461 3574 aedificatae
1475 3564 1485 3580 ‚
1507 3538 1562 3574 sed
1582 3550 1678 3574 novo
1693 3539 1822 3586 semper
1835 3538 2039 3578 incremento
2052 3553 2126 3578 eam
2145 3542 2266 3589 proba·

199 3583 258 3626 ,vit
271 3587 351 3623 vere
372 3588 592 3633 singularem:
618 3599 680 3623 nec
704 3587 868 3622 duntaxat
886 3586 999 3632 Mytra
1011 3582 1256 3620 constantiensi
1275 3585 1454 3622 decoratus
1468 3610 1480 3629 ‚
1505 3587 1562 3622 uni
1586 3598 1630 3622 ex
1646 3587 1814 3624 Fratribus
1830 3588 2041 3625 conscientiae
2067 3590 2129 3626 suae
2147 3601 2265 3626 arcana

202 3632 364 3678 confidit,
377 3634 558 3672 Ecclesiam
574 3635 717 3683 pretiosa
733 3634 966 3680 suppellectile
979 3655 991 3675 ,
1004 3635 1037 3668 ἃ
1059 3631 1198 3667 maximi
1218 3632 1319 3676 pretii
1334 3633 1437 3670 calice
1467 3634 1605 3670 ornavit
1619 3661 1629 3674 ,
1656 3635 1713 3672 sed
1742 3635 1844 3670 etiarn
1860 3659 1872 3678 ,
1894 3647 1982 3683 quos
2005 3638 2133 3674 amavit
2151 3637 2265 3674 tenere

202 3678 239 3713 in
254 3680 323 3715 vita
340 3703 354 3722 ,
375 3681 410 3720 in
423 3693 531 3719 morte
546 3695 687 3731 quoque
703 3693 789 3718 unus
802 3692 849 3718 ex
860 3682 901 3717 ὶῐε
921 3680 994 3716 fieri
1011 3680 1146 3721 voluit,
1161 3679 1194 3714 in
1207 3680 1339 3717 Habitu
1355 3703 1368 3724 ,
1394 3682 1428 3717 8<
1438 3681 1472 3719 ln
1486 3682 1628 3720 Ecclesia
1642 3683 1758 3720 nostra
1771 3683 1938 3731 sepultus,
1952 3685 2105 3734 apposito
2117 3685 2160 3723 ad
2175 3695 2266 3721 tum-

201 3726 277 3763 bam
291 3749 305 3772 ,
316 3727 358 3764 de
377 3731 484 3768 veteri
497 3730 640 3769 Ecclefia
653 3733 694 3768 ad
708 3742 833 3768 novam
845 3730 1051 3773 translatam,
1066 3726 1216 3773 sequenti
1235 3727 1418 3776 Epitaphio
1435 3739 1446 3766 ε

326 3919 426 3959 Tam.
446 3920 464 3959 l
474 3919 510 3961 V.
1554 3920 1576 3961 1
2107 3922 2223 3975 {faco-
