2638 4204
479 233 642 318 282
1118 227 1733 335 Provincia

395 367 466 418 fiat
476 368 582 417 major
594 368 632 402 in
650 365 724 401 dies
736 389 750 410 ,
774 366 839 413 quo
846 365 998 415 fundata
1013 362 1122 412 magis
1133 364 1173 399 in
1187 361 1374 399 charitatis
1388 361 1680 410 &fraternitatis
1708 369 1797 397 nexu
1810 383 1821 395 .
1848 356 1945 408 ‘Juro
1966 355 2138 446 Affolus
2151 359 2316 398 Gentium
2333 386 2345 407 ,
2372 361 2465 402 Pau:

404 419 458 457 lus
471 444 484 463 ,
511 415 759 454 abundantiam
785 417 890 452 unius
913 414 990 451 vult
1013 410 1072 462 effe
1095 410 1320 460 supplemento
1343 412 1463 458 inopia
1486 409 1632 446 alterius
1647 435 1658 452 ,
1684 409 1728 451 ὼ·
1743 408 1817 444 ideo
1831 404 1973 443 maxim&
2034 419 2068 443 os
2079 407 2206 444 divites
2212 409 2296 456 fieri
2312 413 2351 447 in
2365 413 2463 451 banis

405 468 562 517 operibus
575 488 587 506 ‚
613 473 741 497 necnon
751 462 922 511 seminare
937 465 975 498 in
991 454 1277 498 benedifiionibus
1291 483 1303 502 ,
1327 459 1392 508 quo
1405 458 1469 494 alii
1480 460 1521 495 de
1534 457 1821 495 benediHionibus
1836 456 1953 506 nostris
1967 467 2090 494 metere
2098 457 2214 505 poffint
2228 482 2240 499 ,
2253 461 2464 508 consideran-

407 527 458 555 tes
473 515 619 552 invicem
634 510 671 543 in
681 513 953 557 provocationem
968 510 1151 547 charitatis
1166 509 1208 550 ὼ
1221 508 1381 544 bonorum
1391 517 1527 556 operum
1540 533 1550 549 ,
1577 518 1644 542 non
1669 506 1857 554 deserentes
1883 503 2105 542 colleciionem
2122 504 2264 554 nostram
2281 531 2291 542 .
2316 510 2377 546 Ad
2397 510 2459 548 boe

400 560 620 615 praestandum
627 556 770 605 facilius
783 571 824 597 ex
836 560 946 610 nostra
952 569 1061 607 parte,
1062 557 1229 605 juvamur
1237 553 1422 603 plurimum
1434 559 1577 604 antiquo
1591 567 1659 591 non
1671 552 1896 601 minus‚qucim
1907 554 2050 601 probato
2061 554 2122 603 usu
2128 551 2318 602 Religionis
2334 558 2464 607 nostra,

404 613 551 650 aliarum
564 604 669 654 instar
686 631 696 646 ‚
721 608 925 645 concedendi
935 606 1141 658 specialibus
1155 604 1296 648 amicis,
1320 606 1382 654 qui
1397 604 1484 642 alias
1497 606 1596 652 digni
1609 603 1685 652 suis
1698 605 1830 639 meritis
1844 604 2004 638 inveniri
2008 602 2121 650 solent
2134 625 2147 644 ,
2173 615 2212 639 ac
2234 601 2399 652 instanter
2423 608 2465 645 id

400 669 525 712 petunt
538 681 550 701 ,
576 653 770 692 Filiationis
783 659 849 705 (ut
861 665 985 693 vocant
1000 657 1014 699 )
1019 651 1219 703 spiritualis
1231 661 1387 702 patentes
1399 652 1520 691 literas
1533 676 1546 696 ‚
1573 652 1613 688 id
1636 652 1725 700 quod
1746 663 1811 686 non
1826 651 1963 688 tantum
1978 651 2059 698 jure
2082 652 2250 687 communi
2263 674 2276 693 ‚
2291 651 2357 704 suo
2367 656 2460 692 modo

401 711 519 759 facere
537 701 670 789 poffunt
688 703 831 741 Praelati
843 716 951 741 omnes
973 703 1217 752 Religiosorum
1230 700 1426 746 ordinum,
1445 702 1509 749 de
1523 703 1628 738 etiam
1637 698 1823 748 privilegio
1842 724 1853 741 ,
1868 700 1910 741 &⁵
1923 699 2205 747 ratiotzejpeciali
2218 697 2297 738 Nos
2312 701 2467 740 Minori-

404 769 448 794 τι
461 757 568 801 Serap
595 752 641 788 ici
654 752 868 789 Patriarchae
883 753 922 790 S.
934 751 1106 800 F'rancisci
1127 761 1168 788 ex
1193 749 1385 799 conceffione
1397 749 1603 800 aspostolica
1618 750 1754 786 vrbam·
1771 748 1865 784 P‘P.
1877 746 1921 785 V.
1940 748 2123 797 Eapropter
2144 748 2248 796 juxta
2272 760 2394 786 morem
2408 763 2470 787 no·

393 804 511 856 strum.
526 802 613 850 hisce
617 799 857 847 fundamentis
869 800 1043 844 nixumste
1059 799 1310 847 Omnipotentis
1326 799 1395 835 Dei
1408 797 1639 847 misericordia
1651 809 1774 845 mirgna
1791 808 1851 833 con
1871 799 1910 846 si,
1927 794 1965 833 V
1961 809 1995 833 os
2009 798 2223 846 agnoscentes
2239 799 2330 834 omni
2338 809 2464 846 genere

401 852 598 890 meritorum
610 849 730 896 dignos
744 848 808 885 tali
822 847 978 897 beneficio
988 873 1002 893 ,
1015 849 1292 896 &petitionibus
1304 847 1423 897 vestris
1437 856 1626 883 annuentes
1639 846 1733 888 bati-e
1745 845 1867 882 literas
1879 847 2021 882 exarari
2026 847 2188 895 fecimus,
2200 858 2241 881 ac
2248 854 2310 892 per
2323 857 2380 883 eas
2393 857 2463 884 om-

400 903 498 938 nium
512 923 524 943 ,
548 896 802 946 &fingulorum
815 904 970 945 operum,
999 909 1073 946 quae
1087 900 1109 934 ἄ
1121 896 1238 946 nostris
1248 897 1286 931 in
1298 905 1366 933 toto
1378 895 1513 932 Ordine
1525 893 1622 942 fiunt
1635 919 1645 938 ,
1669 895 1811 942 perinde
1823 919 1834 938 ,
1856 896 1932 943 acsi
1937 894 2165 943 particularis
2182 906 2298 932 eorum
2310 895 2468 945 expreffi'o

401 950 456 987 hic
467 949 575 994 psorem
597 946 782 994 participes
797 945 970 982 reddimus
985 969 998 989 ‚
1023 958 1090 982 non
1103 945 1203 982 dubii
1219 970 1227 985 .
1248 941 1404 993 quinVos
1420 944 1504 994 ipsos
1513 946 1551 979 in
1563 943 1635 980 dies
1648 945 1755 991 magis
1768 955 1807 979 ac
1817 945 1922 991 magis
1935 943 1982 978 ad
1991 943 2058 980 haec
2066 945 2216 993 favente
2230 943 2393 993 Altrffimo
2421 945 2470 994 fi-

399 1000 446 1036 tis
458 991 679 1033 habilitaturi
690 1009 699 1030 z
727 993 1003 1042 quemadmodum
1017 994 1060 1036 ὁ·
1073 993 1152 1033 Nos
1183 1005 1221 1029 ro
1233 993 1368 1029 ratione
1379 993 1474 1043 officii
1490 1015 1501 1030 2
1549 991 1617 1029 uod
1632 993 1785 1041 gerimus
1797 1017 1808 1036 ‚
1833 1003 1873 1027 in
1898 991 2056 1028 ‘Domino
2069 998 2258 1037 monemus,
2281 993 2323 1034 ὼ·
2343 992 2461 1030 horta-

399 1058 476 1084 mur
487 1071 498 1082 .
523 1045 627 1084 Sicut
640 1052 751 1079 autem
767 1053 808 1079 ex
820 1041 883 1078 hac
899 1041 983 1078 hora
994 1042 1120 1090 insuos
1133 1002 1306 1079 anosVos
1319 1042 1459 1089 adoptat
1470 1003 1606 1088 Religio
1622 1040 1810 1089 Seraphim
1822 1066 1833 1084 ,
1855 1041 1897 1082 ὠ·
1908 1050 1969 1089 pro
1978 1040 2108 1078 talibus
2119 1043 2274 1090 deinceps
2294 1041 2463 1080 habitura

401 1094 445 1145 est
458 1121 469 1138 ,
494 1095 546 1130 ita
560 1091 714 1140 legitima
729 1114 741 1133 ‚
759 1090 934 1137 charaque
946 1090 1078 1128 Matris
1091 1090 1199 1140 instar
1212 1088 1305 1126 illam
1318 1087 1447 1128 §Vobis
1461 1089 1594 1138 agnosci
1606 1098 1669 1136 par
1681 1088 1725 1138 est
1739 1114 1749 1131 ,
1765 1089 1808 1131 &⁶
1819 1091 1858 1124 in
1872 1090 1969 1137 ipsius
1982 1092 2034 1126 rei
2049 1100 2081 1126 te
2107 1090 2269 1127 imonium
2281 1102 2349 1126 non
2351 1089 2463 1138 solum

402 1141 552 1192 quolibet
564 1139 802 1185 anniversario
816 1139 918 1188 hujus
928 1137 1041 1189 vestrae
1053 1139 1250 1188 admiffionis
1263 1139 1319 1173 die
1328 1162 1340 1180 ‚
1357 1138 1424 1187 ssd
1435 1140 1540 1176 etiam
1545 1139 1725 1185 praecipuis
1731 1136 1982 1186 fisstivitatihus
1993 1137 2143 1176 Ordinis
2153 1164 2164 1183 ,
2189 1139 2303 1187 quoad
2307 1137 2392 1187 fieri
2405 1148 2466 1189 po-

404 1191 463 1241 test
482 1215 494 1234 ,
519 1192 557 1226 in
570 1202 611 1225 no
638 1189 687 1224 ris
700 1182 959 1238 Ecclqliissacra
972 1189 1212 1226 Commum'one
1223 1185 1442 1236 reficiemini‚
1465 1186 1658 1234 persuasum
1680 1186 1841 1222 habentes
1864 1183 1900 1222 οὸ
1925 1186 2053 1222 certius
2065 1211 2077 1230 ‚
2102 1188 2145 1229 ἀγ
2158 1187 2396 1224 abundantius
2415 1189 2460 1226 de

403 1239 569 1276 communi
581 1248 596 1275 t
621 1237 735 1285 esauro
751 1237 1048 1284 Indulgentiarum
1059 1260 1073 1283 ‚
1089 1234 1363 1287 satisfafiiouum
1386 1235 1430 1279 ὁ·
1446 1236 1645 1272 meritorum
1657 1235 1805 1271 omniurn
1817 1230 1857 1272 V
1851 1244 1885 1269 os
1888 1234 2161 1283 participaturos
2170 1232 2230 1284 effe
2241 1261 2249 1271 .
2268 1235 2400 1273 Datum
2412 1237 2457 1283 &f

393 1289 565 1339 stjgnatum
575 1285 690 1324 Roma
700 1285 755 1323 die
770 1285 914 1337 hyrenis·
930 1285 1030 1323 1612.

1717 1390 1790 1436 Fr.
1809 1395 2060 1448 Hieronymus
2072 1419 2087 1444 ,
2121 1390 2324 1448 quisupra
2340 1421 2354 1434 .

497 1559 601 1598 Sacra
616 1559 677 1595 hic
696 1559 891 1596 meritorum
902 1559 1145 1596 communione
1170 1559 1372 1596 decoratum
1386 1558 1522 1595 Caetum
1538 1571 1628 1595 anno
1643 1559 1823 1597 millesimo
1840 1558 2083 1597 sexcentesimo
2101 1557 2235 1595 decimo
2249 1558 2355 1601 tertio
2369 1560 2470 1598 Alte-

399 1607 490 1646 fatus
503 1607 657 1646 Nuntius
670 1607 887 1655 Apostolicus
901 1607 1064 1646 canonice
1075 1607 1110 1644 &
1122 1607 1321 1656 Apostolica
1333 1607 1537 1646 maturitate
1550 1608 1713 1654 instituit,
1729 1610 1836 1647 erexit
1849 1608 1884 1646 &
1897 1606 2053 1646 fundavit
2067 1609 2259 1656 diplomate
2275 1606 2432 1646 subnexo
2446 1636 2458 1650 .

485 1765 681 1807 Antonius
696 1791 710 1814 ,
744 1766 820 1806 Dei
841 1764 890 1812 δ’
906 1763 1129 1820 Apostoiieae
1146 1764 1404 1820 Sedisgratia
1412 1792 1426 1812 ,
1461 1763 1657 1821 Episcopus
1678 1766 1907 1821 Vigih'arum
1919 1794 1934 1817 ‚
1961 1762 2194 1822 Sanbiifflmi
2215 1760 2379 1808 Domini

626 1821 747 1879 nostri
757 1824 871 1878 *Pauli
891 1825 928 1865 V.
942 1821 1182 1881 ejusdemque
1196 1827 1299 1865 Sedis
1309 1851 1323 1874 ‚
1337 1823 1391 1864 ad
1402 1824 1623 1864 Germanic
1630 1833 1785 1878 partes,
1802 1824 1849 1872 (5
1857 1834 1931 1881 per
1943 1823 2119 1881 traHum'
2133 1823 2237 1868 Rbe-

770 1885 814 1924 ni
827 1911 842 1936 ,
856 1895 938 1924 cum
946 1882 1138 1938 potestate
1153 1883 1290 1938 Legati
1305 1882 1331 1922 a*
1344 1882 1466 1922 latere
1480 1884 1654 1923 Nuntius
1668 1895 1683 1935 3
1696 1883 1880 1939 universis
1895 1882 2089 1940 christifi-

882 1940 1157 1991 delibamus-a
1171 1945 1390 1996 Legationis
1399 1938 1511 1996 hujus
1519 1951 1700 1982 terminos
1709 1941 1975 1998 existentibus,

1056 1999 1285 2057 salutemin
1306 1999 1758 2057 Dominostmpiternans
1773 2029 1786 2041 0

500 2114 539 2152 Si
554 2115 633 2160 quis
645 2115 836 2152 nostrorum
850 2125 1041 2161 temporum
1053 2114 1087 2150 in
1105 2115 1248 2152 Ecclefia
1260 2114 1389 2151 Christi
1412 2117 1616 2162 gliscentem
1643 2117 1814 2153 haereseon
1838 2115 2010 2162 perfidiam
2023 2115 2180 2161 inspiciat
2193 2139 2204 2156 0
2228 2117 2264 2153 ἃ
2278 2114 2463 2163 prasertim

405 2163 440 2199 in
455 2163 654 2200 Germaniis
667 2163 752 2200 hisce
763 2173 853 2200 naras
864 2163 939 2198 inde
956 2163 1161 2200 miserabiles
1172 2164 1358 2199 animarum
1374 2164 1518 2209 strages:
1546 2165 1637 2202 haud
1658 2165 1761 2202 dubie
1783 2166 1813 2203 is
1831 2166 2038 2202 ‘Draconem
2060 2164 2157 2202 illum
2169 2166 2311 2202 tertiam
2323 2174 2457 2213 partem

386 2210 760 2296 steslllarumstcauda‘sud
770 2211 961 2249 trahentem
973 2236 987 2256 ,
1016 2212 1060 2253 (θ’
1071 2212 1247 2249 inimicum
1260 2210 1423 2249 hominem
1435 2215 1577 2252 zizania
1598 2213 1925 2263 superseminantem
1935 2237 1950 2258 ‚
1971 2212 2081 2251 fecisse
2108 2213 2176 2250 hoc
2200 2214 2346 2250 fateatur
2363 2243 2374 2259 ,
2389 2228 2458 2260 ‘no-

395 2271 432 2296 ce
463 2271 519 2295 um
538 2272 555 2295 e
601 2287 609 2295 .

495 2309 558 2344 llle
570 2308 728 2345 'nimirum
745 2309 788 2345 ad
800 2307 894 2344 filios
905 2308 1104 2354 adoptionis
1115 2309 1287 2358 descendit
1307 2334 1319 2353 ‚
1343 2309 1470 2347 habens
1485 2311 1576 2348 iram
1590 2321 1747 2358 magnam
1759 2322 1773 2351 ς
1797 2322 1898 2358 quam
1912 2322 2002 2346 num
2017 2311 2114 2347 tanto
2125 2311 2298 2357 copiosius
2309 2312 2457 2357 evomis,

397 2359 530 2405 quanto
546 2356 644 2392 novis
658 2358 790 2394 certiits
801 2384 810 2398 ,
837 2358 934 2404 quod
947 2368 1083 2404 propter
1097 2358 1220 2394 diesin
1235 2358 1410 2395 eleiiorum
1419 2360 1574 2407 gratiam
1587 2359 1764 2395 breviatas
1779 2383 1791 2400 ‚
1815 2359 1981 2395 modicum
1994 2367 2121 2407 tempus
2135 2358 2259 2396 habeat
2277 2383 2287 2395 .

493 2403 598 2441 Certe
612 2429 624 2447 ,
650 2405 806 2442 videmus
816 2417 900 2453 quas
915 2407 1062 2442 nocendi
1074 2417 1165 2443 artes
1178 2431 1186 2444 ,
1217 2409 1417 2454 technasque
1435 2407 1616 2454 versipellis
1642 2407 1700 2443 ille
1724 2409 1762 2441 in
1777 2419 1854 2443 eum
1869 2407 1971 2443 finem
1992 2406 2198 2451 excogitatis
2213 2407 2376 2447 haetenus
2390 2433 2404 2453 ,
2428 2413 2465 2447 δι

395 2453 574 2499 excogitet
586 2454 621 2488 in
636 2454 732 2492 dies3
759 2454 840 2490 dum
864 2455 897 2489 in
910 2455 1124 2502 deplorando
1148 2456 1213 2492 hoc
1237 2458 1257 2492 ὲ
1281 2457 1407 2493 coelesti
1427 2458 1536 2503 patria
1549 2456 1663 2492 exilio
1676 2478 1689 2498 .,
1714 2464 1879 2503 tanquam
1905 2455 1955 2492 leo
1968 2461 2111 2504 rugiens
2124 2457 2280 2502 circuit,
2307 2469 2463 2507 quarens

398 2512 496 2549 quens
508 2500 649 2537 devoret
662 2513 674 2540 ς
697 2502 733 2538 8(
745 2502 789 2538 ad
801 2502 1038 2549 sempiternum
1051 2504 1196 2540 exitium
1212 2508 1366 2543 incautas
1383 2515 1438 2540 tot
1451 2505 1580 2542 animas
1589 2503 1743 2548 designat
1758 2529 1768 2539 .

499 2551 550 2585 Ar
563 2550 786 2595 quantumvis
797 2549 873 2597 ejus
887 2551 1014 2587 malitia
1028 2563 1150 2598 magna
1160 2551 1199 2588 lit
1210 2576 1224 2596 ,
1249 2564 1308 2590 nec
1317 2552 1458 2604 poteslas
1463 2557 1569 2602 super
1584 2562 1734 2596 terram,
1751 2563 1824 2600 quae
1836 2560 2049 2600 comparetur
2060 2553 2093 2589 ei
2105 2565 2120 2595 ς
2150 2555 2239 2592 nihil
2249 2556 2387 2594 ominus
2396 2555 2468 2593 for-

396 2595 479 2634 titer
501 2598 660 2636 adversus
675 2608 753 2634 eum
765 2620 777 2640 ‚
797 2597 832 2634 in
846 2599 911 2634 hoc
929 2599 1061 2636 lubrico
1073 2601 1205 2635 mundo
1218 2602 1416 2638 certandum
1430 2602 1477 2638 est
1494 2625 1506 2646 ,
1532 2615 1572 2639 ac
1588 2602 1656 2638 Dei
1681 2603 1954 2648 impenetrabilis
1982 2611 2163 2638 armatura
2189 2604 2366 2641 induenda
2381 2627 2395 2648 ,
2420 2612 2464 2642 ut

395 2655 517 2682 contra
531 2643 630 2682 illius
643 2647 682 2681 in
692 2647 779 2682 alias
791 2673 801 2688 ,
826 2646 961 2694 telaque
972 2649 1074 2696 ignea
1085 2648 1244 2693 pellimus
1258 2650 1444 2686 evalescete
1463 2675 1476 2694 ‚
1499 2663 1577 2687 nam
1592 2651 1753 2686 habemus
1757 2651 1893 2697 scutum
1905 2649 1992 2698 fidei
2005 2673 2018 2693 ,
2039 2650 2083 2692 ὁ·
2091 2651 2226 2698 galeam
2231 2651 2359 2701 salutis
2375 2675 2386 2693 ,
2406 2653 2467 2689 ha·

398 2693 518 2731 bernus
532 2694 634 2731 etiam
642 2707 668 2742 g
681 2694 955 2751 adiumspiritm
971 2719 982 2737 ‚
1007 2694 1051 2737 ὁ·
1075 2696 1215 2734 loricam
1223 2697 1363 2752 justitia
1375 2722 1389 2742 ,
1413 2699 1547 2747 aliaque
1576 2710 1666 2736 arma
1693 2695 1871 2736 deienfiva
1884 2699 2128 2747 Redemptoris
2152 2701 2257 2738 nostri
2271 2726 2285 2746 ,
2309 2711 2462 2750 quorum

397 2740 564 2789 impetum
577 2766 588 2783 ‚
607 2742 642 2778 &
657 2743 726 2777 vim
740 2741 895 2778 sustinere
907 2743 1026 2790 nequis
1036 2769 1046 2780 .

496 2791 843 2837 At.quemadmodum
856 2790 971 2828 Sanffi
986 2802 1104 2830 omnes
1116 2793 1338 2831 robustislimo
1352 2796 1540 2834 Behemoth
1568 2797 1603 2833 in
1623 2795 1691 2833 fide
1723 2794 1833 2833 fortes
1856 2797 2059 2837 restiterunt;
2070 2805 2133 2846 per
2134 2796 2240 2845 fidem
2252 2799 2358 2837 etiam
2370 2797 2467 2835 vick-

397 2848 484 2875 runt
493 2849 622 2884 regnat
648 2841 780 2887 operati
785 2838 873 2887 sunt
879 2839 1046 2890 justitiam
1059 2865 1073 2884 ‚
1086 2842 1130 2884 &-
1143 2842 1259 2890 adepti
1262 2842 1351 2891 sunt
1363 2845 1633 2897 repromiffiones‚
1644 2845 1693 2880 ita
1706 2844 1810 2881 etiam
1822 2869 1837 2889 ,
1858 2845 1926 2882 haec
1937 2845 1982 2896 est
1993 2846 2139 2884 vitioria
2152 2857 2226 2896 quae
2238 2848 2353 2886 vincit
2361 2857 2464 2886 mun-

396 2886 478 2923 elum
488 2911 502 2931 ,
517 2885 607 2934 fides
622 2887 732 2937 nostra
747 2912 753 2925 ‚
782 2899 855 2935 quae
866 2897 926 2935 per
939 2888 1150 2932 dilefiionem,
1159 2900 1320 2939 operatur
1333 2917 1344 2929 .
2399 2900 2401 2902 ’

498 2935 536 2972 ld
551 2938 638 2973 vero
652 2961 666 2980 ‚
691 2937 763 2983 quo
774 2937 952 2974 facilius&
966 2939 1196 2985 opportunius
1209 2941 1274 2976 hoc
1287 2941 1469 2988 deplorato
1482 2942 1749 2980 Germaniarum
1765 2943 1852 2979 statu
1867 2942 1940 2979 fieri
1952 2954 2058 2991 queat
2081 2968 2093 2985 ,
2114 2943 2150 2981 8t
2165 2943 2225 2980 illa
2238 2955 2380 2992 quoque
2394 2939 2464 2980 mi·

396 2982 536 3020 seranda
550 2995 602 3019 tor
613 2986 796 3023 animarum
810 2985 916 3032 spolia
927 3011 938 3030 ‚
963 2987 1010 3023 de
1035 2987 1209 3026 infernalis
1230 2988 1333 3037 hujus
1360 2992 1432 3038 lupi
1444 2989 1600 3028 faucibus
1611 2992 1699 3039 eripi
1711 3015 1723 3034 ,
1749 2992 1813 3028 SS.
1830 2992 1875 3028 D.
1892 2992 1940 3028 N.
1957 2994 2082 3029 Paulus
2098 2993 2189 3037 Papa
2199 2991 2251 3029 ν.
2270 3004 2373 3040 quem
2386 3002 2466 3028 om·

396 3032 491 3070 nium
509 3032 727 3069 Ecclesiarum
754 3044 891 3081 paterna
916 3035 1113 3072 sollicitudo
1135 3037 1228 3085 angit
1242 3064 1251 3076 ,
1276 3037 1311 3074 δι
1325 3038 1613 3077 Germanicarum
1641 3040 1838 3086 praecspue',
1863 3050 1901 3076 ut
1924 3052 1981 3077 eas
1995 3041 2030 3076 in
2044 3041 2229 3078 visceribus
2240 3041 2313 3085 Iesu
2330 3039 2460 3078 christi

395 3079 552 3127 impense
564 3080 598 3116 di
607 3081 774 3129 nigraque
790 3081 895 3119 rinos
907 3084 994 3121 adeo
1011 3083 1069 3120 stbi
1088 3085 1208 3123 charos
1221 3085 1257 3122 in
1273 3086 1365 3124 avita
1379 3088 1447 3124 fide
1456 3088 1626 3137 jugulatis
1638 3089 1804 3127 haereseon
1821 3088 1975 3125 monstris
1986 3090 2184 3127 conservare
2197 3113 2209 3132 ‚
2224 3102 2264 3127 ac
2275 3090 2378 3127 etiam
2389 3112 2403 3134 ‚
2416 3097 2458 3126 ut

396 3129 686 3168 convenientibus
698 3130 801 3167 armis
814 3154 827 3174 ,
852 3132 895 3168 ad
913 3133 1046 3169 fortiter
1059 3133 1204 3171 inimicis
1219 3135 1434 3173 resistendum
1446 3137 1582 3174 eosdem
1595 3139 1756 3174 instruere
1769 3136 1866 3183 ponit
1876 3161 1891 3180 ,
1915 3140 2078 3175 nonnulla
2091 3136 2271 3175 sanctitatis
2284 3138 2373 3188 asyla
2383 3137 2461 3185 pio·

398 3189 474 3215 rum
489 3177 685 3222 hominum,
708 3179 777 3226 (ad
797 3190 873 3226 quae
904 3182 946 3217 de
958 3182 1073 3218 medio
1087 3183 1272 3231 Babylonis
1284 3184 1498 3232 fugientibus
1522 3186 1666 3224 accessus
1681 3185 1763 3224 effer
1779 3210 1787 3223 .
1807 3187 1852 3229 St,
1875 3185 1909 3222 in
1932 3187 2060 3234 quibus
2070 3187 2112 3224 de
2127 3186 2329 3224 salutaribus
2346 3196 2453 3224 teme·

398 3227 465 3265 diis
477 3226 556 3263 huic
573 3228 756 3267 vulneram
771 3229 886 3274 patric
899 3230 1095 3267 adhibendis
1111 3232 1318 3269 consultatio
1330 3233 1456 3281 fieret)
1473 3234 1673 3272 instituenda
1683 3233 1857 3281 judicavit
1872 3261 1880 3270 .
2341 3253 2346 3258 ·
2377 3237 2394 3276 'v
2422 3267 2440 3279 Α

499 3277 509 3311 l
515 3276 587 3312 llud
599 3276 683 3312 inter
706 3279 772 3314 alia
787 3277 1021 3315 securissimum
1034 3290 1125 3317 ratus
1135 3281 1180 3318 est
1195 3307 1200 3312 .
1228 3280 1252 3316 fi
1269 3281 1552 3331 Confraternitas
1565 3283 1875 3321 ecclesiasticorum
1886 3308 1898 3326 ‚
1925 3289 1960 3322 δε
1974 3284 2194 3322 Saecularium
2207 3281 2370 3321 Virorum
2389 3281 2454 3318 cu·

392 3323 582 3372 juscunque
597 3324 727 3362 ordinis
738 3350 749 3368 ,
781 3326 960 3371 dignitatis
973 3352 984 3372 ‚
1011 3338 1068 3364 aut
1080 3328 1188 3366 aetatis
1202 3328 1336 3367 idoneae
1370 3331 1449 3368 huic
1461 3332 1616 3369 instituto
1626 3332 1690 3369 lint
1700 3356 1713 3375 ‚
1739 3330 1773 3367 in
1789 3332 1931 3370 Ecclesia
1945 3333 2282 3381 PP.Capucinorun¹
2293 3327 2450 3370 S-Fran-

397 3372 480 3419 cisci
495 3371 640 3410 Coloniae
655 3396 668 3416 ,
692 3375 753 3411 sub
768 3375 988 3413 invocatione
1001 3378 1217 3415 acerbiffimae
1233 3377 1403 3427 ‘Paffionis
1421 3380 1481 3417 D.
1493 3379 1548 3420 N.
1563 3379 1651 3431 Jesu
1663 3380 1791 3430 Christi
1803 3404 1816 3425 ,
1840 3381 1981 3429 ejusque
1998 3382 2149 3419 vivifice
2163 3381 2289 3418 Crucis
2299 3379 2446 3423 erigere-

395 3430 452 3456 tur
464 3444 476 3463 ,
501 3421 600 3470 cujus
614 3423 812 3461 confratres
823 3423 888 3470 piis
905 3424 1072 3462 virtutum
1084 3427 1255 3464 exercitiis
1268 3428 1467 3466 inflammati
1481 3430 1514 3467 se
1525 3432 1644 3467 mutuo
1655 3430 1699 3467 ad
1712 3430 1870 3478 pietatem
1883 3452 1896 3473 ‚
1923 3431 2108 3478 zelumque
2128 3431 2194 3477 Dei
2215 3435 2420 3464 exacuerent
2432 3452 2445 3469 ι

398 3470 479 3506 &in
494 3470 728 3515 proximorum
744 3472 884 3509 salutem
899 3475 1166 3518 promovendam
1179 3476 1360 3515 ardentius
1370 3477 1602 3519 incumberent
1613 3503 1627 3524 ,
1653 3479 1748 3518 illius
1758 3476 1940 3517 insistentes
1954 3478 2134 3528 vestigiis,
2156 3476 2254 3526 cujus
2266 3474 2327 3512 fibi
2337 3485 2453 3512 exem-

400 3520 474 3567 plar
488 3519 688 3557 imitandum
701 3521 968 3568 proposuerunt.

406 3607 410 3610 ‚
496 3567 587 3605 Cum
610 3569 716 3614 igitur
741 3570 774 3606 bi
796 3570 862 3607 sese
875 3571 999 3608 Christi
1012 3571 1210 3611 Servatoris
1228 3600 1237 3614 .
1262 3574 1297 3611 &
1310 3572 1488 3613 salutifera
1505 3576 1667 3615 Paffionis
1685 3575 1761 3626 ejus
1781 3575 1968 3614 sestatores.
1981 3575 2135 3622 profiteri
2149 3573 2291 3610 debeant
2306 3597 2318 3617 ‚
2343 3583 2455 3620 opetae

401 3617 552 3664 pretium
568 3618 631 3655 erit
647 3643 660 3662 ,
681 3618 704 3654 fi
717 3619 753 3655 in
769 3619 859 3657 vetis
875 3620 1060 3659 virtutibus
1074 3646 1087 3665 ,
1111 3622 1146 3658 8<
1161 3623 1364 3661 Christiane
1382 3625 1526 3672 pietatis
1543 3651 1553 3668 ,
1580 3625 1887 3673 misericordiaque
1908 3624 2071 3669 operibus
2094 3624 2245 3660 exerceri
2263 3622 2373 3660 velint
2385 3647 2394 3661 ‚
2419 3629 2458 3657 ut

392 3664 439 3715 fic
456 3663 567 3702 luceat
581 3666 641 3703 lux
654 3679 768 3704 eorum
781 3679 892 3705 coram
907 3668 1099 3707 bominibus
1110 3693 1124 3715 ‚
1148 3680 1189 3708 ut
1203 3671 1348 3711 videant
1360 3682 1460 3722 opera
1472 3673 1608 3713 illorum
1619 3676 1706 3713 bona
1722 3698 1737 3719 ,
1762 3674 1806 3718 ὰ·
1820 3671 2016 3723 glorificent
2034 3672 2174 3711 Patrem
2187 3699 2198 3712 .
2221 3672 2284 3719 qui
2310 3672 2349 3706 in
2366 3668 2456 3707 coelis

400 3712 465 3762 ests
495 3726 534 3750 ac
559 3715 637 3751 inde
653 3717 829 3762 proximos
839 3718 916 3755 suos
927 3743 938 3763 ‚
967 3720 1128 3767 luporum
1152 3720 1187 3757 &
1213 3722 1387 3759 latronum
1401 3723 1577 3772 rapacitati
1589 3724 1765 3771 expositos
1779 3747 1793 3768 ,
1817 3723 1851 3760 in
1866 3722 1955 3759 ovili
1970 3723 2118 3759 Pastoris
2136 3720 2263 3757 Christi
2276 3719 2426 3756 retinere
2448 3740 2462 3759 0

400 3763 439 3847 ἕξ
450 3763 701 3851 ἓζὲῗεζέῑεῡζῑῐῗὸ
714 3787 727 3810 a
751 3766 983 3817 erraticosque
995 3768 1082 3807 alias
1094 3768 1127 3805 in
1137 3770 1372 3818 pestilentibus
1381 3771 1550 3813 ltaereseon
1563 3771 1695 3824 pascuis
1704 3772 1900 3812 invenerint
1913 3793 1927 3818 ,
1950 3771 1993 3808 ad
2001 3772 2136 3811 caulam
2156 3769 2302 3807 Domini
2314 3768 2435 3804 reduce
2443 3784 2458 3797 ·

2332 3863 2414 3901 Nos
