2638 4204
771 292 1186 400 Auffriaco
1216 328 1271 361 =
1297 288 1772 406 Hungarica.
2076 313 2129 374 2
2141 322 2180 400 3
2206 328 2239 388 5

256 426 313 476 tis
330 422 526 475 studium
543 462 558 484 ,
574 425 741 497 gradus
758 427 871 484 fuit,
888 442 978 490 quo
995 425 1051 473 ad
1069 427 1186 491 paris
1203 425 1439 474 Generalis
1457 419 1597 470 officii
1612 418 1828 467 meritum
1848 418 1993 469 fafitus
2009 419 2072 470 est
2089 423 2308 478 ascensus.

385 496 516 545 ldem
535 497 789 548 Definitorii
805 496 1038 546 Generalis
1058 493 1318 545 subsellium
1335 528 1351 551 ,
1370 493 1623 560 pariterque
1639 488 1704 537 bis
1724 495 1968 553 occupavit
1986 494 2309 558 Fr.lldephon-

248 559 322 612 sus
349 563 374 611 ὲ
402 568 684 616 Carlshoven
701 602 716 624 ‚
758 565 1046 621 Austriacus,
1079 565 1251 611 virtute
1280 566 1345 611 ita
1371 564 1554 617 clarus,
1584 572 1636 608 ut
1665 557 2021 625 Augustiffimus
2049 566 2309 630 Imperator

246 635 506 701 Leopoldus
525 640 641 686 Eum
663 635 837 703 speciali
864 631 1025 683 affectu
1042 630 1386 700 prosequeretur
1401 667 1418 689 ‚
1451 628 1715 697 Purpuratis
1741 625 1948 677 Ecclefiae
1975 632 2183 683 Patribus
2200 670 2216 692 ,
2236 655 2307 685 ceu

244 702 400 753 ,Virum
429 711 597 757 eximiis
628 709 724 753 anni
758 703 921 753 dotibus
941 739 957 761 ,
995 707 1104 753 vitae
1133 704 1376 768 integritate
1407 698 1584 766 ramique
1605 697 1825 764 prudentia
1858 715 2043 748 ornatum
2071 738 2088 760 ,
2134 723 2182 752 ac
2207 724 2306 773 qua-

242 793 483 844 rumcunque
498 781 708 827 virtutum
728 788 976 840 prototypon
989 772 1327 822 commendaret
1345 804 1360 826 ,
1379 770 1508 834 eique
1522 769 1578 834 de
1596 769 1766 817 collato
1783 764 2048 818 Definitoris
2067 776 2304 825 Generalis

244 843 399 894 officio
417 864 522 896 cum
536 847 692 895 litteris
707 843 1019 910 applauderet.
1040 846 1094 891 In
1112 839 1326 910 Belgio&
1353 839 1576 891 Helvetia
1600 838 1712 886 dum
1734 835 2063 896 Vifitatoris,&
2080 846 2306 895 Commis-

243 913 346 964 sarii
366 916 597 965 Generalis
612 930 773 962 munus
792 914 992 961 exercuit
1006 947 1022 969 ,
1037 910 1112 960 sua
1128 908 1382 977 prudentia,
1397 910 1632 976 praemium
1649 909 1904 956 communis
1929 909 2074 958 laudis
2088 912 2301 966 obtinuit.

380 990 540 1053 Auget
567 983 614 1034 ὅ(
639 982 885 1031 Provinciae
913 981 1050 1029 decus
1089 981 1332 1030 Nobilium
1363 994 1498 1042 caetus
1526 1015 1542 1037 ‚
1577 978 1652 1044 qui
1690 976 1801 1026 dato
1841 977 2031 1027 vanitati
2067 985 2303 1035 mundanae

241 1050 433 1120 repudi&
466 1057 511 1101 in
539 1070 588 1101 ea
617 1050 780 1101 florem
803 1049 889 1100 suae
904 1052 1045 1100 aetatis
1079 1051 1240 1100 virtuti
1272 1049 1502 1100 sacrarunt
1519 1084 1537 1108 ,
1566 1047 1614 1099 ὃς
1638 1044 1765 1100 fuere
1786 1051 1863 1097 Fr.
1883 1049 2160 1108 Amantius,
2178 1056 2302 1103 Mar.

244 1124 347 1172 chio
371 1121 427 1171 de
455 1119 705 1190 Malaspina
723 1157 738 1179 ,
775 1125 851 1171 Fr.
871 1117 1131 1170 Franciscus
1158 1138 1212 1169 ex
1237 1119 1499 1171 Comitibus
1527 1118 1582 1168 de
1609 1116 1821 1167 Marades
1839 1116 1886 1169 ὅ(
1906 1119 2117 1168 Valentia
2133 1155 2149 1178 ,
2177 1126 2301 1188 prius

240 1188 429 1242 Caesaris
447 1194 767 1250 Camerarius,
795 1193 1006 1258 Fr.Joan.
1034 1191 1183 1240 Maria
1212 1208 1265 1240 ex
1299 1190 1559 1242 Comitibus
1583 1188 1639 1239 de
1676 1189 1848 1247 Thuri,
1887 1192 1964 1238 Fr.
1987 1188 2250 1242 Ludovicus
2278 1195 2304 1243 ὲ

241 1261 453 1321 Goritia,
482 1281 536 1313 ex
570 1261 774 1329 Prosapia
808 1264 1047 1313 Comitum
1077 1261 1132 1309 de
1163 1261 1442 1319 Colloredo,
1468 1260 1715 1328 prophetia:
1740 1258 1863 1309 dono
1891 1258 2123 1327 praeditus·

379 1333 559 1397 Qiibus
586 1331 617 1382 fi
648 1331 694 1384 ὅ(
717 1333 827 1381 alios
853 1329 1070 1381 inferioris
1091 1330 1387 1390 Nobilitatis,
1412 1350 1464 1380 ac
1491 1346 1593 1381 tum
1619 1330 1811 1398 pietate,
1841 1344 1941 1380 tum
1963 1329 2169 1381 doctrina
2196 1350 2303 1383 con-

241 1401 416 1469 spicuos
437 1405 571 1453 Viros
587 1438 602 1461 ‚
618 1420 729 1470 quos
747 1402 926 1453 coactus
942 1417 1030 1472 ego
1047 1401 1232 1460 reticeo,
1241 1407 1424 1471 jungas,
1439 1401 1630 1471 reperies
1646 1401 1774 1451 omni
1792 1419 1845 1452 ex
1860 1415 1988 1470 parte
2003 1404 2300 1454 Provinciam

241 1470 460 1540 infignem
475 1509 492 1533 ,
521 1490 617 1540 quae

726 1542 775 1593 N
780 1557 954 1593 umerat
977 1546 1246 1593 Conventus
1266 1547 1479 1593 Fratrum
1514 1560 1628 1592 xxxr
1647 1561 1687 1591 1.

796 1611 1074 1664 Refidentias
1113 1630 1186 1661 ιν.

245 1715 818 1731 m*—

1768 1715 2058 1734 —**
2067 1723 2299 1739 ῃ*

235 1773 519 1821 facultatem
535 1768 793 1820 absolvendi
819 1787 895 1819 eos
908 1806 923 1827 ,
952 1771 1029 1839 qui
1048 1771 1224 1820 ’furcas
1283 1769 1350 1823 ipfi
1366 1766 1537 1814 sentiant
1554 1773 1726 1817 nostram
1743 1776 1846 1818 hanc
1869 1779 2264 1821 commendationem
2280 1808 2294 1830 ‚

303 1845 380 1891 vel
395 1841 643 1891 liberarunt
661 1876 676 1898 ,
699 1843 772 1891 vel
794 1840 1108 1898 occultarunt,
1122 1844 1225 1889 Fra·
1282 1828 1621 1932 ‘lfgffigescgffiflue
1634 1833 1826 1933 ²333&st
1841 1834 1951 1935 'fidbis
1955 1835 2171 1938 {¹134ng
2194 1852 2298 1936 tpro·

351 1913 359 1922 .
601 1911 611 1921 .
1218 1912 1229 1922 .
1418 1915 1427 1924 .
2163 1921 2166 1924 .
2214 1913 2226 1935 r

302 1913 446 1962 ‘Ubus
468 1909 634 2030 Hostus
666 1909 1015 2030 conceffamgsse
1033 1947 1046 1968 ⁹
1058 1913 1231 2031 J033⁰¹³¹
1292 1944 1359 1987 sub
1374 1948 1536 2014 Annulo
1552 1906 2299 2000 PrilscatoriZciifeuxxx.§dailiniiwfxxliiri

301 1982 1112 2119 ssesAsgeggtissngggssgsgassmque
1169 1999 1231 2030 ‘a‘
1291 2005 1555 2050 Pontificatus
1577 2009 1706 2052 nostri
1721 2011 1843 2052 Anno
1855 2014 2000 2067 primo.

1349 2127 1492 2179 Autog.
1507 2124 1548 2165 in
1567 2129 1658 2167 Arc.
1674 2129 2202 2187 secr.Brev.Apostolicorum
2215 2144 2297 2186 reg.

233 2181 272 2224 A
301 2188 444 2236 tergo:
475 2178 628 2221 Dileffo
648 2179 748 2221 Filio
763 2208 779 2229 ‚
810 2179 944 2222 Nobili
964 2178 1063 2231 Viro,
1083 2180 1232 2233 ‘Joanni
1401 2183 1520 2241 mensi
1532 2184 1585 2234 ὁ·
1605 2183 1835 2240 annipraed.
1848 2188 1896 2245 fi
1910 2201 1950 2229 a.

607 2237 656 2279 ab
670 2238 834 2292 Austria
847 2265 860 2280 .

229 2314 748 2409 GREGORIUS
798 2358 1020 2406 PAPA
1071 2357 1225 2408 XIII.

342 2471 498 2515 Dileffe
513 2475 595 2518 Fili
607 2500 621 2524 ,
654 2470 804 2514 Nobilis
826 2472 1110 2533 Wr‚sblutem,

403 2533 452 2580 δ’
472 2532 723 2591 Apostolicam
740 2531 1054 2578 Benedifflonem.

1286 2421 1378 2468 FF.
1395 2421 1604 2470 Mariano
1621 2420 1669 2473 <Sc
1688 2422 1914 2473 Salvatori
1943 2440 2050 2472 cum
2083 2441 2126 2472 2.
2145 2425 2291 2474 Sociis

1355 2491 1401 2537 in
1419 2490 1641 2540 Persidem
1658 2492 1713 2542 ad
1733 2493 2061 2561 predicandum
2078 2493 2137 2543 ibi
2153 2498 2298 2543 Evan-

1354 2562 1529 2628 gelium
1547 2563 1684 2611 eundi
1709 2565 1941 2613 licentiam
1959 2600 1972 2622 ,
1990 2562 2175 2613 instante
2194 2568 2295 2613 Ma-

1353 2631 1589 2681 ximiliano
1623 2633 1887 2683 Archiduce
1912 2633 2106 2686 Austriae
2124 2670 2141 2693 ,
2161 2636 2296 2704 largi·

1355 2713 1433 2750 tur
1447 2737 1460 2750 0

342 2646 586 2691 Onceffimus
601 2650 704 2691 inter
716 2649 788 2691 alia
803 2649 958 2692 dileffls
977 2653 1084 2696 Filiis
1095 2657 1226 2697 Guar-

360 2707 480 2748 diano
503 2707 543 2745 δὲ
568 2709 770 2749 Fratribus
799 2710 1013 2763 Capucinis
1034 2739 1048 2761 a
1079 2714 1144 2767 qui
1176 2710 1228 2754 ad

233 2763 523 2818 procurandam
542 2762 708 2805 salutem
722 2765 1051 2812 christifidelium
1072 2770 1198 2813 claffis
1212 2798 1226 2821 ,

229 2822 297 2863 cui
327 2823 388 2863 Tu
418 2819 566 2861 summo
602 2835 695 2862 cum
725 2823 891 2876 imperio
923 2827 1127 2877 praefefius
1153 2842 1229 2877 es,

230 2879 329 2921 miffi
358 2878 476 2926 sunt,
508 2877 742 2921 facultatem
769 2879 996 2925 absolvendi
1032 2899 1129 2934 eos,
1159 2885 1228 2939 qui

229 2937 416 2992 captivos
436 2938 587 2977 Turcas
615 2937 681 2978 vel
709 2936 928 2979 liberarunt
964 2941 1024 2982 vel
1041 2940 1228 2982 occulta·

227 3006 321 3037 runt
337 3023 349 3036 .
366 2993 490 3052 Qod
505 2995 665 3050 quidem
683 2996 774 3037 Tibi
792 2994 1091 3050 fignificandum
1116 2998 1228 3041 duxi-

227 3067 345 3100 mus,
372 3066 417 3096 ut
442 3053 641 3108 intelligas
658 3056 743 3094 Nos
774 3052 811 3095 id
835 3055 946 3097 nulla
961 3057 1037 3100 alia
1064 3058 1116 3099 de
1131 3071 1227 3099 cau-

226 3111 265 3154 sa
279 3140 294 3162 ,
329 3111 391 3154 sed
407 3110 531 3152 solam
547 3121 616 3152 tuo
630 3111 794 3154 confilio
808 3111 962 3166 secuse,
979 3130 1030 3158 ne
1046 3118 1226 3158 Tuorum

226 3171 367 3213 animae
391 3169 614 3224 illaqueatae
630 3181 883 3213 remanerent
901 3202 917 3224 ,
946 3175 1052 3230 quod
1069 3177 1130 3216 Tc
1144 3200 1158 3222 a
1187 3175 1227 3217 δε

226 3228 527 3272 confoederatos
561 3229 705 3269 bonam
740 3227 780 3269 in
809 3241 958 3283 partem
983 3241 1222 3286 accepturos

225 3286 304 3330 effe
315 3286 559 3329 confidimus
576 3314 587 3325 .
617 3285 821 3342 Qoniam
843 3300 979 3330 autem
1012 3300 1220 3343 peccatum

225 3344 374 3388 dimitti
402 3357 480 3386 non
511 3343 612 3386 solet
633 3372 648 3394 ‚
682 3343 748 3385 nifi
776 3358 820 3386 re
844 3346 978 3388 ablata
1009 3346 1218 3400 restituta,

227 3402 345 3445 valde
358 3411 634 3458 opportunum
648 3404 684 3443 &
695 3403 911 3456 expediens
927 3403 1001 3447 effe
1015 3406 1218 3450 censemus

229 3459 281 3501 ad
296 3459 502 3504 servandas
524 3462 671 3504 animas
685 3460 783 3515 ipsas
799 3490 812 3513 ‚
829 3472 875 3504 ut
891 3463 1090 3507 Nobilitas
1108 3466 1221 3516 Tua,

229 3519 437 3575 caeterique
449 3518 638 3562 faederati
653 3520 782 3562 vestro
795 3521 926 3564 edieto
941 3524 1225 3578 captivos‘rur.

229 3588 295 3620 cas
323 3576 555 3619 habentibus
584 3579 637 3620 de
673 3581 877 3633 praeterito
906 3581 1190 3624 condonaretis
1206 3608 1220 3632 ,

231 3631 392 3690 adjectis
413 3635 639 3688 graviffimis
662 3638 816 3692 poenis,
846 3637 870 3679 fi
903 3638 941 3680 id
964 3639 1219 3695 imposterum

230 3690 432 3749 quisquam
453 3693 668 3737 admittere
694 3697 806 3737 ausus
832 3695 952 3739 fuerit
979 3727 990 3738 .
1022 3700 1219 3740 Praeterea

229 3750 393 3797 eosdem
420 3751 715 3804 Gunffianum,
743 3757 782 3797 δι
814 3757 972 3798 Fratres
1004 3756 1222 3799 Nobilitati

231 3813 326 3854 Tuae
350 3824 398 3853 ex
420 3811 553 3852 animo
566 3814 913 3867 commendamus3
944 3824 1098 3869 gratum
1116 3815 1221 3857 enim

231 3869 493 3918 habebimus,
525 3867 549 3909 fi
577 3882 660 3923 quae
691 3878 758 3913 tua
786 3873 843 3916 est
871 3872 1026 3929 infignis
1061 3875 1221 3931 pietas,

351 3929 478 3971 Tom.l
487 3928 524 3970 V·

1285 2827 1320 2868 A
1336 2832 1481 2882 tergo:
1517 2827 1668 2869 Ditem
1682 2827 1785 2870 Filio
1807 2855 1820 2877 ‚
1836 2825 1972 2869 Nobili
1990 2831 2289 2882 Viro,Maxim1·.

1493 2886 1601 2925 liano
1617 2911 1631 2934 ‚
1664 2885 1875 2929 Archiduci
1891 2887 2077 2944 Atssrig.

1289 2980 1750 3054 CLEMENS
1838 3007 2060 3057 PAPA
2131 3012 2286 3059 v111.

1358 3117 1512 3160 Dilcft‘e
1525 3118 1629 3169 Fili,
1652 3120 1800 3163 Nobilis
1833 3125 1899 3166 Vir
1912 3152 1925 3174 ‚
1943 3125 2116 3167 Salutem
2136 3154 2151 3178 ,
2182 3127 2232 3175 ζῇ·

1483 3177 1735 3235 Apostolicam
1763 3182 2064 3224 Benediffz‘onem
2079 3212 2091 3225 .

1381 3292 1435 3334 Iis
1465 3299 1680 3339 Servorum
1711 3298 1788 3339 Dei
1809 3296 2013 3340 defideriis
2026 3327 2042 3349 ,
2068 3314 2111 3342 ac
2138 3301 2276 3344 studiis

1381 3352 1759 3410 benigne,quanti1m
1774 3370 1864 3398 cum
1881 3357 2058 3399 Domino
2073 3358 2283 3412 possumus,

1279 3407 1457 3454 favemus
1469 3439 1482 3459 2
1497 3412 1617 3468 idque
1629 3424 1745 3456 tanto
1759 3414 1985 3469 propenliirs
1998 3442 2011 3465 ‚
2025 3417 2185 3468 quando
2198 3420 2278 3461 Ca-

1282 3468 1529 3512 tholicorurn
1543 3474 1663 3514 etiam
1679 3473 1904 3525 Principum
1922 3487 1995 3527 pro
2008 3474 2064 3515 eis
2078 3477 2180 3530 apud
2197 3481 2281 3518 Nos

1281 3539 1421 3581 preces
1457 3530 1717 3572 intercedunt
1732 3559 1746 3581 ,
1773 3530 1967 3585 praecipue
1998 3533 2096 3574 vero
2122 3536 2284 3577 Nobili·

1282 3585 1376 3628 tatis
1393 3587 1489 3630 Tuae
1504 3616 1517 3639 ‚
1539 3602 1658 3643 quam
1674 3588 1922 3642 singulariter
1939 3602 2145 3644 amamus,
2167 3595 2203 3634 δι
2222 3595 2280 3633 in-

1280 3651 1341 3684 tra
1359 3655 1518 3698 paterna
1535 3645 1683 3687 viscera
1701 3646 1829 3688 nostra
1845 3647 2015 3703 gerimus
2030 3680 2040 3690 .
2063 3653 2188 3711 QOd
2205 3651 2280 3705 igi·

1283 3709 1348 3742 tur
1364 3702 1553 3756 Religiosi
1568 3703 1721 3745 illiViri
1737 3719 1784 3747 ex
1800 3708 1956 3752 Ordine
1976 3709 2182 3753 Minorum
2195 3713 2278 3750 Ca-

1280 3759 1416 3813 pucini
1430 3790 1446 3811 ,
1472 3774 1573 3815 quos
1590 3763 1717 3804 Nobis
1730 3764 1949 3820 diligenter
1962 3766 2247 3810 commendasti
2260 3792 2275 3814 ,

1281 3818 1442 3860 Fratres
1459 3820 1656 3862 Marianus
1670 3850 1684 3872 ,
1698 3823 1738 3863 δε
1751 3825 1936 3868 Salvator
1949 3853 1964 3876 ,
1990 3840 2036 3867 ac
2052 3826 2159 3868 Socii
2174 3824 2273 3870 duos

1278 3876 1369 3919 zelo
1384 3878 1459 3920 Dei
1481 3878 1625 3920 incensi
1649 3880 1698 3922 ad
1727 3882 1870 3926 Fidem
1885 3884 2141 3928 Catholicam
2158 3877 2275 3922 diffe-

1587 3939 1626 3980 G
1653 3954 1677 3995 g
1709 3953 1731 3980 2
2148 3939 2220 3981 mi-
