2658 4256
422 187 543 269 24

364 290 599 343 Omnibus
635 295 848 341 Fratrum
888 294 1228 343 Provinciarum
1268 298 1384 343 Ger-

370 376 376 383 ·
434 363 592 410 maniae
612 361 821 412 Ecclefiis
851 380 933 431 pro
962 363 1072 413 festo
1094 365 1293 414 Titulari
1314 382 1381 412 ea·

435 432 648 481 rumdcm
678 430 974 484 Ecclefiarum
1000 433 1378 502 Indulgentianu

434 504 680 568 plenariam
707 505 999 570 impertitur.

368 632 917 690 BENEDICTUS
963 635 1160 683 PAPA
1213 634 1376 684 XIV.

396 727 596 813 ¹Um‘wtrst's
618 756 939 815 christifidelibus
955 759 1164 816 praestntcs
1191 761 1347 801 litteras

482 816 886 874 insprffurlssblutem
903 846 916 869 ,
941 818 994 867 ᾤ’
1008 818 1263 874 Apostolicam

711 876 1014 919 Benedtfflonem
1026 904 1037 917 .

364 995 530 1107 AB
563 994 787 1049 augendam
817 993 1019 1037 fidelium
1048 994 1310 1048 Religionem
1341 995 1379 1034 δι

512 1053 753 1095 >Animarum
769 1052 933 1095 salutem
948 1052 1178 1094 coelestibus
1197 1053 1378 1094 Ecclefiae

365 1111 562 1153 thesauris
579 1112 637 1165 pia
659 1113 855 1153 charitate
874 1112 1039 1156 intenti,
1066 1110 1249 1151 omnibus
1277 1111 1382 1152 utri-

364 1168 488 1225 usque
501 1168 610 1211 sexus
623 1167 954 1211 Christifidclibus
972 1169 1065 1209 vere
1080 1168 1376 1221 paenitentibus,

365 1227 560 1270 Confeffis
573 1256 588 1276 ‚
614 1241 659 1268 ac
676 1230 798 1268 Sacra
812 1226 1105 1267 Communione
1128 1226 1373 1282 refestis,qui

364 1287 537 1339 aliquam
562 1298 608 1325 ex
633 1283 820 1324 Ecclesiis
841 1283 940 1325 Ord.
966 1284 1147 1326 Fratrum
1163 1285 1368 1326 Minorum

364 1349 404 1388 S.
423 1340 620 1385 francisci
645 1340 946 1391 Capucinorum
960 1352 1178 1396 nuncupat·
1198 1343 1367 1385 Provin-

364 1402 512 1444 ciarum
539 1395 760 1447 Helvetiae,
787 1397 947 1438 Austriae
972 1399 1212 1450 anterioris,
1241 1401 1367 1441 Vien-

364 1473 454 1502 nen.
473 1485 485 1507 ‚
502 1454 695 1498 Flandriae
709 1483 722 1505 ‚
738 1454 948 1497 Walloniae
964 1483 977 1505 ‚
994 1454 1185 1498 Leodien.
1201 1483 1214 1504 2
1233 1458 1367 1509 Tyro„

362 1518 445 1560 len.
459 1543 472 1566 ,
489 1514 655 1555 Bavariae
669 1543 685 1564 ‚
706 1513 901 1555 Bohemiae
914 1542 928 1563 ‚
943 1515 1069 1556 Stiriae
1083 1542 1096 1564 ‚
1121 1514 1337 1557 Colonien.
1352 1543 1365 1564 ,

361 1578 593 1622 Rhenanae‚
635 1574 672 1613 &
706 1574 936 1614 Franconiae
960 1571 1025 1614 die
1054 1573 1169 1615 Festo
1185 1573 1364 1615 Titulari

361 1632 590 1677 earumdem
622 1630 888 1673 Ecclefiaruni
919 1629 1134 1686 respthive
1173 1632 1194 1673 ἑ
1226 1634 1364 1687 primis

361 1690 550 1745 Vesperis
565 1717 577 1739 ,
604 1690 725 1744 usque
740 1690 787 1732 ad
805 1691 984 1731 occasum
1003 1690 1106 1732 Solis
1134 1689 1214 1732 diei
1229 1691 1364 1746 hujus-

361 1750 467 1794 modi
483 1746 642 1802 fingulis
660 1748 770 1788 annis
786 1747 937 1790 devote
957 1748 1229 1801 visitaverint,
1252 1752 1292 1792 δι
1310 1750 1363 1792 ibi

359 1824 433 1866 pro
448 1805 762 1850 Christianorum
779 1807 1010 1862 Principum
1025 1808 1245 1850 concordia
1259 1835 1272 1857 a
1290 1811 1365 1852 hae-

362 1866 490 1910 resum
514 1862 782 1919 extirpatione
803 1893 817 1915 ‚
855 1878 902 1908 ac
937 1869 978 1908 S.
1003 1866 1146 1909 Matris
1180 1867 1364 1909 Eccleliae

357 1924 606 1969 exaltatione
633 1924 712 1977 pias
739 1924 787 1965 ad
806 1926 934 1964 Deum
950 1937 1091 1979 preces
1119 1923 1331 1966 effuderint
1355 1953 1372 1977 .‚

359 1983 588 2027 Plenariam
618 1982 793 2022 omnium
819 1992 1077 2036 peccatorum
1110 1981 1269 2025 suorum
1298 1987 1365 2026 In—

358 2042 610 2098 dulgentiam
625 2068 637 2091 2
659 2042 697 2080 &
712 2039 977 2082 remiffionem
995 2041 1308 2084 misericorditer
1323 2043 1362 2086 in

357 2101 540 2145 Domino
554 2099 808 2141 concedimus
825 2112 836 2140 :
870 2098 1121 2154 praesentibus
1139 2098 1188 2141 ad
1206 2099 1363 2155 septen-

355 2164 467 2205 nium
478 2158 633 2199 tantum
650 2157 831 2199 valituris
849 2170 861 2198 ε
880 2157 1074 2200 Volumus
1089 2168 1242 2209 autem,
1260 2170 1321 2211 ut,
1335 2160 1360 2202 fi

357 2232 432 2276 pro
459 2217 738 2270 impetratione
759 2244 773 2266 2
799 2213 1100 2269 praesentatione
1126 2244 1138 2267 ,
1165 2216 1363 2259 admiffio-

355 2291 408 2322 ne
423 2302 436 2323 a
454 2275 526 2315 ‘seu
555 2274 828 2329 publicatione
847 2274 1095 2328 praesentium
1121 2275 1273 2330 aliquid
1296 2275 1360 2319 vel

355 2332 562 2379 minimum
575 2332 723 2381 detur,
749 2343 816 2372 aut
841 2330 981 2388 sponte
995 2334 1175 2375 oblatum
1191 2335 1362 2389 recipia-

361 2403 428 2436 tur
444 2391 679 2446 ‚praesentes
693 2390 810 2432 nullae
823 2389 892 2432 sint
905 2419 919 2441 ‚
943 2402 1064 2447 atque
1090 2391 1368 2435 earumdem-0.

357 2449 603 2508 praesentium
618 2448 846 2490 litterarum
861 2451 1135 2504 transumptis,
1148 2448 1214 2491 seu
1227 2464 1363 2493 exem·

316 2517 319 2519 “
358 2507 576 2566 plis‚etiam
592 2505 920 2560 impreffis‚manu
934 2507 1097 2564 alicujus
1116 2509 1275 2550 Notarii
1290 2523 1363 2565 pu-

360 2568 458 2611 blici
481 2564 711 2618 subscriptis
726 2592 740 2616 ,
765 2565 805 2604 &
818 2565 947 2618 sigillo
961 2566 1138 2608 Personae
1160 2566 1198 2607 in
1215 2568 1362 2610 Eccle-

356 2626 504 2668 fiastica
522 2622 722 2677 dignitate
754 2623 977 2666 constitutae
1002 2625 1187 2675 munim,
1218 2626 1361 2669 eadem

356 2683 495 2740 prosus
510 2679 607 2722 fides
619 2681 881 2732 adhibeatur,
894 2697 980 2737 quae
992 2683 1253 2726 adhiberetur
1272 2685 1361 2740 ipfis

358 2739 630 2799 praesentibus,
644 2740 670 2779 ss
687 2736 822 2781 forent
838 2742 1024 2783 exhibitae
1037 2770 1051 2792 ‚
1077 2743 1139 2784 vel
1152 2742 1307 2786 ostensae
1323 2775 1336 2785 .

418 2803 568 2841 Datum
594 2797 730 2837 Romae
761 2798 865 2851 apud
899 2802 940 2841 S.
969 2801 1138 2842 Mariam
1168 2801 1366 2858 Majorem

358 2857 428 2899 sub
460 2853 622 2897 Annulo
650 2854 890 2904 piscatoris,
916 2855 984 2899 die
1009 2860 1107 2900 er.
1133 2860 1275 2902 menfis
1300 2866 1367 2922 Ju-

356 2915 402 2959 lii
427 2930 458 2957 M
477 2930 504 3013 [ἐ
520 2928 544 2955 c
561 2927 586 2954 c
602 2926 623 2953 x
642 2928 662 2954 L
687 2926 699 2954 1
725 2914 760 2955 ι’.
799 2912 1057 2958 Pontificatus
1089 2917 1208 2960 nostri
1245 2922 1366 2964 Anno

355 2976 475 3018 secun
509 2987 558 3015 ο.

707 3064 716 3071 ⁵⁷
741 3089 813 3129 'D-
844 3089 972 3133 Card.
1004 3092 1249 3134 Paffioneus.

388 3209 533 3252 Brevia
547 3206 784 3253 „authentica
799 3209 843 3249 in
859 3209 1039 3252 Archivis
1055 3209 1361 3256 Provinciarum.

1118 158 1787 247 monumenta

1444 287 1789 359 Indulgentiam
1819 286 2090 355 plenariam
2116 296 2254 345 etiam
2283 295 2452 347 Defun-

1511 361 1592 410 <ftis
1631 378 1708 428 per
1737 359 1940 408 modum
1976 359 2190 431 ⁴Suffragii
2228 369 2448 435 applican-

1508 430 1612 478 dam
1642 466 1658 487 ‚
1705 447 1788 495 pro
1820 428 2054 478 menstrua·
2077 437 2447 486 communione,

1508 501 1720 550 Generali
1738 535 1753 557 ,
1794 500 1838 546 in
1870 497 2088 555 Ecclefiis
2104 503 2445 569 Provvinc'iarum

1509 573 1795 634 Germaniae,
1821 570 1893 617 vel
1912 569 2047 636 etiam
2072 569 2115 616 in
2138 570 2340 624 Ecc'lefiis
2359 581 2446 627 Sae.

1507 641 1730 688 cularibus
1778 639 1803 686 ὲ
1852 639 2084 688 Fratribus
2137 638 2396 695 instituenda
2423 682 2440 706 ,

1503 708 1744 758 confirmat
1762 745 1773 757 .
2161 734 2165 737 ⁴

1439 849 1983 903 BENEDICTUS
2038 852 2249 901 PAPA
2303 853 2446 904 XIV.

1437 974 1628 1035 Univerfis
1658 975 1804 1032 Christi
1831 976 2030 1021 Fldele‘bus
2055 977 2258 1034 praestntes
2293 979 2448 1024 Lite'ras

1548 1035 1778 1091 inspebhrt‘s
1796 1034 1972 1090 sblutcm
2001 1036 2049 1083 ζῇ·
2075 1037 2333 1094 Apostolicam

1784 1092 2084 1149 Benqdiffionem
2097 1122 2108 1134 .

1560 1225 1599 1265 D
1622 1221 1845 1278 augendam
1870 1222 2066 1266 Fidelium
2086 1220 2342 1280 Religionem
2357 1255 2372 1276 ‚
2398 1219 2443 1269 δέ

1435 1226 1552 1336 A
1584 1282 1803 1323 animarum
1824 1280 2235 1333 salutem,caelestibus
2252 1284 2443 1326 Ecclefiae

1428 1341 1622 1382 thesauris
1646 1340 1710 1394 pia
1727 1341 1943 1382 Charitate
1960 1341 2104 1383 intenti
2122 1370 2134 1392 ‚
2160 1343 2374 1395 omnibus,
2400 1345 2439 1386 Sc

1428 1396 1589 1452 fingulis
1612 1397 1952 1453 utriusque'seitfis
1977 1398 2310 1443 Christifidelibus
2336 1401 2438 1443 vere

1426 1457 1713 1508 poenitentibus
1727 1458 1767 1497 δε
1780 1457 1974 1505 confeffi82
1987 1458 2052 1513 qui
2066 1458 2240 1515 aliquam
2253 1461 2443 1501 Fratrum

1425 1513 1591 1560 Ordinis
1621 1516 1828 1556 Minorum
1853 1516 2108 1563 &Francisci
2139 1518 2439 1573 Capucinorutn

1425 1579 1762 1623 nuncupatorum,
1770 1573 1988 1614 Provinciae
2001 1577 2131 1625 Ν.Ν.,
2141 1573 2208 1617 seu
2222 1589 2423 1630 quamcun
2433 1587 2447 1607 '-

1424 1643 1503 1684 que
1524 1630 1638 1671 aliam
1656 1629 1893 1672 Saecularem
1913 1629 2130 1672 Ecclesiam
2153 1633 2190 1674 in
2212 1633 2316 1674 dieta
2338 1635 2447 1675 Pro·
2483 1664 2485 1667 .

1426 1689 1557 1730 vincia
1582 1687 1843 1738 existentem,
1867 1691 1904 1730 in
1930 1701 2008 1742 qua
2034 1691 2288 1733 Communio
2319 1704 2443 1746 gene-

1423 1747 1545 1796 ralis,
1578 1745 1848 1789 sollicitudine
1874 1745 2074 1788 diuorum
2110 1750 2307 1791 Filiorum
2341 1753 2442 1792 Fra-

1423 1816 1529 1848 trum
1545 1803 1641 1846 dieti
1658 1804 1824 1848 Ordinis
1840 1831 1854 1854 2
1881 1805 1932 1848 de
1948 1806 2109 1848 licentia
2125 1807 2392 1851 Ordinarioru
2403 1822 2449 1863 m„

1423 1864 1632 1913 locorum,
1655 1864 1694 1904 &
1709 1864 1841 1919 quoad
1859 1864 2058 1907 Ecclefias
2075 1866 2290 1908 Saeculares
2313 1865 2366 1910 de
2388 1866 2448 1908 ιἸ-Χ

1425 1923 1554 1965 larum
1579 1924 1803 1964 Restorum
1822 1921 2011 1966 consensu
2029 1950 2043 1972 ‚
2073 1926 2111 1965 in
2128 1938 2205 1967 una
2228 1938 2275 1966 ex
2300 1924 2444 1967 Domi·

1425 1982 1522 2039 nicis
1547 1979 1762 2036 cujuslibet
1778 1980 1918 2023 Mensis
1935 1980 2154 2037 respective
2171 1993 2339 2038 agetur,
2362 1982 2437 2024 de·

1425 2039 1519 2083 vote
1535 2038 1808 2087 visitaverint,
1825 2041 1960 2095 ibique
1975 2040 2261 2083 sanoiffimum
2278 2042 2442 2083 Eucha—

1421 2098 1532 2140 ristiae
1549 2100 1850 2140 Sacramentum
1867 2097 2107 2153 sumpserint
2120 2126 2135 2149 ‚
2161 2114 2206 2141 ac
2227 2113 2299 2153 pro
2313 2099 2445 2141 Chri-¹

1420 2156 1636 2198 stianorum
1663 2155 1896 2211 Principum
1927 2156 2177 2208 concordia,
2208 2156 2436 2204 haeresum..-

1422 2214 1692 2268 extirpatione
1705 2242 1719 2264 ‚
1742 2228 1788 2255 ac
1803 2217 1950 2256 Sanetae
1969 2216 2109 2258 Matris
2125 2215 2313 2257 Ecclesia:
2327 2215 2444 2258 exal·

1423 2273 1574 2316 tatione
1591 2273 1670 2326 pias
1690 2271 1739 2312 ad
1765 2274 1900 2314 Deum
1925 2286 2066 2326 preces
2083 2272 2295 2315 effuderint
2309 2300 2324 2323 ‚
2353 2273 2441 2327 ple·

1423 2332 1575 2374 nariam
1604 2330 1783 2372 omnium
1811 2331 2260 2384 peccatorumvsuorum
2287 2331 2438 2374 Indul-

1424 2390 1623 2446 gentiam,
1644 2391 1684 2430 &
1700 2388 1963 2431 remissionem
1977 2419 1990 2441 ,
2004 2390 2266 2445 quametiam
2281 2391 2435 2433 anima,-

1423 2451 1496 2489 bus
1510 2446 1844 2490 Christifidelium
1859 2475 1872 2499 ‚
1896 2462 1980 2502 quae
1999 2451 2088 2491 Deo
2102 2448 2315 2490 Chai-itate
2337 2461 2440 2490 con-v*

1422 2507 1561 2563 juncstae
1582 2507 1633 2547 ab
1657 2507 1730 2547 hac
1755 2506 1845 2548 luce
1864 2508 2152 2560 migraverint,
2186 2521 2256 2562 per
2271 2506 2438 2548 modum

1421 2563 1604 2620 Suffragii
1629 2564 1830 2620 applicare
1856 2565 2028 2618 poffint,
2055 2564 2370 2608 misericorditer
2398 2565 2441 2607 in

1421 2623 1598 2666 Domino
1611 2623 1895 2666 concedimus.
1920 2625 2179 2667 Praesentibus
2201 2625 2249 2666 ad
2276 2623 2439 2677 septen·

1424 2682 1535 2724 nium
1561 2681 1770 2724 valituris.
1805 2681 2004 2725 Volumus
2030 2693 2192 2731 autem,
2219 2693 2292 2732 ut,
2317 2683 2343 2722 si
2366 2694 2441 2735 pro

1426 2741 1710 2796 impetratione
1725 2769 1738 2791 ,
1751 2739 2055 2796 praesentatione
2070 2770 2083 2792 ,
2100 2741 2330 2783 admistione
2344 2765 2357 2787 a
2376 2738 2442 2782 seu

1426 2799 1701 2855 publicatione
1730 2798 1979 2853 praesentium
2008 2801 2156 2853 aliquid
2178 2828 2191 2850 ,
2219 2799 2283 2840 vel
2315 2797 2438 2846 m‘mi-

1428 2871 1535 2900 mum
1562 2858 1681 2899 detur
1700 2885 1714 2908 ‚
1737 2867 1806 2900 aut
1830 2859 1970 2912 sponte
1986 2859 2171 2899 oblatum
2197 2858 2439 2911 recipiatur,

1426 2917 1634 2972 praesentes
1657 2915 1776 2957 nullae
1794 2915 1896 2968 fint3
1923 2926 2045 2971 utque
2059 2914 2439 2971 praesentium-tran·-

1424 2975 1585 3028 sumptis
1599 3002 1612 3023 ,
1641 2974 1707 3016 seu
1727 2974 1917 3028 exemplis
1936 3001 1950 3023 ,
1972 2975 2092 3015 etiam
2110 2972 2295 3027 impreffis
2309 2999 2322 3022 ‚
2350 2985 2435 3011 ma-

1425 3045 1476 3077 nu
1503 3030 1671 3087 alicujus
1689 3031 1849 3073 Notarii
1873 3031 2025 3086 publici
2049 3030 2274 3085 subscriptis
2291 3059 2305 3080 a
2331 3031 2369 3070 &
2395 3028 2438 3071 fi-

1424 3089 1525 3145 gillo
1550 3089 1727 3131 Personae
1749 3090 1788 3131 in
1814 3087 2011 3143 dignitate
2037 3089 2308 3131 Ecclefiastica
2337 3102 2436 3129 con-

1423 3148 1564 3190 stitutae
1591 3148 1751 3190 munitis
1767 3176 1781 3199 ,
1804 3147 1942 3189 eadem
1960 3147 2116 3203 prorsus
2131 3147 2230 3189 fides
2245 3149 2290 3188 ad
2300 3145 2438 3188 hibea-

1424 3216 1492 3249 tur
1505 3233 1519 3256 2
1543 3220 1627 3263 quae
1641 3205 1904 3248 adhiberetur
1918 3205 2276 3261 ipfis‘praesentibus
2290 3235 2301 3257 ‚
2330 3206 2355 3245 ss
2374 3204 2437 3245 fo·

1424 3275 1519 3308 'rent
1551 3265 1736 3308 exhibitae
1758 3292 1773 3314 a
1804 3265 1867 3308 vel
1898 3263 2085 3307 ostensae.
2118 3267 2267 3306 Datum
2296 3266 2437 3306 Romae

1429 3324 1536 3378 apud
1559 3328 1738 3368 sannam
1766 3324 1938 3366 Mariam
1955 3323 2150 3378 Maiorem
2178 3324 2245 3366 sub
2271 3322 2437 3365 Annulo

1430 3383 1641 3425 Piscatoris
1680 3383 1746 3426 die
1778 3384 1855 3426 ἃς.
1879 3383 1956 3423 &c.
2002 3381 2264 3424 Pontificatus
2300 3380 2434 3424 Nostri

1431 3444 1553 3484 Anno
1577 3444 1652 3484 &c.
1668 3470 1680 3483 .

1918 3501 1971 3541 D.
1987 3499 2110 3543 Card.
2126 3498 2348 3543 Paffioneus
2361 3527 2374 3539 .

1484 3621 1628 3662 Brevia
1638 3618 1821 3675 firmata
1845 3619 1887 3658 In
1904 3618 2082 3660 Archivis
2116 3617 2432 3665 Provinciarum‚

1535 3679 1576 3719 in
1599 3676 1736 3732 quibus
1761 3678 1908 3719 devotio
1932 3677 2211 3721 Communionis
2231 3676 2430 3732 generalis

1534 3739 1639 3790 viget
1651 3765 1664 3778 .

2268 3794 2381 3835 EPI-
