2638 4204
950 185 1485 275 Palania.

200 319 322 361 terius
334 316 531 359 diexxrv.
549 319 786 361 Decembris
800 330 1043 361 mnczxxxvr
1059 331 1093 358 ι.
1117 315 1189 357 de-

196 375 315 433 super
333 376 375 416 in
391 373 500 417 fimili
525 375 657 420 forma
675 378 807 419 Brevis
834 375 1035 428 expeditis
1050 401 1063 423 ,
1094 386 1191 427 qua-

197 447 285 477 rum
300 439 464 475 tenores
490 435 737 490 presentibus
759 447 831 490 pro
857 430 976 485 plene
992 460 1010 480 ,
1038 431 1076 470 &
1091 427 1191 472 suffi-

193 494 351 557 cienter
381 492 567 547 expressis
595 494 731 536 haberi
766 491 950 533 volumus
972 513 991 536 ‚x
1030 487 1189 529 uberius

192 557 458 593 continetur.
1018 569 1020 571 ·

248 607 467 652 Noviffim'e
483 611 583 653 vero
607 622 684 665 pro
698 615 811 664 parte
830 603 976 649 Dileffl
990 601 1079 644 Filii
1104 613 1186 641 mo-

187 664 303 709 derni
327 667 494 710 Ministri
519 666 728 709 Generalis
756 665 850 706 dieti
877 662 1040 706 Ordinis
1058 658 1185 701 Nobis

188 723 395 780 expolito,
423 725 530 782 quod
551 723 634 779 ipse
657 721 960 775 eodemJoanne
982 720 1098 770 Rege
1123 716 1181 755 in·

187 783 314 825 stante
328 812 343 835 ,
372 797 417 826 ac
439 783 596 826 Dilecto
610 779 714 824 Filio
735 779 870 820 nostro
886 772 1187 824 Nicolao,dieta=

188 843 341 884 SJK-E.
360 843 606 896 Presbytero
618 835 835 880 Cardinale
848 833 1059 879 Acciaiolo
1082 842 1182 871 nun-

185 910 366 955 cupato,
391 894 774 950 ommis-supradicti
790 893 896 948 apud
908 895 995 935 Nos
1011 917 1024 939 ,
1053 889 1091 930 &
1120 887 1181 926 se·

184 957 278 1000 dem
294 956 516 1011 praedictam
529 954 766 999 Protectore
784 950 979 1006 jubente,
1011 942 1179 988 nonnul-

182 1015 246 1057 los
273 1014 436 1071 quidem
458 1012 632 1069 probatae
657 1006 815 1050 virtutis
828 1003 1053 1061 Religiosos
1080 1000 1176 1042 dieti

181 1073 346 1115 Ordinis
373 1073 415 1112 in
441 1072 630 1124 Regnum
659 1064 886 1121 praedistum
911 1063 1072 1103 mittere
1101 1059 1176 1101 sta-

181 1140 340 1179 tuerat,
369 1136 412 1170 ut
426 1128 495 1182 pio
519 1121 923 1178 eorumdemJoannis
943 1118 1067 1174 Regis
1082 1144 1097 1168 ,
1128 1130 1174 1158 ac

179 1186 343 1231 Nicolai
357 1184 586 1228 Cardinalis
605 1180 845 1226 protectoris
873 1179 1074 1236 proposito
1089 1175 1175 1242 ‚¹¹3⁶

178 1247 219 1288 in
246 1257 294 1286 re
311 1242 457 1285 melius
477 1239 793 1292 obsecundaret,
825 1241 864 1281 δι
889 1233 1171 1281 suiordimsm

179 1304 327 1346 eodem
348 1303 496 1356 Regno
523 1298 854 1355 propagationem
881 1309 953 1351 per
979 1295 1173 1337 bonorum

178 1373 351 1417 operum
381 1357 564 1412 exempla
590 1356 741 1400 facilius
775 1362 1034 1411 promoveret
1059 1378 1074 1401 ‚
1103 1365 1174 1405 op-

175 1428 395 1475 portunum
409 1416 612 1472 judicabat
631 1444 646 1467 ,
673 1424 718 1457 ut
732 1414 878 1457 ibidem
892 1409 1088 1466 regularis
1102 1408 1172 1454 Di·

176 1475 347 1530 scipl-inae
360 1473 610 1517 observantia
625 1474 946 1517 introduceretur
960 1482 974 1521 ς
992 1468 1172 1521 Ideoque

174 1547 251 1590 pro
273 1542 382 1587 parte
407 1530 503 1573 dieti
531 1531 701 1575 Ministri
719 1529 928 1575 Generalis
941 1527 1067 1571 Nobis
1090 1526 1174 1579 sup-

176 1591 357 1647 plicato,
389 1599 436 1633 ut
462 1590 606 1632 eadem
634 1591 715 1634 duo
739 1588 920 1644 Hospitia
942 1595 1173 1640 opportuno

174 1661 358 1704 tempore
373 1677 387 1698 ‚
404 1648 598 1691 videlicet
611 1662 700 1690 cum
715 1649 762 1691 ad
781 1646 1007 1689 idoneam&
1019 1655 1173 1686 conve-

174 1708 354 1749 nientem
371 1707 536 1748 formam
551 1706 704 1750 redacta
721 1705 873 1747 fuissent
887 1732 901 1754 ,
930 1704 969 1742 in
981 1706 1170 1748 Conven-

174 1777 240 1807 tus
256 1765 356 1819 erigi
377 1762 480 1819 poffe
491 1764 800 1805 concederemus
816 1790 829 1813 ‚
860 1760 962 1803 adeo
974 1769 1016 1801 ut
1038 1759 1075 1800 in
1097 1771 1170 1799 eo.-

173 1837 264 1864 rum
290 1823 473 1877 quolibet
501 1820 639 1864 saltem
657 1819 868 1863 duodecim
893 1819 985 1860 dieti
1001 1815 1169 1859 Ordinis

169 1883 351 1932 Fratres,
365 1879 700 1935 quemadmodum
714 1894 784 1935 per
795 1877 1001 1935 quamdam
1019 1890 1074 1918 re.
1093 1888 1167 1918 me.

169 1939 326 1982 Urbani
366 1940 486 1980 VIII.
532 1938 820 1993 praedecelsoris
866 1936 1012 1992 pariter
1048 1933 1166 1975 nostri

170 1995 510 2038 Constitutionem
523 1996 786 2050 praescribitur
799 2025 815 2046 ,
845 2006 1077 2051 permanere
1090 2020 1104 2043 ,
1121 2005 1166 2033 ac

168 2052 239 2095 sub
264 2055 438 2107 regulari
461 2053 714 2096 observantia
740 2055 847 2107 iuxta
871 2051 1099 2108 Regulam,
1129 2051 1168 2092 &

169 2111 492 2155 Constitutiones
515 2111 608 2154 dieti
622 2113 784 2154 Ordinis
800 2113 934 2154 vivere
955 2110 1167 2158 deberent,

167 2184 330 2212 necnon
368 2170 551 2212 omnibus
593 2172 632 2212 &
659 2170 819 2225 singulis
848 2168 1095 2225 privilegi-is,
1127 2167 1166 2207 &

166 2227 334 2270 indultis
348 2257 362 2279 ‚
392 2228 536 2283 quibus
554 2231 787 2271 Conventus
809 2223 985 2283 ejusdem
998 2225 1163 2268 Ordinis

164 2287 369 2328 &Fratres
384 2287 422 2328 in
438 2288 493 2328 eis
506 2296 798 2329 commorantes
813 2286 1053 2335 fruuntur,&
1069 2296 1163 2338 gau-

166 2344 263 2387 dent
280 2372 294 2394 ,
326 2342 599 2399 parisormiter
626 2342 734 2396 frui,
765 2346 805 2386 &
828 2345 1005 2400 gaudere
1018 2343 1159 2400 juxta.»

164 2402 438 2458 praediflarurn
456 2403 678 2444 Innocentii
693 2400 989 2460 praedecessoris
1004 2402 1159 2443 littera-

166 2474 252 2502 rum
270 2471 451 2501 tenorem
473 2459 652 2502 valerent
668 2489 682 2511 ‚
718 2462 903 2516 atqueita
930 2461 966 2514 in
979 2459 1157 2502 eisdem-s

164 2516 316 2560 duobus
334 2516 614 2559 Conventibus
629 2519 817 2573 regularis
831 2517 1079 2561 observantia
1093 2516 1163 2558 sta·

163 2576 389 2627 biliretur3
420 2577 659 2633 Qinimmo
688 2604 702 2627 ,
731 2579 834 2618 &in
859 2590 1001 2619 eorum
1033 2576 1163 2618 altero

163 2635 283 2676 etiam
299 2634 532 2677 Novitiatus
548 2661 561 2681 ‚
592 2636 632 2675 in
660 2648 743 2690 quo
764 2635 977 2678 duodecim
1006 2632 1161 2677 Novitii

160 2691 208 2734 ad
227 2691 420 2733 Habitum
446 2706 514 2746 per
536 2695 694 2734 Fratres
718 2692 811 2734 duni
834 2692 997 2735 Ordinis
1023 2691 1162 2747 gestari

160 2747 323 2791 solitum
351 2750 476 2803 recipi
503 2775 517 2797 ‚
546 2752 584 2791 δι
613 2749 778 2792 subinde
801 2754 869 2794 suo
898 2761 1084 2806 tempore
1111 2748 1161 2805 ad

165 2805 452 2850 Profeffionem
482 2808 708 2862 regularem
744 2822 815 2863 per
840 2809 1000 2850 eosdem
1027 2806 1162 2849 emit-ti

164 2867 420 2915 consueram,
452 2865 609 2906 admitti
640 2865 787 2920 possent
816 2894 830 2916 ‚
858 2866 1160 2908 institueretur.

164 2924 377 2977 Postquam
407 2923 504 2966 vero
518 2923 657 2965 eadem
683 2925 765 2965 duo
780 2920 960 2976 Hospitia
984 2924 1023 2964 in
1045 2925 1161 2966 Con·-

162 2991 334 3029 ventus,
361 2991 404 3022 ut
435 2980 672 3036 praefertur,
703 2986 830 3024 erecta
858 2979 1039 3031 fuissent,
1070 2982 1161 3022 Fra-

160 3049 243 3081 tres
271 3039 311 3080 in
338 3040 450 3080 dietis
481 3041 632 3082 duobus
650 3040 936 3083 conventibus
961 3053 1034 3093 pro
1057 3048 1162 3080 tem-

159 3110 259 3153 pore
274 3109 568 3139 commorantes
583 3126 597 3149 ,
627 3099 716 3141 &in
734 3096 839 3141 sacro
854 3093 1161 3152 Presby-teratfis

158 3154 301 3196 ordine
326 3155 528 3197 constituti
557 3156 880 3200 sacramentales
904 3153 1159 3198 Christifide-

157 3213 256 3255 lium
279 3211 554 3256 Confeffiones
578 3214 628 3255 ad
660 3228 728 3255 eos
759 3215 1048 3256 recurrentium
1063 3241 1084 3267 2
1106 3213 1162 3258 de,

161 3270 421 3324 Superiorum
450 3271 610 3314 suorum
646 3271 806 3314 licentia
829 3302 843 3322 ,
873 3274 908 3313 δι
941 3270 1160 3313 dummodo

159 3333 268 3383 prius
282 3330 331 3372 ad
346 3329 385 3371 id
403 3330 427 3374 a
441 3329 855 3374 locorumOrdinariis
868 3329 1081 3384 respective
1096 3342 1161 3384 ap-

159 3387 313 3440 probati
347 3385 530 3440 fuissent,
562 3389 968 3443 exciperevalerent,
999 3387 1158 3438 donec,

157 3445 195 3484 &
209 3446 412 3501 quousque
445 3447 482 3488 in
498 3449 691 3503 Capitulo
707 3447 900 3490 Generali
927 3447 1020 3489 dieti
1037 3446 1155 3488 Ordi—

159 3503 229 3567 nis.
249 3502 298 3544 ad
325 3505 592 3560 praescriptum
618 3506 818 3559 cuiusdam
846 3505 1157 3548 Constitutionis

159 3571 228 3612 piae
243 3573 360 3602 mem.
375 3564 598 3605 Clementis
619 3568 696 3607 PP.
716 3567 766 3606 V-
794 3565 917 3607 etiarn
943 3563 1158 3619 praedeces—

155 3617 259 3658 soris
282 3617 402 3660 nostri
430 3623 687 3677 opportune,
721 3625 793 3669 hac
816 3625 856 3665 in
887 3637 929 3664 re
949 3621 1153 3678 provisum

157 3672 286 3718 fuiffet
311 3703 326 3728 2
356 3690 401 3723 ἃς
427 3680 536 3725 salva
556 3693 787 3726 memoratae
813 3679 1175 3737 Congregationis

156 3733 462 3840 Venessbililubn
488 3740 668 3784 Fratrum
685 3740 924 3786 Nostrorum
950 3741 1066 3797 ipsius
1081 3741 1154 3784 Sa·

302 3807 372 3838 om.
435 3823 448 3836 .

2035 211 2189 299 335

1251 327 1308 354 cr.
1326 314 1443 354 Rom.
1461 302 1573 346 ficet.
1588 300 1862 344 cardinalium
1879 305 2052 358 negotiis
2065 332 2079 350 .,
2094 311 2131 349 &
2143 315 2253 356 con,-

1250 365 1525 412 sultationibus
1549 358 1863 414 Episcoporum,
1893 363 1932 402 &
1960 364 2250 416 Regularium..

1251 423 1463 482 praepofitae
1491 418 1712 466 facultate,
1744 419 2041 470 Novitiorum,
2075 434 2119 461 ac
2139 426 2251 465 Con-

1251 493 1441 527 ventuum
1459 487 1664 521 numerum
1680 477 1878 528 augendi,
1904 480 2113 534 postquam
2129 493 2253 534 expe-

1247 543 1393 584 rientia
1415 536 1578 578 felicem
1608 533 1784 587 priorum
1813 536 2074 579 Novitiorum
2102 535 2252 579 succes-

1247 600 1329 640 sum
1356 591 1655 639 demonstrasset
1682 616 1696 638 a
1739 603 1784 630 ac
1811 605 2001 635 numerus
2030 598 2252 637 Fratrum..

1243 669 1317 711 pro
1329 652 1605 698 Conventibus
1634 649 1710 703 jam
1726 651 1899 699 erectis,
1930 654 2023 693 &in
2050 655 2251 707 posterum

1243 711 1446 768 erigendis
1462 739 1475 760 ‚
1505 707 1700 750 sufficiens
1718 717 1899 759 repertus
1917 707 2046 752 fuisset
2066 740 2076 750 .

1302 775 1387 812 Nos
1400 766 1615 821 supplicem
1631 764 1813 806 libellum
1828 769 1942 819 super
1953 769 2145 821 praemiffis
2163 771 2248 811 No-

1243 828 1300 870 bis
1314 827 1539 882 porreElum
1569 823 1616 866 ad
1639 824 1823 864 eamdem
1839 827 2247 881 Congregationem.)

1241 883 1518 928 Cardinalium
1545 880 1767 922 remisimus
1781 909 1793 920 .
1828 884 1958 923 Porro
1975 886 2078 926 dista
2093 884 2244 926 Cardi-

1240 943 1387 985 nalium
1428 938 1709 995 Congregatio
1739 951 1812 993 per
1847 940 1961 981 suum
1987 944 2267 986 Decretum.

1237 1002 1303 1044 die
1319 1017 1356 1044 v.
1372 1000 1558 1042 Octobris
1575 997 1748 1051 proximi
1774 1000 1968 1049 praeteriti
1984 1014 2209 1051 emanatum
2225 1028 2241 1051 ‚

1235 1059 1451 1116 suppl-icem
1473 1056 1656 1099 libellum
1676 1054 1928 1111 hujusmodi,
1960 1057 2028 1097 fibi
2044 1060 2064 1097 a
2091 1059 2242 1107 Nobis,

1234 1128 1282 1161 ut*
1295 1116 1501 1173 praefertur
1518 1144 1531 1165 ,
1562 1112 1759 1156 remissum
1774 1143 1790 1164 ,
1822 1125 2049 1157 memorato
2068 1116 2242 1156 Nicolao

1234 1176 1440 1220 Cardinali
1467 1176 1505 1216 &
1522 1173 1756 1217 Proteo-ori:
1778 1171 1959 1216 {imiliter
1986 1172 2135 1215 remifir
2151 1200 2166 1222 ‚
2198 1181 2243 1212 ut

1237 1236 1340 1278 veris
1355 1233 1614 1276 existentibus
1629 1232 1798 1275 narra-tis
1827 1233 1932 1274 circa
1951 1232 2102 1286 praefati
2120 1231 2241 1273 Mini-

1235 1295 1297 1335 stri
1313 1292 1522 1336 Generalis
1539 1305 1708 1344 preceS‚
1739 1290 1779 1333 id
1796 1289 2016 1338 statueret,
2046 1288 2149 1344 quod
2165 1303 2239 1343 pro

1233 1351 1301 1393 suo
1316 1351 1484 1393 arbitrio
1499 1378 1513 1399 ,
1544 1351 1583 1393 δι
1597 1349 1814 1407 prudentia
1840 1350 1878 1391 in
1897 1350 2074 1390 Domino
2086 1362 2241 1402 oppor-

1224 1420 1373 1452 tunum
1389 1406 1592 1465 judicasset
1608 1441 1619 1452 .
1655 1408 1742 1464 lpse
1759 1408 1863 1451 vero
1878 1407 2073 1451 Nicolaus
2089 1407 2239 1448 Cardi-

1233 1469 1333 1511 nalis
1354 1470 1394 1510 &
1421 1470 1663 1518 protector,
1693 1468 1932 1509 aneton-itate
1958 1466 2027 1506 fibi
2050 1467 2073 1508 a
2099 1463 2237 1507 dista..-

1233 1526 1513 1571 Cardinalium
1540 1528 1867 1582 Congregatione
1895 1523 2121 1574 attributa,
2155 1525 2238 1565 De—

1233 1595 1390 1628 cretum
1415 1584 1547 1627 edidit
1577 1587 1772 1634 tenoris,
1803 1586 1870 1635 qui
1901 1582 2078 1636 sequitur
2102 1610 2113 1621 .
2151 1584 2237 1622 Nos

1233 1644 1424 1687 Nicolaus
1452 1642 1710 1685 miseratione
1740 1643 1884 1683 Divina
1910 1644 2060 1683 Tuas.
2079 1639 2239 1681 Callisti

1230 1706 1270 1745 S.
1285 1703 1338 1744 R.
1359 1703 1403 1742 E·
1420 1703 1640 1756 Presbyter
1657 1700 1886 1744 Cardinalis
1902 1698 2236 1754 Acciajo·lus,Or-

1229 1761 1333 1802 dinis
1364 1761 1548 1802 Fratrum
1577 1760 1781 1802 Minorum
1806 1760 2110 1814 Gapucinorum
2128 1756 2233 1811 apud

1230 1821 1412 1861 Sanc'tam
1428 1819 1575 1861 §edem
1603 1822 1633 1860 A
1643 1817 1872 1872 postolicam
1898 1820 2131 1865 Protector,
2163 1829 2233 1857 au-

1227 1879 1414 1919 &oritate
1443 1879 1480 1919 in
1501 1874 1766 1932 retroscripto
1783 1878 2105 1919 DecretoSacrae
2118 1877 2233 1915 Con·

1226 1936 1469 1991 gregationis
1491 1935 1894 1979 Eminentiflimorum
1909 1937 1948 1976 &
1967 1931 2234 1976 Rev-erendis-

1227 1997 1408 2037 fimorum
1437 1998 1476 2038 S.
1510 1997 1560 2036 R.
1585 1997 1635 2037 Ε.
1657 1994 1937 2036 (Γειτάπηαίῐωη
1962 1991 2160 2048 negotii-s,
2192 1992 2232 2031 &

1226 2051 1585 2096 consultationibus
1619 2053 1901 2107 Epvscoporurn
1930 2080 1942 2102 ,
1982 2054 2021 2092 δι
2052 2047 2231 2102 Regula-

1226 2113 1329 2153 rium
1347 2113 1555 2165 praepositae
1569 2111 1684 2153 nobis
1700 2111 1871 2161 tradita,
1894 2110 2075 2152 Ministro
2092 2111 2230 2149 Gene-

1227 2170 1298 2213 rali
1311 2167 1474 2211 Ordinis
1491 2173 1677 2213 Fratrum
1696 2171 1902 2214 Minorum
1916 2167 2229 2222 Capucinorum

1228 2228 1485 2270 concedimus
1518 2226 1794 2282 facultatem,
1826 2238 1873 2271 ut·
1899 2226 1983 2269 duo
2008 2223 2229 2279 Hospita,

1223 2285 1490 2329 Varsaviense
1525 2286 1692 2330 scilicet·
1715 2315 1738 2338 s·
1773 2289 1820 2330 &-
1847 2283 2120 2328 Cracoviense
2160 2280 2229 2322 suo

1216 2346 1382 2399 praesato
1395 2345 1539 2387 Ordini
1552 2347 1599 2388 ab
1618 2347 1853 2388 Innocentio
1878 2343 1943 2386 fel·
1959 2356 2041 2386 rec.
2058 2345 2133 2384 P-P.
2151 2342 2224 2382 XI.

1219 2402 1411 2455 concessa,
1433 2405 1639 2458 erigant-ur
1658 2405 1698 2446 in
1712 2407 1979 2448 Conventus.
2013 2399 2228 2455 Postquam

1222 2471 1354 2506 autem
1370 2464 1501 2504 ereata
1521 2457 1671 2504 suerint
1690 2463 1727 2504 in
1743 2466 1978 2505 Conventus
1996 2487 2009 2509 a
2028 2461 2065 2502 in
2084 2470 2228 2501 eorum

1221 2522 1404 2576 quolibet
1420 2520 1636 2563 duodecim
1654 2520 1792 2562 saltem
1813 2525 1972 2563 Fratres
1984 2519 2094 2574 juxta
2111 2521 2226 2559 Con-

1223 2579 1448 2622 stitutiones
1465 2580 1616 2622 Urbani
1634 2581 1753 2622 vm.
1781 2575 1849 2621 fes.
1866 2577 2025 2620 record.
2050 2588 2229 2618 commo·

1221 2639 1299 2679 rari
1321 2638 1496 2680 debeant
1525 2664 1540 2686 a
1569 2637 1636 2692 qui
1663 2636 1830 2679 sublatis
1858 2635 2227 2678 Constitutionibus

1224 2696 1416 2748 praedietis
1435 2694 1627 2748 Hospitiis
1644 2693 1756 2734 saetis
1771 2719 1785 2740 ‚
1815 2693 1926 2745 juxta
1954 2691 2134 2745 regulam
2150 2718 2163 2740 ,
2188 2692 2228 2730 &

1221 2753 1526 2798 constitutiones
1552 2750 1716 2791 Ordinis
1747 2751 1914 2799 vivant,
1945 2750 2229 2802 &gubernem-⁴

1221 2822 1311 2853 tur.
1343 2812 1426 2868 Qui
1447 2813 1715 2856 Conventus,
1747 2810 1786 2850 δι
1814 2811 1975 2849 Fratres
2001 2807 2038 2848 in
2066 2806 2121 2848 eis
2149 2802 2229 2847 res-

1219 2869 1376 2925 pective
1403 2882 1476 2922 pro
1490 2878 1677 2921 tempore
1706 2868 1899 2922 degentes
1925 2866 1974 2908 ab
1992 2864 2225 2907 omnimoda

1221 2926 1530 2970 ordinariorum
1555 2925 1769 2981 respestive
1796 2924 2068 2981 jurisdictione
2091 2951 2105 2974 ‚
2135 2936 2225 2964 cor·

1222 2986 1399 3026 restione
1427 3011 1441 3034 ‚
1470 2997 1564 3031 cura
1595 3012 1610 3036 ,
1640 2985 1679 3025 ἃ.
1710 2985 1908 3040 gubernio
1933 2982 2114 3038 exempti
2145 2981 2224 3023 exi-

1222 3041 1356 3092 stant,
1386 3043 1423 3083 δι
1451 3041 1600 3085 S0Sedi
1620 3042 1855 3097 apostolica:
1885 3041 2116 3083 immediate
2132 3039 2223 3081 sub-

1222 3099 1410 3154 jaceam,
1440 3114 1512 3142 nec
1538 3115 1613 3146 non
1628 3101 1840 3150 omnihus,
1871 3102 1906 3142 δι
1927 3099 2085 3154 lingulis
2101 3098 2222 3153 privi-

1221 3157 1336 3213 legiis
1351 3186 1367 3207 ,
1392 3159 1660 3214 praerogativis
1672 3188 1684 3210 ‚
1716 3159 2020 3214 praeeminentiis
2035 3188 2049 3209 ‚
2066 3155 2219 3211 gratiis,

1222 3218 1266 3261 84
1284 3215 1475 3269 indultis,
1506 3217 1649 3270 quibus
1676 3219 1743 3259 alii
1773 3221 2012 3260 Conventus
2039 3213 2220 3270 ejusdem

1220 3274 1441 3325 Ordini52&
1460 3277 1622 3318 Fratres
1650 3276 1687 3317 in
1703 3277 1760 3318 eis
1783 3285 2079 3317 commorantes
2095 3303 2108 3323 ,
2140 3283 2219 3313 tam

1219 3331 1374 3387 dejure
1391 3360 1405 3383 ‚
1436 3336 1554 3388 quam
1575 3334 1627 3376 de
1642 3333 1958 3385 consuetudine,
1987 3336 2109 3388 quam.
2122 3329 2219 3371 alias

1219 3391 1528 3447 quomodolibet
1559 3403 1727 3435 utuntur
1753 3422 1767 3443 ‚
1801 3390 1990 3434 fruuntur
2016 3421 2030 3441 ‚
2060 3393 2099 3434 &
2122 3402 2220 3447 gau-.-

1217 3451 1343 3499 dent,
1373 3463 1418 3492 ac
1443 3450 1530 3501 uti,
1565 3449 1641 3494 frui
1654 3478 1675 3500 „
1699 3447 2107 3505 &gauderepoffunt
2125 3475 2138 3496 ,
2170 3460 2216 3488 ac

1217 3517 1412 3562 poterunt·
1435 3508 1474 3550 in
1490 3506 1666 3552 futurum
1683 3538 1698 3558 ,
1729 3509 1813 3563 pari
1839 3507 1990 3558 modo,
2019 3504 2217 3560 &absque

1215 3566 1296 3608 ull'a
1310 3565 1538 3609 differentia
1562 3569 1645 3619 uti,
1675 3566 1780 3618 frui,
1810 3565 2041 3621 &gaudere
2056 3565 2213 3612 libere,

1213 3624 1375 3666 &licite
1391 3624 1534 3680 poffint
1550 3651 1564 3675 ,
1586 3629 1625 3667 &
1645 3624 1805 3667 valeant
1821 3654 1831 3665 .
1866 3626 1917 3667 Et
1932 3624 1998 3679 qui
2013 3623 2212 3667 mitorum

1214 3685 1402 3726 fratrum·
1425 3683 1645 3727 alocorum
1660 3683 1881 3726 ordinariis
1896 3681 2121 3738 respective·
2143 3694 2211 3733 ap·

1210 3741 1398 3797 probati,
1429 3743 1497 3785 &a
1520 3739 1593 3784 suis
1606 3740 1917 3798 Superioribus„
1943 3740 2109 3838 ad-qutgs
2125 3737 2212 3790 spe-

1474 3801 1550 3852 Yy
1583 3814 1604 3841 2
2011 3802 2069 3838 Cla
2100 3796 2144 3840 it,
