2638 4204
477 172 655 259 344

413 287 565 332 tonitas
591 296 642 326 ex
664 280 769 331 nna,
798 282 836 321 δι
859 278 1074 335 syndicum
1101 276 1410 332 Apostolicum

411 348 599 390 Fratrum
618 339 919 394 Capucinorum
953 335 1176 391 hujusmodi
1210 349 1257 378 ex
1285 336 1411 378 altera

413 402 597 461 partibus
620 399 659 440 in
674 399 816 452 puncto
843 392 1408 450 adimplementi'contracffis,

412 459 577 518 ejusque
611 455 888 498 conditionum
914 481 928 503 ,
958 455 997 494 &
1030 451 1296 495 clausularum
1317 480 1331 503 ,
1363 466 1409 494 ac

411 514 795 562 circumstantiarum
809 540 823 563 ‚
852 509 1113 552 diverfiffimae
1126 511 1410 552 contentiones

411 587 562 622 exortae
575 569 730 615 fuissent
748 599 763 620 ‚
797 569 848 611 ad
864 582 930 610 eas
947 568 1103 623 penitus
1129 567 1353 610 abolendas
1367 569 1409 611 in

411 633 617 687 utriusque
646 629 768 684 partis
807 627 1002 683 litigantis
1027 625 1410 671 nianifestiffimum...

411 689 671 737 commodum
688 715 703 738 ,
731 688 772 728 &
797 685 1018 728 utilitatem
1040 711 1055 734 ,
1088 686 1182 728 Deo
1212 684 1415 740 opitulan-

411 763 481 799 te,
513 763 558 791 ac
584 745 788 789 mediante
816 741 1145 798 interpositione,
1175 745 1214 785 &
1239 743 1414 786 auftori-

411 819 497 853 tate
523 804 830 849 Venerabilium
846 804 1058 850 Fratrum,
1085 801 1413 845 modernorum„

411 866 702 923 Episcoporum
729 862 1080 917 suffraganeorum
1104 860 1156 902 ad
1183 859 1412 904 exercenda

407 921 721 973 pontificaliain
739 920 948 967 Civitate,
978 921 1015 961 &
1034 918 1207 962 Dioeccsi
1237 923 1408 974 Mogun·

406 986 485 1029 tin·
516 980 754 1024 auctoritate
768 977 998 1033 Apostolica
1012 976 1299 1032 deputatorum
1313 1006 1329 1028 ,
1345 990 1411 1019 re-

410 1044 698 1099 liquorumque
729 1036 1318 1092 affistentiuniCompositorum
1345 1049 1411 1077 re-

411 1097 508 1146 nea
535 1095 744 1153 vifijuris,
775 1096 977 1137 reservato
1005 1104 1138 1137 tamen
1153 1093 1322 1151 desuper
1338 1107 1413 1136 no·

411 1161 495 1203 stro
509 1184 526 1207 ,
557 1153 782 1210 &ejusdem
796 1152 909 1196 Sedis
934 1152 1413 1209 beneplacito,amicabi-

409 1220 461 1262 lis
475 1213 682 1256 transactio
698 1214 809 1269 super
823 1210 1017 1269 praemiffis
1038 1211 1194 1268 quaefita
1211 1238 1226 1261 ,
1256 1214 1295 1255 δι
1310 1225 1411 1254 con·

410 1272 519 1319 clusa
545 1269 648 1323 fuit,
680 1273 742 1314 seu
767 1272 897 1327 potius
918 1270 1098 1317 denovo
1123 1268 1411 1326 reassumptus,

410 1348 460 1377 nc
480 1331 693 1373 roboratus
709 1331 858 1386 primus
874 1331 942 1371 sub
958 1329 1102 1372 eodem
1120 1331 1289 1373 Urbano
1308 1332 1412 1372 Prae-

411 1387 614 1434 decessore
627 1390 748 1431 initus
771 1388 1191 1443 contractus,demptis
1206 1387 1412 1431 demendis

411 1452 452 1494 δε
478 1447 663 1503 appositis
678 1446 924 1504 apponendis
939 1476 954 1499 ,
984 1448 1171 1498 tenoris,
1195 1447 1261 1502 qui
1282 1445 1403 1501 sequi-

408 1519 506 1556 tur,
522 1506 711 1549 videlicet
729 1536 739 1547 .
776 1508 829 1549 Et
858 1507 988 1562 primo
1016 1505 1231 1562 plurimum
1251 1507 1353 1547 Rev.
1374 1504 1412 1547 &

407 1565 580 1610 eximius
599 1568 649 1607 D.
675 1564 984 1620 christophorus
1013 1566 1243 1613 Humbert,
1272 1560 1411 1618 praefa-

408 1627 442 1668 ti
483 1622 735 1679 antiquissimi
771 1623 934 1665 Ordinis
969 1624 1098 1667 Sandti
1128 1622 1295 1664 Antonii
1327 1621 1411 1663 Ab·

407 1684 541 1730 batis,
559 1685 785 1737 Praeceptor
818 1682 857 1723 in
886 1682 1040 1724 Hsschst
1064 1710 1078 1733 ,
1111 1682 1166 1722 R.
1186 1683 1235 1721 D.
1262 1679 1414 1721 Muller

407 1742 580 1789 Senior,
611 1755 656 1782 ac
683 1749 791 1783 totus
806 1743 1046 1782 Conventus
1075 1740 1142 1781 sub
1162 1737 1384 1780 Affistentia
1400 1763 1415 1786 ,

407 1814 453 1842 ac
478 1797 667 1840 consensu
699 1796 1035 1839 Reverendisiimi
1065 1797 1195 1851 D·J0·
1214 1796 1415 1850 joachimi

405 1855 597 1912 Episcopi
628 1854 965 1909 Metellopolitani
984 1883 998 1906 ,
1025 1857 1060 1896 1.
1077 1857 1127 1895 V.
1145 1857 1193 1894 D.
1219 1852 1416 1895 Ecclesia-

405 1928 500 1959 rum
514 1912 838 1968 Collegiatarum
864 1916 905 1956 S.
924 1914 1065 1963 Petri,
1097 1926 1143 1954 ac
1167 1913 1218 1952 D.
1237 1911 1412 1966 Virginis

406 1973 549 2018 Mariae
577 1972 626 2013 ad
665 1971 823 2015 Gradus
851 1972 1069 2026 Moguntiae
1103 1970 1299 2013 Canonici
1326 1999 1341 2020 ,
1373 1971 1412 2010 δι

405 2029 628 2086 respeffive
670 2029 903 2072 Scholastici
930 2058 944 2080 ,
988 2027 1291 2071 Eminentiffimi
1330 2031 1409 2071 Ar·

407 2086 652 2142 chiepiscopi
668 2088 897 2142 Moguntini
918 2087 957 2128 in
972 2087 1241 2142 spiritualibus
1257 2085 1407 2127 Suffra-

404 2146 524 2202 ganei
542 2144 783 2186 Erfortenfis
803 2172 818 2196 ,
848 2159 892 2188 ac
914 2146 1112 2188 difitorum
1139 2145 1405 2187 Dominorum

409 2203 701 2249 Antonitarum
727 2202 994 2246 Commiffarii
1021 2205 1072 2250 ab
1088 2203 1405 2247 Eminentiffimo

409 2260 629 2307 Ordinatio
641 2260 870 2317 specialiter
885 2261 1099 2318 deputati,
1129 2261 1290 2307 nomine
1320 2260 1404 2313 sui,

407 2317 687 2366 Succefforum
712 2349 726 2371 ,
769 2334 815 2364 ac
841 2319 1076 2364 Conventus
1115 2320 1165 2364 ad
1205 2319 1414 2364 ratifican-

409 2380 536 2430 dum,
565 2380 605 2420 &
631 2379 791 2434 penitus
825 2379 1098 2427 roborandum
1123 2382 1408 2425 contrastum...

408 2437 654 2493 emptionis,
685 2439 725 2480 &
750 2437 995 2483 venditionis
1020 2453 1124 2482 anno
1148 2452 1408 2482 Mocxxvii.

407 2497 557 2539 initum
583 2523 598 2545 ,
638 2505 770 2538 ratum
790 2525 803 2546 ,
833 2498 873 2537 &
903 2497 1187 2541 confirmatum
1211 2526 1226 2549 ,
1259 2512 1309 2540 ex
1332 2499 1408 2538 hoc

406 2554 452 2598 in
485 2560 750 2608 perpetuum,
767 2553 876 2592 Ri'i'io
893 2579 906 2602 ,
937 2567 981 2595 ac
995 2554 1119 2595 Illr‘i’io
1135 2558 1185 2594 D.
1211 2551 1411 2607 Episcopo

406 2611 596 2655 Mallensi
639 2608 942 2652 Eminentissinii
981 2608 1287 2666 Archiepiscopi
1318 2614 1406 2652 Mo·

407 2670 557 2725 guntiae
573 2666 1038 2719 Suffraganeo‚Ecc1efiae
1054 2669 1298 2723 Collegiatae
1312 2671 1407 2711 Bea-

406 2738 459 2770 tae
477 2724 653 2779 Virginis
681 2724 818 2766 Mariae
844 2723 893 2766 ad
912 2726 1074 2769 Gradus
1101 2728 1311 2769 Canonico
1327 2754 1341 2777 ,
1370 2728 1411 2768 &

406 2788 604 2832 Decano,
635 2782 684 2826 ad
710 2786 749 2827 S·
780 2785 958 2825 Crucem
987 2793 1100 2826 extra
1128 2786 1283 2827 Moenia
1304 2787 1409 2827 Prae-

407 2843 564 2900 posito,
594 2842 636 2882 &
657 2854 730 2897 pro
752 2842 825 2884 hac
839 2841 952 2884 causa
976 2844 999 2887 a
1028 2846 1065 2885 S.
1082 2843 1192 2886 Sede
1207 2841 1409 2900 Apostoli·

407 2917 454 2945 ca
486 2899 711 2957 specialiter
726 2898 924 2955 deputato
939 2901 1120 2959 Syndico
1137 2904 1302 2945 Pati-um
1328 2904 1412 2944 Ca·

406 2964 644 3017 pucinorum
663 2957 884 3001 Provinciae
908 2961 1110 3002 Rhenanae
1126 2990 1135 2997 -
1169 2961 1208 3003 in
1222 2958 1407 3016 ampliffi-

405 3032 502 3068 ma,
532 3031 608 3073 qua
637 3015 723 3058 fieri
745 3017 903 3071 potest,
927 3019 1036 3073 Juris
1061 3017 1191 3062 forma
1209 3048 1222 3072 ,
1252 3033 1408 3061 memo-

404 3087 536 3121 ratam
567 3073 823 3127 Ecclefiamv,
853 3089 898 3118 ac
937 3080 1195 3133 Conventum
1236 3081 1407 3132 Franco.

408 3134 628 3178 furtensem
644 3162 661 3183 ,
694 3133 897 3178 mediante
919 3137 1194 3180 ‘transactione
1220 3136 1406 3193 praedic'ta

405 3192 618 3237 restituere
642 3191 852 3246 promifit,
884 3207 977 3236 cum
995 3196 1187 3244 -omnibus
1223 3196 1407 3252 apperti-

403 3251 621 3301 nentibus,
650 3249 837 3306 adjuncto
855 3252 1023 3308 spatio,
1053 3268 1147 3297 area
1175 3253 1406 3312 ,·Juribus4,

403 3310 601 3353 Dominio
629 3337 643 3360 ,
674 3309 927 3364 immunitate
955 3314 1219 3369 „privilegiis
1246 3342 1260 3365 ,
1290 3327 1405 3363 curn,⁴

403 3383 486 3425 que
501 3367 610 3411 omni
627 3366 996 3421 Iuriumexercitio
1010 3398 1024 3421 ,
1055 3375 1167 3424 astu,
1193 3374 1233 3414 δι
1247 3371 1402 3423 habitu,

404 3429 506 3480 usu,
539 3425 733 3471 facultate
755 3427 1008 3486 utendieseo
1023 3431 1177 3479 modo,
1206 3428 1401 3485 deforma,

403 3487 544 3540 quibus
566 3485 855 3542 antiquissimus
876 3487 992 3539 Ordo
1016 3493 1057 3532 S.
1073 3491 1242 3539 Antonii
1269 3490 1402 3534 Abba·

403 3544 455 3586 tis
482 3546 519 3587 in
550 3555 767 3588 memorata
801 3546 983 3588 Ecclesia
1005 3575 1019 3598 ,
1054 3561 1099 3589 ac
1134 3551 1352 3603 Conventu
1371 3544 1402 3602 ’ἰ

404 3604 576 3645 Summis
603 3603 866 3647 Pontificibus
880 3633 895 3656 ,
927 3607 1122 3649 Romanis
1135 3607 1402 3663 Imperatori-

405 3661 509 3712 bus,
544 3662 722 3717 Regibus
748 3665 825 3705 διε.
852 3663 1049 3714 dotatus,
1081 3665 1300 3720 fundatus,
1331 3678 1400 3711 aut

402 3718 549 3774 quovis
572 3719 652 3764 alio
669 3723 792 3767 modo
813 3723 1092 3781 privilegiatus
1118 3725 1252 3784 extitit
1277 3726 1398 3786 usque

1168 143 1734 229 Provincia

1474 277 1621 327 niodo,
1654 277 1805 321 nullam
1822 276 1985 321 omnino
1999 293 2108 332 rem,
2141 295 2376 339 quocunque
2400 284 2462 326 in,-

1470 338 1668 391 digitetur
1692 338 1877 388 nomine,
1910 338 2031 379 titulo
2047 367 2060 387 ,
2092 353 2136 380 ac
2158 341 2244 394 jure
2258 345 2465 395 excipien-

1469 396 1524 437 do
1553 397 1729 451 (praeter
1754 395 1944 451 quosdam
1971 410 2123 439 annuos
2139 401 2273 441 census
2289 428 2303 451 ,
2335 401 2464 444 fundo

1469 464 1586 497 extra
1626 454 1845 497 districtum
1885 467 2116 498 memoratae
2161 458 2335 499 Ecclesia
2364 487 2377 509 ‚
2422 472 2466 499 ac

1468 512 1715 558 Conventus
1748 514 1959 570 annexos)
1989 515 2136 570 absque
2168 514 2248 556 ulla
2274 515 2469 558 ulteriore

1468 570 1771 621 reservatione,
1800 570 2035 614 conditione
2053 600 2067 623 ,
2098 581 2165 614 aut
2181 571 2384 624 clausula,
2412 575 2469 616 ita

1474 640 1520 673 ut
1552 644 1601 672 ex
1624 631 1702 671 hoc
1730 629 1914 671 Patribus
1943 630 2163 685 Capucinis
2188 630 2335 685 absque
2357 631 2470 675 ulla„

1475 687 1813 731 Reverendorum
1853 688 2020 730 Pati-um
2061 689 2349 730 Antonitarum
2383 704 2473 731 con-

1475 747 1715 790 tradictione
1742 773 1756 797 ,
1789 747 1930 801 praevia
1971 745 2172 789 solutione
2201 747 2324 801 pretii
2350 747 2473 801 stipu-

1475 805 1547 848 lati
1576 805 1712 861 quanti
1738 833 1754 854 ,
1786 803 1937 847 dietum
1964 809 2222 848 Conventum
2253 805 2332 862 jam
2373 806 2472 846 olim

1472 871 1699 907 memorato
1722 862 1847 905 modo
1871 863 1939 905 sibi
1960 865 2165 908 venditum
2190 877 2437 919 reoccupare
2452 892 2467 914 ,

1473 925 1512 965 &
1525 922 1574 966 ad
1591 920 1962 977 supremiNumitiis
1976 922 2145 976 gloriam
2161 952 2175 975 ,
2207 921 2369 978 ejusque
2383 922 2472 968 cul-

1471 992 1557 1024 tum
1579 989 1844 1036 perpetuum,
1875 978 2143 1036 poffeffionem
2171 996 2262 1024 cum
2285 982 2392 1022 omni
2409 979 2475 1038 ju-

1471 1055 1516 1084 re
1551 1037 1787 1081 reassumere
1813 1038 1936 1081 liceat
1966 1067 1981 1090 ,
2023 1040 2217 1097 versaque
2254 1041 2341 1082 vice
2378 1040 2475 1081 RR.

1472 1101 1614 1141 Patres
1640 1097 1841 1140 Antonitae
1874 1097 2013 1150 eoipso
2041 1101 2150 1142 omni
2180 1099 2269 1154 jure
2298 1098 2365 1140 suo
2408 1112 2475 1140 ce·

1474 1157 1618 1199 dentes
1632 1164 1764 1197 totum
1780 1155 1882 1199 illud
1897 1155 1935 1196 in
1953 1158 2090 1198 Patres
2105 1158 2334 1212 Capucinos
2350 1155 2476 1199 trans-

1474 1214 1582 1258 ferre
1598 1223 1815 1257 teneantur
1833 1242 1847 1264 ‚
1879 1223 2002 1269 prout
2033 1214 2190 1270 insuper
2217 1216 2362 1256 iterato
2387 1228 2476 1256 om-

1475 1274 1592 1318 nibus
1608 1301 1622 1323 ,
1652 1274 1692 1314 &
1719 1271 1877 1327 singulis
1894 1271 2055 1314 Iuribus
2070 1301 2086 1323 ,
2118 1273 2443 1328 praeteiifionibus
2458 1299 2475 1323 ,

1476 1330 1719 1389 processibus
1746 1359 1762 1381 ,
1801 1330 2138 1387 qualitercunque
2173 1332 2252 1373 sive
2288 1330 2472 1385 scriptis,

1474 1395 1552 1434 sive
1568 1390 1647 1434 alio
1670 1388 1988 1446 quovisfmodo,
2019 1388 2180 1432 nomine
2195 1416 2208 1439 ,
2240 1399 2308 1432 aut
2329 1390 2474 1431 termi-

1475 1465 1527 1492 no
1543 1459 1689 1499 extra,
1723 1446 1788 1489 vel
1817 1447 1854 1490 in
1877 1446 1964 1503 jure
1986 1448 2247 1503 excogitabili
2264 1447 2404 1504 gestis,
2434 1448 2476 1489 δι

1474 1509 1567 1551 actis
1593 1536 1607 1558 ‚
1639 1505 1887 1563 pieniffime,
1918 1520 1963 1548 ac
1991 1506 2264 1550 solemnissime
2294 1507 2474 1556 cedere,

1471 1569 1510 1610 &
1538 1566 1771 1608 renunciare
1801 1567 2046 1621 promittunt
2073 1595 2088 1616 ,
2121 1566 2290 1622 ideoque
2316 1563 2468 1607 transa-

1471 1626 1645 1667 ctionem
1686 1638 1778 1666 cum
1806 1627 1973 1668 Patrum
1998 1626 2301 1679 Capucinorum
2329 1622 2475 1679 syndi-

1472 1698 1522 1726 co
1563 1695 1814 1725 wiocxcvii.
1862 1683 2002 1724 initam
2050 1685 2207 1737 penitus
2253 1683 2471 1731 abdicant,

1474 1756 1642 1797 eamque
1673 1740 1832 1796 penitus
1865 1751 2095 1784 enervatam
2124 1770 2139 1792 ,
2180 1739 2319 1784 cassam
2345 1768 2360 1790 ,
2403 1753 2475 1781 an-

1476 1799 1751 1854 nullatamque
1772 1799 1913 1840 volunt
1928 1828 1943 1850 ,
1973 1801 2013 1839 &
2035 1799 2250 1854 agnoscunt
2267 1828 2282 1850 ,
2313 1801 2352 1841 &
2373 1812 2474 1840 con-

1476 1858 1676 1909 sentiunt,
1711 1857 2124 1912 pollicentesinsuper
2149 1872 2407 1913 quaecumque
2422 1854 2471 1898 ad

1474 1916 1697 1972 praedi-stam
1726 1915 1972 1964 Ecclesiam,
1999 1918 2316 1974 &Conveniam
2345 1915 2472 1971 perti·

1471 1975 1605 2018 nentia
1630 1974 1900 2027 documenta,
1929 1975 2094 2025 literas,
2125 1975 2379 2029 Originalia‚
2410 1974 2475 2014 in-

1469 2034 1772 2085 strumentaque
1798 2031 1978 2075 fideliter
2001 2035 2213 2075 extradere
2230 2062 2243 2082 ,
2275 2035 2315 2074 &
2331 2035 2474 2083 imma·

1468 2105 1591 2133 nuare
1606 2091 1791 2133 Patribus
1810 2092 2052 2145 Capucinis.
2070 2093 2112 2133 P.
2127 2104 2268 2133 aeterea
2283 2093 2319 2131 &
2334 2089 2473 2131 secun-

1466 2149 1521 2193 do
1547 2150 1769 2193 Plurimum
1800 2151 1850 2191 R„
1871 2151 1920 2190 D.
1938 2151 2166 2203 Praeceptor
2181 2179 2197 2200 ,
2220 2150 2259 2190 δι
2274 2150 2474 2191 Conven-

1465 2218 1530 2251 tus
1546 2210 1641 2258 suo,
1678 2206 1917 2264 suorumque
1944 2207 2222 2252 successorum
2249 2207 2468 2250 nomine-.-

1467 2266 1712 2310 venditionis
1739 2267 1961 2309 contraeui
1989 2280 2189 2310 mocxxvi
2207 2282 2237 2307 i.
2260 2264 2361 2307 inito
2385 2293 2400 2316 ,
2434 2264 2473 2304 δε

1468 2324 1674 2370 ratificatae
1711 2338 1873 2367 annexae
1900 2322 2077 2365 onerosae
2107 2323 2364 2373 conditioni,
2381 2323 2471 2364 λιι-ι

1470 2387 1618 2442 puncto
1641 2382 1708 2424 sibi
1725 2381 1922 2425 reservati
1955 2381 2097 2437 spatii,
2127 2382 2192 2425 seu
2209 2379 2328 2432 sitfis,
2365 2380 2466 2423 acin

1471 2444 1617 2487 eodem
1638 2455 1709 2495 per
1737 2443 1812 2483 ΡΡ.
1829 2442 2132 2495 Capucinorum
2161 2441 2381 2496 syndicum
2396 2439 2477 2479 eri-

1471 2500 1610 2557 gendae
1629 2502 1783 2543 Domus
1797 2530 1810 2552 ,
1843 2498 2035 2541 Granarii
2050 2527 2063 2550 ,
2078 2499 2207 2542 Ccllae
2226 2500 2382 2540 vinariae
2395 2498 2475 2538 &c-

1471 2561 1524 2600 ob
1554 2557 1770 2600 Ecclesiam
1788 2587 1802 2609 ,
1835 2572 1882 2601 ac
1899 2561 2162 2600 Conventum
2191 2559 2345 2599 interea
2372 2555 2474 2597 inci-

1472 2627 1656 2660 neratum
1681 2646 1696 2667 ‚
1740 2616 1959 2672 majoribus
1995 2617 2130 2660 denuo
2157 2616 2375 2668 sumptibus
2408 2627 2473 2655 re·

1472 2672 1724 2719 staurandum
1751 2674 2000 2731 pleniffime,
2025 2689 2070 2717 ac
2097 2672 2377 2717 solemniffime
2405 2686 2473 2715 re.-

1468 2737 1688 2785 nunciant,
1720 2734 1774 2775 ita
1803 2734 2053 2789 quidem,ut
2069 2735 2160 2776 RR.
2184 2737 2275 2776 DD.
2293 2730 2473 2773 Antoni-

1472 2802 1520 2849 tae
1539 2801 1798 2836 memoratam
1814 2791 2031 2835 Ecclesiam
2046 2822 2061 2843 ,
2087 2806 2131 2834 ae
2148 2794 2351 2848 integrum
2361 2793 2474 2835 Con*

1473 2861 1638 2895 ventum
1663 2849 1808 2907 absque
1831 2851 1949 2893 ullius
1965 2849 2056 2892 fltfis
2072 2879 2085 2902 ,
2112 2852 2250 2906 spatii,
2278 2849 2347 2890 seu
2369 2847 2471 2903 juri's

1471 2907 1743 2966 cujuscunque
1767 2908 2058 2959 reservatione,
2084 2910 2267 2952 Patribus
2293 2907 2473 2963 Capuci-

1471 2970 1528 3012 nis
1545 2968 1703 3025 penitus
1722 2968 1959 3018 restituant,
1989 2968 2062 3020 ita,
2075 2978 2118 3012 ut
2134 2967 2248 3011 nulla
2275 2965 2468 3019 deinceps

1469 3028 1509 3070 in
1545 3038 1786 3083 perpetuum
1812 3028 1871 3069 eis
1900 3036 2108 3070 remaneat
2135 3026 2370 3082 praetensio,
2399 3031 2477 3071 aut¹

1468 3087 1530 3145 jus
1547 3085 1698 3148 aliquid
1726 3085 2001 3141 praetendendi
2016 3115 2029 3137 ,
2056 3094 2201 3141 praeter
2215 3084 2388 3141 pretium
2410 3082 2474 3126 sti,

1467 3140 1722 3203 pu'latum,de
1737 3159 1819 3201 quo
1836 3147 1976 3188 Patres
1990 3143 2059 3200 ipsi
2078 3145 2284 3188 Antonitae
2297 3150 2475 3196 conten-⁴

1465 3215 1528 3248 tos
1554 3202 1593 3246 se
1609 3214 1754 3259 vocant
1774 3230 1788 3250 ,
1814 3203 1852 3245 in
1878 3202 2245 3259 compensationem
2269 3204 2466 3252 omnimo*

1465 3263 1560 3306 dam
1577 3292 1591 3314 ,
1619 3257 1998 3306 ac'satisfatstionem
2025 3277 2186 3305 omnem
2212 3255 2463 3324 juriumgiss&

1465 3321 1791 3378 praetenfionum.
1823 3323 2003 3364 Econtra
2032 3321 2231 3365 &Tertio
2258 3320 2371 3373 Alte,
2391 3324 2393 3327 ’
2417 3328 2462 3358 us

1465 3379 1839 3435 Reverendiffimus
1859 3408 1874 3431 ,
1904 3393 1950 3421 ac
1981 3379 2266 3423 illustrissimus
2295 3317 2459 3475 13.ξὲοξ

1461 3453 1536 3496 pus
1571 3439 1795 3491 Maiensis„
1821 3442 1986 3483 Patrum
2001 3439 2296 3495 Capucinorum
2347 3431 2462 3487 yndl·

1465 3512 1535 3541 cus
1549 3497 1803 3554 Apostolicus
1832 3497 1871 3539 in
1887 3497 2254 3552 compensationem
2285 3488 2461 3558 plenissi-

1462 3555 1764 3607 mae¹ceffionis,
1798 3554 2090 3609 restitutionis,
2121 3570 2165 3602 ae
2187 3559 2458 3594 renunciatio.

1461 3616 1523 3658 nis
1550 3619 1855 3671 praememorato
1893 3616 2073 3658 Domino
2099 3609 2341 3665 Praeceptori
2366 3635 2380 3656 s
2411 3621 2458 3650 ⁸⁶

1459 3674 1692 3717 Conventui
1706 3674 1744 3716 in
1759 3686 1862 3723 una,
1894 3688 1939 3716 ac
1962 3673 2101 3715 eadem
2131 3668 2338 3712 individua
2353 3665 2458 3708 suin-

1457 3745 1523 3780 ma
1537 3732 1693 3779 solvere
1705 3732 1911 3792 promittit
1925 3729 2202 3789 septendecim
2216 3726 2345 3771 millia
2361 3727 2453 3778 Pio<

2267 3798 2393 3830 teno-
