2638 4204
425 223 611 307 274

347 330 604 386 prehendere
619 328 659 368 &
679 322 965 381 apprehensam
991 316 1039 361 fic
1057 315 1264 363 retinere,
1289 316 1359 357 bo-

349 402 479 445 naque
493 391 531 429 ὅτ.
547 386 810 442 proprietates
827 411 840 433 ,
863 396 905 425 ac
923 380 1009 436 jura
1043 374 1266 430 hujusmodi
1293 374 1357 416 lo-

350 461 443 489 care
459 476 473 498 ,
500 447 724 492 dislocare,
742 442 957 483 arrendare
973 465 986 487 ,
1005 449 1048 477 ac
1068 433 1249 498 fructus,
1264 433 1354 475 red-

350 506 460 547 ditus
483 533 498 556 ,
532 513 749 558 proventus
773 528 785 550 ,
823 502 861 541 &
889 495 1189 542 emolumenta,
1219 491 1352 555 ιᾳάυ

350 563 641 619 provenientia,
655 561 786 602 eidem
806 555 1044 601 Monasterio
1056 566 1126 606 per
1141 554 1354 605 praelentes

351 622 544 678 erigendo
558 649 582 669 ,a
603 617 790 673 illiusque
808 610 1036 660 Abbatiisae,
1057 610 1122 652 seu
1142 608 1354 660 Priorissae,

351 683 391 722 δι
411 678 652 722 Monialibus
678 674 901 729 hujusmodi
930 684 1004 727 pro
1030 681 1215 724 tempore
1241 669 1351 709 elar-

354 742 463 793 gita,
498 738 736 791 percipere,
764 735 929 781 levare,
957 731 1272 782 &recuperare‚
1301 740 1349 791 ac

350 799 389 838 in
405 796 496 837 dieti
516 795 740 837 Monasterii
762 795 800 834 &
817 791 921 832 illius
938 785 1144 829 Abbatiisae
1160 785 1225 827 seu
1244 789 1354 828 Prio-

351 854 469 903 rissae,
496 854 534 894 δι
557 852 788 895 Monialium
817 845 1169 903 hujusmodiusus,
1197 844 1353 887 utilita-

350 916 490 963 tem,&
506 910 750 954 neceffitates
765 918 1024 956 convertere,
1041 902 1212 960 cujusvis
1231 904 1353 944 licen·

358 973 415 1015 tia
434 971 599 1025 desuper
629 969 788 1011 minime
817 965 1030 1021 requisita,
1056 963 1237 1005 fimiiiter
1260 973 1351 1016 per·

352 1035 475 1087 petuo
489 1029 687 1071 concedas
704 1030 744 1069 &
758 1025 919 1082 assignes
933 1054 945 1063 .
971 1027 1054 1066 Nos
1071 1023 1175 1065 enim
1192 1049 1204 1071 ,
1220 1019 1242 1061 fi
1259 1033 1350 1062 ere·

355 1093 527 1132 &ionem
557 1114 569 1136 ‚
592 1090 628 1128 &
658 1087 945 1129 institutionem
973 1081 1229 1138 hujusmodi,
1256 1078 1354 1142 alia·-

355 1163 434 1204 que
463 1145 643 1202 praemiffa
672 1161 741 1200 per
762 1148 819 1186 Te
837 1144 972 1199 vigore
999 1139 1246 1197 praesentium
1268 1135 1355 1178 fieri

355 1206 572 1260 contigerit
596 1234 609 1254 ,
645 1215 685 1244 ut
720 1202 928 1259 praefertur
952 1227 967 1249 ,
1005 1197 1247 1243 Monasterio
1281 1207 1355 1252 per

353 1266 560 1321 praesentes
585 1263 780 1316 erigendo
804 1291 818 1312 ,
851 1258 1031 1315 illiusque
1060 1258 1276 1305 Ecclefiae,
1304 1267 1351 1295 ac

352 1320 587 1372 Abbatiisae,
618 1321 679 1363 seu
707 1317 919 1370 Prioriffae,
944 1320 984 1359 &
1001 1315 1273 1365 monialibus,
1304 1323 1350 1356 ut

353 1382 533 1423 omnibus
555 1383 594 1422 δι
621 1380 780 1435 singulis
796 1378 1045 1434 privilegiis,
1080 1374 1353 1423 facultatibus,

355 1439 609 1482 libertatibus
626 1469 638 1489 ,
659 1437 976 1480 immunitatibus
991 1465 1005 1486 ,
1023 1433 1355 1482 concessionibus,

356 1497 710 1552 exemptionibus,
742 1495 1050 1553 praerogativis,
1084 1492 1352 1542 indultis,in-

355 1556 579 1611 dulgentiis
595 1584 607 1606 ,
642 1557 763 1597 etiam
789 1554 976 1609 plenariis
991 1582 1005 1604 ,
1031 1555 1071 1595 &
1090 1560 1356 1607 peccatorum

354 1614 645 1657 remifflonibus
661 1642 674 1663 ,
700 1611 929 1667 caeterisque
953 1612 1088 1665 gratiis
1128 1608 1315 1651 universis
1340 1635 1355 1658 ,

358 1684 440 1714 tam
455 1671 718 1728 spiritualibus
736 1697 749 1718 ,
777 1672 893 1726 quam
922 1668 1242 1723 temporalibus,
1268 1668 1357 1722 qui-

354 1729 486 1773 busvis
505 1730 750 1773 Monasteriis
776 1730 868 1771 dicti
890 1729 1080 1777 Ordinis,
1115 1727 1355 1780 illorumque

357 1788 570 1841 Abbatifsis
599 1816 612 1838 ,
643 1788 706 1828 seu
737 1785 930 1828 Prioriffis
961 1785 1185 1841 hujusmodi
1221 1786 1259 1826 in
1286 1798 1356 1839 ge-

350 1861 478 1897 nere,
513 1846 575 1887 vel
605 1846 642 1886 in
660 1845 786 1899 specie
809 1845 1116 1899 quomodolibet
1141 1857 1242 1887 nunc
1257 1856 1355 1885 con-

353 1905 490 1954 ceffis,
521 1905 557 1945 &
575 1917 647 1956 pro
663 1914 848 1957 tempore
866 1902 1133 1946 concedendis
1148 1932 1162 1953 ,
1194 1910 1240 1943 a'c
1268 1901 1357 1956 qui-

352 1966 424 2006 bus
440 1963 508 2004 illa
524 1961 586 2004 vel
606 1962 681 2003 illae
695 1963 770 2012 ,de
785 1960 870 2015 jure
883 1990 897 2013 ,
929 1960 1022 2012 usu,
1037 1960 1357 2011 consuetudine,

350 2021 598 2077 privilegio,
622 2030 690 2062 aut
714 2020 809 2061 alias
834 2020 1140 2075 quomodolibet
1166 2031 1351 2069 utuntur,

351 2079 572 2129 fruuntur,
609 2080 823 2132 potiuntur
843 2106 856 2127 ,
887 2078 926 2119 δε
955 2078 1236 2132 gaudent,ac
1263 2079 1349 2127 uti,

350 2138 458 2188 frui,
482 2136 631 2193 potiri,
660 2138 700 2178 δι
721 2135 898 2190 gaudere
915 2135 1068 2191 possunt
1089 2138 1126 2179 &
1143 2146 1349 2192 poterunt,

350 2195 664 2252 quomodolibet
682 2195 719 2237 in
736 2193 912 2236 futurum
927 2221 942 2243 ,
971 2196 1191 2237 dummodo
1214 2206 1347 2237 tamen

351 2257 428 2297 fint
450 2257 489 2297 in
506 2256 572 2297 usu
589 2282 602 2304 ,
636 2267 708 2295 nec
724 2264 914 2295 revocata
931 2282 946 2304 ,
974 2267 1019 2294 ac
1037 2253 1102 2295 sub
1128 2255 1257 2309 aliqua
1280 2268 1350 2309 ge-

350 2315 478 2355 nerali
507 2313 763 2355 revocatione
786 2310 1073 2367 comprehensa
1099 2337 1131 2362 ,-
1148 2327 1191 2353 ac
1222 2314 1352 2355 sacro·-

351 2386 442 2414 rum
462 2374 736 2420 Canonuni‚ac
756 2370 975 2425 praesertim
991 2371 1165 2412 Concilii
1185 2372 1333 2413 Triden

351 2431 427 2472 tini
459 2429 673 2476 Decretis,
706 2427 1022 2484 Apostolicisque
1053 2429 1351 2471 constitutioni-

352 2490 426 2531 bus
453 2501 531 2528 non
547 2485 840 2532 adversentur,
873 2490 913 2528 δι
940 2488 1084 2529 nemini
1108 2486 1351 2542 praejudicia—

351 2546 403 2589 lia
422 2573 436 2596 ,
468 2544 647 2586 fim=1iter
671 2545 711 2585 &
726 2543 996 2599 parisormiter
1010 2572 1024 2596 ,
1054 2559 1098 2585 ac
1117 2547 1224 2600 aeque
1246 2546 1353 2601 prin-

351 2597 641 2659 cipaliternti,
669 2601 774 2652 frui,
805 2603 844 2642 &
873 2604 1023 2658 potiri,
1054 2604 1093 2645 &
1117 2603 1293 2657 gaudere
1312 2604 1354 2646 li-

350 2663 449 2704 bere
477 2661 642 2702 &licite
663 2661 823 2702 valeant
851 2661 887 2701 in
904 2661 1090 2703 omnibus
1118 2663 1241 2716 &per
1265 2676 1353 2703 om-

350 2721 412 2762 nia
437 2718 631 2773 perinde,
664 2731 710 2759 ac
736 2720 758 2759 si
790 2716 858 2759 illa
883 2719 1126 2761 Monasterio
1153 2720 1351 2776 erigendo

351 2775 608 2832 hujusmodi,
638 2775 824 2830 illiusque
841 2776 1022 2818 Ecclefiae
1040 2807 1054 2828 ‚
1068 2793 1112 2818 ac
1127 2778 1350 2830 Abbatiffae,

350 2836 414 2879 seu
435 2833 627 2876 Prioriisae
642 2864 656 2885 ,
683 2835 723 2876 &
740 2834 980 2876 Monialibus
1007 2833 1177 2890 praefatis
1190 2837 1347 2879 conces:

353 2899 390 2938 sa
415 2893 575 2936 fuissent
606 2913 621 2942 5
653 2893 756 2934 dieta
782 2893 1020 2935 auctoritate
1044 2923 1056 2945 ,
1086 2904 1226 2937 tenore
1254 2910 1331 2950 prae

349 2953 524 2996 sentium
557 2950 839 3005 indulgemus,
871 2964 915 2993 ac
943 2951 1234 3004 Univerfitati,
1264 2957 1350 2996 Ho-

352 3013 528 3053 minibus
547 3039 559 3059 ‚
590 3008 832 3056 Nobilibus,
864 3022 908 3050 ac
923 3011 1196 3053 habitantibus
1222 3013 1261 3053 δι
1288 3013 1349 3053 in—

353 3069 453 3112 colis
473 3067 719 3120 hujusmodi,
745 3067 811 3109 seu
835 3067 946 3122 ipsius
961 3070 1188 3112 Monasterii
1212 3069 1261 3113 fic
1275 3071 1355 3112 eri·

352 3129 476 3184 gendi
504 3123 711 3169 Abbatiisae
731 3153 743 3174 ,
772 3126 836 3168 seu
866 3127 1078 3176 Priorissae,
1109 3129 1350 3172 &Moniali·

349 3190 422 3231 bus
437 3214 451 3236 ,
487 3194 553 3227 aut
572 3184 620 3226 ab
633 3186 690 3226 eis
703 3183 941 3239 deputandis
963 3213 976 3237 ,
1000 3198 1043 3228 ut
1069 3187 1210 3230 statuta
1230 3189 1350 3229 &or-

349 3245 577 3288 dinationes
595 3270 608 3292 ,
634 3243 804 3295 capitula
818 3245 853 3284 &
869 3243 1055 3296 decreta,
1069 3247 1119 3288 ad
1133 3246 1348 3302 ejusdem-a

349 3302 586 3348 Monasterii
612 3300 662 3344 sic
696 3301 908 3356 erigendi,
939 3302 1120 3360 illiusque
1157 3305 1345 3360 persona-

347 3377 435 3406 rum
458 3391 472 3412 ,
510 3374 642 3403 rerum
672 3361 708 3401 δι
734 3360 932 3402 bonorum
969 3364 1278 3419 temporalium,
1307 3366 1348 3406 &

1142 188 1684 276 Provincia

1417 317 1516 359 alias
1534 317 1648 358 utilia
1664 344 1678 367 ,
1703 312 1937 370 necessaria,
1971 322 2199 372 opportuna
2214 347 2227 371 ,
2254 319 2351 363 alias
2363 329 2425 366 ta-

1416 390 1508 418 men
1525 390 1548 417 a
1563 375 1669 417 Sede
1692 375 1921 430 Apoitolica
1945 374 2168 429 specialiter
2184 383 2426 434 approbata,

1412 448 1457 476 ac
1488 435 1746 477 Monasteriis
1775 433 1953 489 ejusdem
1968 435 2161 486 Ordinis,
2191 450 2234 478 ac
2256 439 2428 482 instituti

1412 492 1614 541 concessa,
1643 507 1691 536 ac
1720 492 1835 534 sacris
1856 493 2123 542 canonibus,
2160 497 2425 556 Decretisque

1415 551 1592 594 Concilii
1610 551 1845 593 Tridentini
1871 553 1911 592 &
1935 553 2125 594 institutis
2156 554 2424 607 Regularibus

1417 609 1512 651 dieti
1527 610 1698 653 Ordinis
1720 611 1933 653 uniformia
1948 639 1962 662 ,
1992 611 2059 652 sub
2077 615 2203 665 poenis
2222 614 2258 653 in
2277 613 2425 658 eisdem

1416 668 1605 723 impositis
1630 671 1669 710 δι
1683 669 1935 711 comminatis
1952 695 1965 719 ,
1993 669 2284 713 inviolabiliter·
2299 700 2314 722 ,
2338 671 2427 718 dg,

1413 727 1724 783 participatione
1747 729 1783 769 Sc
1810 726 2000 770 consensu
2021 730 2096 771 Tui
2125 729 2351 783 publicari,
2376 733 2424 774 ab

1414 787 1604 827 omnibus
1632 789 1671 829 δε.
1691 786 1879 842 singulis,
1906 786 1954 828 ad
1975 801 2072 842 quos
2101 787 2323 842 spectabit,
2355 790 2427 832 ob·

1416 844 1565 888 servari
1584 843 1762 889 facienda
1787 845 2013 888 concedere
2029 874 2041 896 ,
2069 847 2109 887 &
2137 846 2262 890 edere
2278 875 2292 899 ‚
2319 849 2356 890 δι
2373 849 2432 891 in-

1417 906 1534 960 super
1550 904 1791 956 Abbatiffae,
1823 905 1887 946 seu
1915 905 2103 960 Priorisle
2132 905 2332 961 praefatis,
2366 906 2429 949 lo-

1382 981 1384 983 ·
1413 976 1506 1006 cum
1532 963 1569 1004 in
1588 961 1696 1004 dieto
1721 964 1962 1006 Monasterio
1986 966 2217 1020 erigendO,
2247 966 2298 1007 ab
2317 964 2429 1008 habi-

1413 1024 1572 1064 tatione
1588 1031 1722 1064 tamen
1742 1022 1977 1065 Monialium
1999 1023 2222 1079 separatum
2240 1053 2254 1076 ,
2291 1025 2330 1066 in
2349 1037 2430 1079 quo

1414 1081 1552 1135 aliquae
1577 1081 1718 1135 puellae
1734 1081 1989 1123 educationis
2017 1081 2132 1125 causa
2157 1097 2248 1125 cum
2265 1083 2431 1125 licentia

1413 1140 1524 1182 distae
1542 1139 1880 1194 Congregationis
1895 1140 2173 1183 Cardinalium
2197 1169 2210 1192 ,
2242 1141 2421 1183 &solitis

1415 1199 1611 1254 requisitis
1637 1198 1881 1251 recipiendae
1904 1202 2143 1241 commorari
2177 1201 2318 1254 poffint
2343 1229 2357 1251 ,
2387 1202 2428 1242 δι

1413 1257 1617 1307 debeant,
1643 1256 1870 1312 designari,
1903 1270 1947 1299 ac
1977 1259 2067 1300 Tibi
2094 1271 2170 1312 pro
2186 1259 2427 1301 Monialium

1414 1317 1451 1358 in
1470 1315 1577 1357 disto
1595 1317 1839 1358 Monasterio
1865 1316 2134 1371 ficerigendo
2162 1316 2427 1359 introducen-

1415 1375 1555 1416 darum
1572 1370 1680 1415 felici
1696 1374 1920 1416 directione
1939 1377 1972 1416 Sc
1992 1376 2029 1416 in
2048 1376 2167 1417 rebus
2180 1404 2195 1427 ,
2222 1375 2426 1429 moribus,

1414 1434 1454 1473 &
1481 1433 1669 1476 institutis
1692 1434 1961 1489 Regularibus
1986 1434 2080 1476 dieti
2098 1434 2260 1479 Ordinis
2284 1433 2429 1476 instrue·

1415 1493 1546 1534 stione
1560 1521 1575 1543 ,
1601 1491 1697 1535 duas
1713 1492 1828 1546 ipiius
1843 1492 2007 1534 Ordinis
2022 1492 2220 1537 Moniales
2238 1491 2428 1547 express&

1417 1549 1674 1606 professas2ad
1699 1551 1738 1592 id
1757 1550 2030 1601 voluntarias,
2062 1565 2110 1594 ex
2134 1552 2219 1594 aliis
2245 1550 2425 1606 ejusdem

1415 1610 1585 1652 instituti
1615 1609 1852 1652 Monialium
1877 1610 2127 1653 Monasteriis
2146 1637 2160 1661 ‚
2194 1620 2309 1653 aetate
2333 1624 2428 1667 gra-

1418 1683 1486 1711 ves
1504 1697 1515 1719 ,
1542 1671 1578 1711 &
1601 1668 1695 1710 zelo
1725 1667 1961 1723 conspicuas
1984 1699 2000 1722 ,
2042 1668 2256 1724 munusque
2288 1671 2424 1712 Abba-

1416 1726 1532 1778 tiffae,
1567 1725 1630 1768 vel
1648 1726 1780 1769 saltem
1800 1726 1998 1776 Vicariae‚
2035 1727 2096 1770 seu
2117 1728 2316 1782 Magistra
2342 1731 2425 1770 Νο-

1417 1786 1601 1838 vitiarum
1617 1785 1714 1827 alias
1733 1784 1987 1828 laudabiliter
2002 1795 2198 1840 expertas
2217 1815 2230 1836 ,
2260 1787 2311 1830 de
2329 1799 2427 1828 con-

1419 1842 1524 1887 sensu
1551 1854 1682 1886 tamen
1712 1845 1971 1900 Superiorum
1988 1872 2002 1895 ,
2028 1847 2068 1887 δι
2093 1843 2272 1893 expressa
2302 1846 2425 1888 licen-

1417 1903 1470 1944 tia
1501 1901 1615 1945 dietae
1648 1902 1986 1958 congregationis
2012 1904 2293 1947 Cardinalium
2318 1932 2333 1955 ,
2371 1913 2418 1946 ac

1418 1961 1574 2004 servata
1602 1959 1728 2004 forma
1749 1966 2014 2005 Decretorurn
2031 1962 2294 2006 Generalium
2316 1960 2420 2018 ejus-

1416 2021 1509 2063 dem
1536 2022 1878 2076 Congregarionis
1907 2021 2213 2071 Cardinaliurn,
2243 2036 2317 2063 nec
2339 2034 2420 2062 non

1415 2078 1867 2122 Constitutionumditsti
1884 2079 2051 2119 Ordinis
2080 2080 2128 2120 ad
2154 2077 2416 2120 sexennium„

1408 2137 1637 2188 educendi,
1661 2137 1716 2179 ita
1733 2166 1746 2189 ,
1772 2148 1832 2189 ut,
1850 2136 1874 2178 fi
1895 2137 2134 2192 petierint&
2149 2137 2281 2178 eidem
2296 2138 2416 2178 Con-

1408 2196 1633 2252 gregationi
1649 2196 1928 2240 Cardinalium
1943 2194 2164 2250 expediens
2180 2194 2304 2237 visum
2328 2191 2416 2237 fue.

1410 2256 1493 2306 rit,
1528 2255 1567 2297 in
1598 2255 1840 2297 Monasterio
1865 2269 1933 2309 per
1956 2252 2166 2310 praesentes
2193 2252 2420 2309 erigendo,

1411 2314 1542 2370 quoad
1569 2313 1768 2364 vixerint,
1809 2313 1872 2355 vel
1887 2312 1935 2354 ad
1953 2323 2112 2367 tempus
2131 2340 2146 2362 ,
2173 2325 2417 2367 permanere

1412 2371 1551 2429 poffint
1565 2399 1579 2421 ,
1606 2370 1812 2414 licentiam
1828 2373 1867 2413 &
1884 2370 2125 2413 facultatem
2145 2399 2158 2421 ,
2172 2370 2416 2414 earumdem

1411 2442 1555 2474 tenore
1583 2429 1829 2483 praesentium
1856 2430 2119 2473 concedimus
2151 2431 2187 2470 δι
2222 2428 2416 2484 imperti-

1412 2504 1529 2540 mur,
1561 2491 1837 2533 Decernentes
1862 2488 2069 2544 praesentes
2094 2489 2250 2531 litteras
2268 2501 2420 2544 perpe·

1413 2550 1486 2591 tuo
1503 2547 1677 2599 validas,
1701 2548 1936 2591 &efficaces
1951 2545 2026 2590 effe
2053 2550 2093 2590 δι
2109 2546 2196 2589 sore
2211 2575 2224 2597 ,
2250 2546 2418 2603 suosque

1413 2607 1613 2663 plenarios
1638 2609 1677 2648 &
1707 2609 1883 2662 integros
1907 2604 2064 2650 effeetus
2091 2605 2245 2656 sortiri,
2279 2607 2317 2647 8r
2345 2605 2419 2646 ob-

1413 2667 1544 2708 tinere
1573 2692 1586 2714 ,
1627 2665 1756 2721 ficque
1790 2681 1861 2721 per
1888 2666 2146 2721 quoscunque
2171 2663 2322 2716 judices
2346 2677 2417 2705 or-

1410 2725 1589 2766 dinarios
1623 2724 1686 2766 vel
1713 2725 1925 2780 delegatos
1946 2753 1961 2774 ,
2003 2725 2126 2766 etiam
2163 2721 2411 2766 causarum-n

1410 2783 1551 2825 Palatii
1580 2783 1800 2838 Apostolici
1836 2782 2062 2829 Auditores
2089 2808 2104 2829 a
2143 2796 2189 2823 ac
2231 2779 2417 2836 ejusdem

1406 2845 1553 2885 Sant‘tae
1582 2844 1770 2883 Romanae
1790 2838 1971 2883 Ec'clefiae
1989 2839 2229 2884 Cardinales
2245 2869 2259 2891 ,
2289 2841 2413 2883 etiam

1413 2903 1588 2955 Legatos
1602 2929 1615 2951 ,
1641 2902 1681 2941 &
1697 2901 1815 2941 Vice-
1827 2903 1996 2955 Legatos
2013 2927 2026 2949 ,
2042 2914 2087 2941 ac
2106 2900 2219 2942 Sedis
2237 2899 2413 2955 Aposto-

1412 2958 1497 3000 licae
1516 2959 1688 3000 Nuntios
1715 2959 1886 3016 judicari
1912 2960 1952 3000 &
1972 2957 2129 3001 definiri
2151 2957 2335 3008 debere,
2365 2968 2413 2999 ae

1416 3018 1573 3060 irritum
1598 3018 1638 3058 δι
1664 3018 1809 3068 inane,
1832 3017 1855 3060 fi
1878 3017 1990 3061 secus
2006 3016 2121 3072 super
2150 3017 2239 3068 his,
2267 3018 2414 3072 aquo-

1414 3090 1533 3133 quam
1549 3107 1564 3128 ‚
1584 3075 1731 3131 ,quivis
1747 3078 1987 3121 auctoritate
2013 3074 2184 3118 scienter
2214 3074 2279 3117 vel
2298 3078 2413 3130 igno-

1411 3146 1548 3178 ranter
1561 3137 1782 3189 contigerit
1806 3135 2025 3185 attentari,
2053 3149 2130 3176 non
2157 3134 2410 3176 obstantibus

1408 3194 1759 3238 constitutionibus
1773 3197 1812 3238 δι
1826 3194 2148 3238 ordinationibus
2166 3190 2405 3249 Apostolicis

1409 3254 1636 3308 caeterisque
1651 3255 1864 3298 contrariis
1885 3252 2184 3309 quibuscunque
2198 3281 2211 3293 .

1465 3315 1615 3355 Datum
1640 3315 1778 3356 Romae
1799 3314 1901 3367 apud
1930 3313 2111 3356 SanEtam
2139 3310 2303 3354 Mariam
2319 3308 2408 3349 Ma-

1405 3367 1531 3424 iorem
1551 3371 1619 3413 sub
1637 3373 1800 3415 Annulo
1818 3370 2028 3417 Piscator-is
2042 3401 2057 3421 ,
2087 3373 2202 3413 Anno
2221 3371 2406 3409 lucarna-

349 3420 613 3477 spiritualium
639 3432 808 3470 curani,
836 3420 1044 3475 regimen,
1075 3423 1345 3476 guberuium,
1403 3429 1528 3471 tionis
1583 3432 1802 3473 Dominicae
1854 3429 2070 3474 Milleflmo
2116 3424 2400 3469 sexcentesimo

348 3481 398 3525 ad
406 3478 746 3527 ministrationem,
759 3487 933 3530 aetatem,
947 3479 1175 3535 qualitates,
1192 3483 1356 3533 victum,

348 3540 560 3589 amictum,
602 3535 895 3580 instructionem
919 3566 934 3588 ,
971 3538 1232 3583 directionem
1264 3543 1355 3583 Mo·

348 3597 514 3642 nialium
532 3625 546 3646 ,
570 3594 1127 3649 &personarumMonasterii
1158 3613 1229 3653 per
1251 3613 1349 3654 prae-
1383 3614 1386 3618 ·

346 3656 476 3701 sentes
486 3653 668 3707 erigendi
685 3683 698 3704 ‚
713 3654 964 3710 disciplinam
981 3684 995 3706 ,
1020 3657 1264 3714 modumque
1280 3686 1293 3710 ,
1309 3661 1350 3701 &

348 3715 520 3758 formam
540 3712 733 3755 recitandi
755 3715 900 3757 Divina
918 3714 1060 3758 Officia
1075 3745 1088 3767 ,
1117 3731 1255 3772 preces
1269 3746 1284 3769 ,
1312 3721 1349 3761 &

346 3774 423 3822 alia
438 3770 615 3829 suffragia
630 3797 644 3824 ,
672 3773 977 3826 quomodolibet
1004 3775 1246 3834 pertinentia
1263 3805 1277 3831 ,
1302 3792 1347 3822 ac

1415 3489 1738 3544 quinquagesimo
1759 3489 1901 3544 quinto
1916 3519 1930 3539 ,
1958 3488 2084 3531 idibus
2103 3483 2238 3543 junii,
2265 3482 2405 3528 Ponti·

1415 3546 1555 3591 ficatus
1575 3548 1711 3591 Nostri
1725 3551 1844 3591 Anno
1855 3547 1969 3591 sexto
1983 3575 1996 3588 .

1470 3666 1588 3738 Bulla
1596 3663 1794 3768 Iftrmata
1818 3668 1861 3710 in
1879 3663 2050 3708 Archtvo
2069 3660 2305 3719 Monasterii
2321 3661 2409 3706 Mo·

1523 3738 1596 3769 ma
1613 3738 1716 3771 mm,

2260 3837 2361 3882 No-
