2638 4204
432 291 590 371 272

372 399 601 468 Legatum
623 408 814 445 centurn
846 398 1097 448 Scutorum
1128 389 1154 438 ὲ
1186 390 1389 439 Novitio

442 467 707 520 Conventui
720 467 809 514 loci
824 463 1089 531 Mureponti
1099 459 1388 528 affignatum,

375 599 380 602 ¹
443 539 592 590 Fratri
606 542 698 600 ejus
716 539 953 587 Germano
967 530 1157 599 egestate
1177 529 1390 599 presso,in

443 608 737 659 sublevamen
753 607 946 674 relinqui
968 603 1190 653 ratihabet
1207 637 1220 651 .

432 737 864 794 URBANUS
918 734 1142 783 PAPA
1179 732 1333 782 VIII.

565 865 635 911 Ad
639 873 869 922 perpetuam
882 864 943 906 rei
957 862 1180 904 memoriam
1190 888 1202 900 .

488 983 624 1037 Xponi
641 982 770 1025 Nobis
788 995 914 1036 nuper
943 978 1044 1021 fecit
1059 976 1224 1019 dilectus
1243 973 1382 1024 Filius,

374 985 470 1097 E
504 1040 684 1083 Didacus
699 1068 712 1090 ,
730 1036 949 1082 ,Brixienfis
965 1066 978 1089 ,
1010 1035 1175 1078 Ordinis
1193 1037 1383 1076 Fratrum

374 1103 587 1143 Minorum
606 1099 737 1143 saneti
756 1096 952 1139 Francisci
967 1095 1267 1148 Capucinorum
1282 1105 1383 1133 nun-

377 1168 619 1212 cupatorum
634 1153 836 1200 Profeffor
854 1183 868 1206 ‚
898 1153 1006 1210 quod
1037 1151 1118 1206 ipse
1132 1152 1227 1195 alias
1243 1180 1257 1202 ,
1286 1151 1383 1191 dum

374 1215 624 1272 probationis
640 1228 785 1256 annum
802 1216 840 1256 in
853 1211 961 1254 dieto
976 1211 1133 1253 Ordine
1148 1219 1381 1265 perageret,

372 1276 481 1316 inter
500 1272 579 1315 alia
606 1283 703 1315 tunc
729 1287 803 1328 per
819 1284 910 1313 eum
941 1268 1159 1324 disposita,
1194 1263 1380 1308 summam

368 1344 538 1374 centum
570 1332 775 1373 scutorum
817 1338 987 1371 monetae
1026 1326 1146 1369 semel
1173 1327 1381 1368 dumtaxat

368 1390 682 1448 persolvendam
696 1416 710 1436 ,
741 1388 887 1430 Domui
905 1386 1097 1440 Regulari
1112 1385 1289 1438 eiusdem
1305 1387 1381 1425 Or-

367 1450 472 1492 dinis
490 1449 566 1490 loci
586 1451 714 1503 Prugg
738 1447 926 1502 reliquit,
964 1454 1082 1498 prout
1110 1446 1147 1485 in
1167 1444 1380 1485 testamen-

369 1519 416 1549 to
430 1537 443 1558 ,
475 1505 540 1548 seu
558 1506 644 1547 aliis
660 1506 865 1560 scripturis
879 1500 1051 1556 desuper
1078 1501 1273 1545 confectis
1293 1503 1381 1556 ple-

371 1567 459 1610 nius
487 1565 641 1607 dicitur
667 1563 900 1614 contineri.
933 1565 1042 1603 Cum
1075 1571 1209 1603 autem
1238 1590 1252 1611 ,
1284 1559 1383 1602 ficut

371 1624 513 1678 eadem
527 1621 721 1678 expositio
744 1619 1037 1678 subjungebat,
1061 1621 1219 1662 Domus
1242 1620 1383 1673 Regu-

372 1684 466 1727 laris
481 1682 664 1737 praedista
680 1679 816 1736 legato
835 1677 1056 1736 hujusmodi
1080 1691 1158 1719 non
1178 1677 1377 1732 indigeat,

373 1741 440 1784 sed
469 1739 574 1782 illius
590 1736 874 1789 Guardianus,
908 1739 946 1779 &
965 1739 1124 1778 Fratres
1156 1736 1305 1776 dietum
1324 1735 1382 1776 le·

374 1809 512 1855 gatum
534 1800 701 1842 omnino
726 1795 1072 1844 renunciaverint,
1089 1793 1257 1835 dilectus
1284 1794 1382 1834 vero

371 1858 523 1913 pariter
542 1857 663 1899 Filius
685 1854 869 1896 Andreas
895 1853 947 1894 de
978 1852 1152 1895 Zivellis
1168 1880 1182 1902 ,
1211 1855 1352 1894 Laicus
1368 1878 1382 1902 ,
1434 1870 1436 1872 v

369 1915 578 1959 Brixiensis
596 1916 729 1957 Dioec.
745 1939 759 1960 2
790 1912 882 1955 dieti
902 1910 1044 1953 Didaci
1064 1912 1207 1953 Frater
1224 1923 1380 1964 germa-

373 1988 471 2024 ῃυε,
502 1975 568 2028 qui
594 1973 642 2014 ad
669 1971 906 2014 solutionem
933 1969 1053 2024 legati
1071 1979 1262 2019 tenetur,
1293 1983 1376 2010 ma-

368 2030 475 2074 ximi
504 2032 681 2087 egestate
700 2041 937 2085 promatur,
966 2026 1124 2082 suisque
1142 2027 1309 2078 labore,
1338 2029 1376 2068 &

368 2089 564 2134 industria
581 2089 789 2132 dumtaxat
809 2089 917 2130 vivat
938 2115 951 2137 ,
964 2088 1004 2128 δι
1020 2098 1231 2141 propterea
1250 2086 1376 2126 dietus

368 2149 549 2192 Didacus
566 2176 579 2198 ,
609 2149 661 2188 ob
680 2145 826 2190 factum
852 2149 874 2188 ἑ
902 2149 939 2189 se
968 2144 1304 2194 inadvertenter,
1338 2145 1378 2185 ὅτ.

368 2205 481 2253 nulla
502 2205 638 2248 habita
653 2204 770 2260 ipfius
792 2204 957 2248 Andreae
977 2215 1230 2259 paupertatis
1247 2203 1370 2245 ratio-

365 2283 417 2310 ne
447 2266 625 2320 legatum
645 2263 900 2320 hujusmodi,
926 2262 1112 2318 gravibus
1127 2257 1377 2305 conscientiae

369 2324 537 2368 stimulis
560 2325 739 2379 agitetur
754 2349 768 2373 ,
790 2321 916 2365 Nobis
932 2333 1145 2378 propterea
1162 2323 1288 2363 dicius
1306 2321 1377 2362 Di·

369 2385 492 2426 dacus
519 2383 726 2424 humiliter
769 2380 981 2436 supplicari
1013 2379 1111 2422 feeit
1139 2410 1152 2432 ,
1186 2393 1229 2423 ut
1260 2380 1375 2434 super

368 2439 568 2498 praemiffis
584 2442 809 2494 opportune
827 2439 1043 2494 providere
1056 2438 1108 2481 de
1123 2439 1372 2495 benignitate

368 2499 599 2556 Apostolica
624 2498 905 2553 dignaremur.

429 2562 514 2600 Nos
541 2558 660 2611 igitur
680 2556 905 2607 Didacum,
936 2557 975 2597 &
1001 2556 1206 2600 Andream
1231 2555 1374 2611 praedi-

367 2619 449 2660 &os
479 2615 710 2668 specialibus
732 2612 929 2660 favoribus
957 2617 994 2656 δι
1014 2617 1154 2670 gratiis
1186 2614 1370 2670 prosequi

368 2676 556 2719 volentes
571 2701 585 2722 ,
616 2674 652 2713 &
675 2678 696 2717 a
712 2672 911 2727 quibusvis
939 2674 1368 2715 excommunicationis

369 2737 445 2776 &c-
472 2729 727 2773 &absolutos
755 2729 842 2772 fore
868 2732 1109 2782 censentes,
1143 2731 1367 2787 hujusmodi

370 2790 728 2848 supplicationibus
760 2788 968 2838 inclinati,
1002 2790 1204 2831 Andream
1232 2790 1370 2844 praefa-

368 2863 454 2894 tum
469 2851 489 2891 a
507 2848 701 2890 solutione
716 2847 835 2904 legati
858 2847 1098 2903 hujusmodi,
1110 2848 1368 2902 Apostolica„

369 2910 617 2953 authoritate
631 2934 645 2956 ,
676 2917 817 2949 tenore
838 2905 1086 2961 praesentium
1102 2907 1368 2959 absolvimus,

366 2969 663 3015 deliberamus,
694 2965 923 3019 dictumque
941 2965 1114 3020 legatum
1138 2966 1173 3007 ei
1189 2965 1368 3019 gratiose

370 3026 643 3074 remittimus,
673 3025 709 3065 δι
739 3024 1009 3066 condonamus
1043 3053 1054 3065 .
1088 3027 1367 3068 Decernentes

366 3084 549 3128 eumdem
567 3082 773 3125 Andr-eam
786 3083 983 3139 desuper&
1001 3098 1216 3139 quoquam,
1229 3084 1367 3138 quavis

366 3143 614 3187 authoritate
644 3141 835 3196 fungente
858 3170 871 3191 ,
916 3141 1142 3191 molestari,
1175 3144 1365 3198 probari,

365 3201 432 3245 vel
458 3201 673 3256 inquietari
699 3200 928 3243 nullatenus
958 3199 1061 3255 posse
1088 3228 1102 3250 a
1136 3201 1265 3257 licque
1291 3217 1390 3266 per,

356 3259 634 3317 ‚quoscumque
646 3259 808 3315 Judices
825 3288 838 3309 ,
869 3260 1108 3304 Ordinatios
1133 3290 1146 3313 ,
1176 3262 1216 3301 &
1239 3261 1363 3303 Dele-

363 3330 480 3376 gatos
503 3349 518 3370 ,
550 3319 672 3361 etiam
700 3318 924 3361 Causarum
967 3319 1107 3361 Palatii
1137 3319 1359 3374 Apostolici

363 3379 582 3421 Auditores
608 3376 803 3431 judicari,
827 3379 867 3419 &
895 3376 1058 3419 diffiniri
1085 3377 1238 3421 debere
1259 3407 1273 3430 ,
1312 3394 1359 3422 ac

362 3437 518 3479 irritum
534 3437 701 3479 &inane
720 3462 734 3483 ,
758 3439 782 3478 fi
798 3433 906 3478 secus
922 3435 1035 3492 super
1049 3436 1108 3478 his
1124 3438 1142 3477 a
1158 3451 1362 3493 quoquam

361 3497 495 3551 quavis
526 3496 771 3538 authoritate
799 3494 997 3546 scienter,
1037 3500 1099 3537 vel
1128 3496 1359 3550 ignoranter

359 3553 580 3608 contigerit
608 3555 824 3597 attentari·
868 3558 961 3596 Non
992 3553 1235 3596 obstantibus
1264 3570 1360 3610 prae-

365 3611 482 3655 miffis
498 3641 510 3662 ‚
540 3627 583 3654 ac
599 3613 967 3656 Constitutionibus
983 3641 996 3663 ,
1026 3614 1064 3654 δι
1078 3614 1360 3657 Ordinationi-

364 3674 436 3715 bus
453 3672 692 3725 Apostolicis
709 3701 722 3723 ,
748 3685 918 3715 necnon
931 3671 1094 3715 Ordinis
1108 3702 1122 3724 ,
1153 3673 1193 3713 &
1209 3673 1358 3718 Domt'is

1212 250 1760 347 Provincia

1446 398 1610 442 quoque
1626 383 1820 433 indultis,
1850 382 1888 423 &
1904 379 2033 433 literis
2048 381 2286 437 apostolicis
2299 384 2338 429 in
2352 401 2455 431 con.

1448 448 1620 487 trarium
1651 439 1934 498 praemifforum
1967 441 2272 496 quomodolibet
2285 448 2452 491 conces:-

1451 504 1495 546 sis
1511 530 1525 552 ,
1558 501 1809 544 confirmatis
1825 526 1839 550 ,
1858 501 1899 540 δε
1927 500 2126 542 innovatis
2141 529 2153 541 .
2184 502 2345 557 Qubus
2361 519 2454 548 otn-

1450 565 1566 605 nibus
1581 561 1793 616 &lingulis
1807 584 1821 607 ‚
1850 559 2016 600 illorum
2032 569 2195 602 tenores
2209 574 2285 616 pro
2305 562 2423 617 plene
2437 590 2452 614 2

1447 625 1488 664 &
1509 621 1748 664 sufficienter
1772 617 1958 673 expreffis
1985 618 2177 660 habentes
2195 647 2210 671 ,
2247 618 2327 661 illis
2353 620 2449 672 alias

1449 683 1488 723 in
1507 679 1574 722 suo
1604 681 1755 720 robore
1772 676 2034 732 permansuris
2050 703 2064 726 ,
2095 677 2168 720 hac
2197 676 2284 719 vice
2295 678 2454 724 dumta-

1444 751 1513 782 xat
1530 738 1757 792 specialiter
1776 738 1818 778 δι
1831 734 2016 791 expresse
2033 735 2276 791 derogamus
2288 764 2303 789 ,
2334 749 2449 782 eaete-

1443 798 1576 853 risque
1596 798 1810 839 contrariis
1825 794 2137 852 quibuscumque
2150 824 2162 836 .

1507 859 1661 897 Datum
1682 858 1819 897 Romae
1844 855 1948 910 apud
1975 855 2159 896 sannam
2176 854 2345 896 Mariam
2364 857 2451 899 Ma-

1443 915 1572 971 jorem
1594 913 1659 956 sub
1676 914 1843 956 Annulo
1863 913 2071 956 piscatoris
2086 911 2154 954 die
2167 914 2451 969 xxiv.Janua-

1442 975 1490 1016 rii
1514 988 1546 1015 M
1561 986 1729 1016 ocxxv
1748 987 1789 1016 ιι
1804 986 1836 1014 ι.
1869 969 2134 1017 Pontificatus
2161 968 2297 1016 Nostri
2322 975 2449 1028 Anno

1443 1042 1585 1090 quinto
1601 1060 1613 1073 .

1903 1148 1962 1190 M.
1980 1150 2030 1192 A.
2043 1148 2248 1193 Maraldus
2265 1175 2276 1188 .

1503 1269 1562 1309 Ex
1580 1263 1732 1318 Regesto
1761 1250 1905 1306 sicret.
1934 1266 2050 1310 Brev.
2068 1265 2237 1323 Apcssol.
2259 1266 2381 1323 mens-⁹
2392 1258 2448 1319 ὠ·

1559 1320 1872 1380 annipraed.fol.
1890 1335 1958 1373 72.

1444 1677 1772 1727 Fundationem
1791 1676 2057 1728 Monasterii
2094 1681 2142 1728 S.
2163 1680 2311 1728 Clarae
2326 1715 2342 1738 ‚
2361 1679 2451 1730 loci

1513 1749 1709 1798 Goritiae
1744 1765 1826 1815 pro
1847 1751 2009 1817 viginti
2044 1749 2327 1799 Monialibus
2371 1768 2446 1819 ap·

1511 1819 1673 1886 probat
1700 1854 1714 1876 ,
1761 1820 1845 1867 hoc
1879 1820 2058 1868 Nuntio
2094 1818 2363 1887 Apostolico
2401 1823 2447 1870 in

1511 1890 1762 1938 Germania
1794 1888 1991 1940 existenti
2014 1887 2207 1953 subjicit,
2225 1894 2396 1940 Dotem
2417 1891 2446 1939 al

1509 1960 1675 2008 Puellis
1692 1994 1706 2015 ,
1747 1972 1845 2007 tum
1875 1962 2151 2029 Originariis
2170 1995 2186 2018 ,
2226 1975 2328 2010 tum
2349 1964 2444 2011 Ex-

1508 2032 1669 2078 traneis
1694 2027 1888 2078 dandam
1918 2030 2191 2079 determinat
2209 2065 2224 2086 ,
2262 2033 2445 2097 privile-

1506 2102 1582 2168 gia
1619 2098 1810 2147 Ordinis
1847 2101 1888 2148 ei
1933 2103 2274 2159 communicat,
2308 2098 2358 2151 ἃ
2387 2103 2453 2151 lo-

1508 2187 1615 2219 cum
1641 2186 1723 2235 pro
1743 2169 1987 2220 educandis
2013 2171 2179 2221 Puellis
2205 2173 2251 2220 in
2270 2171 2351 2221 illo
2365 2172 2448 2222 eri-

1506 2243 1554 2309 gi
1586 2239 1821 2306 indulget.

1470 2369 1957 2423 INNOCENTIUS
2004 2371 2405 2426 EPISCOPUS.

1677 2500 1826 2541 Servus
1854 2501 2069 2540 Servorum
2101 2499 2212 2551 Dei,

1491 2612 1644 2657 Dileelo
1665 2613 1763 2656 Filio
1781 2644 1793 2666 ,
1824 2614 1950 2671 nostro
1965 2615 2019 2666 ἐφ’
2035 2616 2135 2656 sedis
2152 2615 2379 2673 Apostolieae

1542 2676 1694 2716 Nuntio
1719 2676 1761 2713 in
1772 2674 1960 2729 partibus
1979 2677 2202 2717 Germanu-
2221 2688 2322 2716 com-

1600 2732 1772 2774 moranti
1788 2733 1962 2789 strlutem
1983 2763 1999 2784 ‚
2031 2735 2078 2781 ω’
2106 2733 2265 2792 Aposto-

1700 2790 1813 2831 licam
1842 2791 2143 2834 Benedift'ionem
2160 2821 2172 2833 .

1561 2907 1724 2951 Ebirum
1751 2908 1952 2964 pastoralis
1977 2909 2259 2965 OfficiigNobis
2286 2905 2434 2952 Divini

1581 2967 1844 3023 Dispofitione
1865 2969 2058 3011 commiffi
2083 2970 2288 3025 exposcit,
2321 2978 2363 3010 ut
2378 2967 2430 3010 ad

1428 3041 1474 3068 ea
1488 3055 1505 3076 ,
1538 3041 1609 3082 per
1622 3041 1704 3083 quae
1722 3028 1960 3070 Monasteria
1982 3031 2021 3070 δι
2034 3028 2109 3069 alia
2126 3027 2323 3084 regularia
2339 3028 2428 3070 loca

1424 3086 1638 3143 propagari
1655 3115 1666 3136 ‚
1681 3087 1720 3126 &
1738 3087 1773 3127 in
1789 3087 1843 3130 eis
1863 3089 2082 3140 prudentes
2100 3088 2306 3142 Virgines,
2319 3084 2428 3142 spre-

1426 3146 1476 3186 tis
1494 3145 1608 3201 hujus
1625 3144 1763 3186 mundi
1786 3146 1988 3189 illecebris
2004 3174 2017 3197 ,
2048 3148 2085 3187 &
2107 3146 2329 3201 Religionis
2344 3146 2421 3187 ffl-

1424 3203 1510 3245 bitu
1537 3201 1734 3258 assumpto
1749 3230 1762 3251 ‚
1777 3207 1840 3248 uni
1860 3204 1998 3260 sponso
2020 3205 2107 3261 Jesu
2135 3205 2298 3246 Christo
2324 3207 2421 3244 voto

1422 3262 1576 3305 celebri
1594 3263 1883 3317 Virginitatem
1912 3263 2019 3305 suam
2036 3265 2246 3318 praestare,
2273 3274 2318 3302 ac
2341 3259 2418 3301 flo-

1422 3335 1485 3365 res
1502 3322 1662 3364 honoris
1677 3351 1691 3373 ‚
1721 3323 1760 3364 &
1774 3320 1920 3365 fruitus
1939 3323 2177 3373 honestatis,
2206 3330 2419 3364 aeternam-

1421 3396 1499 3436 que
1515 3381 1807 3424 beatitudinem
1822 3383 2010 3436 consequi
2035 3383 2189 3425 valeant
2204 3408 2218 3430 ,
2249 3388 2424 3430 propen-

1422 3441 1468 3484 fis
1485 3440 1619 3484 studiis
1640 3439 1894 3483 intendamus
1909 3467 1922 3490 ,
1953 3441 1994 3481 δι
2017 3441 2053 3481 ἰη
2083 3441 2141 3481 his
2155 3434 2328 3492 ejusdem
2345 3431 2422 3477 Of-

1422 3499 1502 3542 ficii
1518 3498 1635 3541 nostri
1647 3497 1904 3540 ministerium
1930 3493 2206 3540 favorabiliter
2229 3497 2421 3548 interpo-

1421 3572 1589 3608 namus,
1621 3566 1741 3612 prout
1767 3554 2033 3612 conspicimus
2053 3555 2092 3597 in
2107 3553 2284 3597 Domino
2314 3551 2419 3596 salu-

1420 3618 1552 3660 briter
1568 3615 1779 3669 expedire.

1476 3676 1665 3720 Exhibita
1692 3673 1881 3730 fiquidem
1896 3673 2026 3723 Nobis
2053 3687 2180 3728 nuper
2199 3686 2273 3728 pro
2296 3677 2415 3727 parte

360 3731 658 3790 praedictorum,
672 3733 790 3774 otiam
807 3731 1357 3784 juramento‚confirmatione
1415 3735 1651 3781 dilectorum
1669 3733 1864 3776 Filiorum
1882 3731 2166 3779 Univerfitatis
2181 3761 2195 3784 ,
2212 3733 2250 3774 ὃς
2268 3731 2412 3774 Homi-

360 3790 592 3844 Apostolica
607 3817 621 3840 ,
653 3789 717 3831 vel
734 3792 872 3846 quavis
887 3789 1077 3833 firmitate
1097 3791 1174 3834 alia
1188 3793 1354 3838 robora·
1414 3809 1508 3838 num
1525 3792 1718 3836 nobilium
1731 3821 1746 3843 ,
1775 3805 1820 3835 ac
1833 3791 2121 3834 Habitatorum
2135 3821 2150 3843 ,
2180 3805 2225 3834 ac
2251 3787 2406 3831 incola·

361 3852 411 3892 tis
444 3850 595 3891 statutis
633 3849 670 3890 δι
697 3850 1052 3893 consuetudinibus
1084 3880 1098 3905 ,
1130 3853 1351 3910 privilegiis
1410 3868 1498 3897 rum
1522 3851 1689 3910 oppidi,
1717 3850 1908 3894 Civitatis
1933 3851 2181 3908 nuncupati,
2206 3847 2373 3893 Goritiae
2394 3874 2412 3899 2

2229 3906 2360 3963 Aqui:
