2658 4256
1105 238 1236 328 Pr·
1253 244 1294 328 '0'
1312 244 1409 330 vi
1429 268 1480 328 n
1498 242 1541 328 'c
1558 243 1588 328 i
1602 267 1654 329 a

1459 376 1611 417 natum
1630 374 1770 416 Rome
1792 372 1900 428 apud
1935 375 2153 425 sarariam
2177 385 2409 444 majorem

1399 432 1468 476 sub
1492 431 1658 475 Annulo
1694 433 1910 476 Piscatoris
1948 449 1979 476 i·
2005 441 2165 492 Augusti
2191 458 2402 490 Mocnxxr.

1360 500 1369 511 ‘
1400 490 2122 547 Pontificatusnostri‚annosecundo.
2181 491 2183 494 ’
2254 491 2256 493 ’

337 381 564 439 Punctum
580 374 786 448 'paritatis
801 392 1020 432 votorum
1031 414 1048 439 ,
1075 395 1214 447 quam
1230 380 1340 428 Pro-

410 452 573 502 vinciae
601 452 647 499 in
665 452 880 501 Comitiis
908 450 1208 502 Generalibus
1237 466 1342 499 con-

407 521 540 582 cedi,
568 518 881 572 Serenissimus
899 521 1080 573 Elestor
1101 518 1344 570 Ferdinan-

407 593 493 642 dus
521 590 766 661 postulavit
784 627 800 651 ,
827 591 1050 643 maturius
1081 592 1342 641 examinan-

406 664 552 720 dum,
581 660 630 712 ὅ(
666 664 714 711 P.
727 662 940 713 Ministro
952 664 1166 713 Generali
1196 678 1339 711 novas

406 737 589 784 Domos
604 730 694 781 fine
714 732 898 796 recursu
926 732 986 783 ad
1021 737 1072 785 S.
1086 731 1250 783 Sedem
1266 731 1344 781 ad-

405 805 589 853 interim
610 803 850 868 recipiendi
881 801 1144 854 facultatem
1160 803 1187 852 ὲ
1202 799 1244 854 se
1262 804 1344 853 tri-

1784 609 1935 653 Marius
1952 611 2117 668 Spinula
2134 617 2291 660 Secret-

1461 789 1607 843 Autog.
1621 789 1665 829 in
1676 790 1817 829 secret.
1839 789 1952 830 Brev.
1974 786 2024 831 ad
2040 788 2178 836 Princ.
2200 805 2283 849 reg·
2297 796 2413 853 mens:

405 862 634 923 buendam
659 870 772 933 effe,
799 871 1038 943 respondet
1053 909 1067 925 .

334 1060 374 1104 A
391 1067 524 1117 tergo:
543 1058 697 1103 Dileflo
712 1059 829 1112 Filio,
845 1061 978 1105 Nobili
998 1055 1347 1114 Wrb‚Ferdinando

503 1122 669 1169 Martae,
690 1119 793 1160 Daci
812 1122 1014 1172 Bavariae,
1038 1123 1170 1164 §.R-l.

646 1179 822 1233 Principe·
829 1178 1008 1225 ‚Ele-Hori
1019 1206 1032 1219 .

340 1364 810 1416 CLEMENS
905 1362 1175 1416 PAPA
1271 1370 1337 1418 X.

419 1538 573 1584 Dilcfle
590 1538 672 1582 Fili
685 1567 700 1591 ,
727 1537 862 1582 Nobili
880 1540 945 1585 Vir
961 1536 1151 1597 ‚filatem
1165 1570 1179 1595 ,
1205 1541 1255 1592 θ’

532 1598 789 1656 Apostolicam
810 1600 1130 1645 Benediffionem.

421 1727 552 1771 Edula
574 1726 704 1771 officia
717 1755 731 1778 ‚
754 1726 897 1782 quibus
912 1725 1116 1770 Nobilitas
1134 1728 1220 1770 Tua
1237 1727 1333 1769 Fra-

436 1787 561 1828 tribus
577 1787 796 1841 Capncinis
812 1786 1033 1837 Bavaricae‚
1063 1800 1108 1827 ac
1130 1785 1332 1840 Tyrolen·

327 1848 374 1885 sis
389 1846 610 1888 Provinciae
623 1843 854 1898 suffragatur
870 1871 884 1894 ‚
906 1843 1013 1886 illius
1037 1843 1191 1886 indices
1208 1845 1332 1898 pieta·

329 1904 384 1945 tis
400 1905 489 1946 sunt
505 1932 518 1954 ,
538 1918 621 1960 quae
644 1901 841 1958 praecipue
863 1901 973 1945 inter
986 1902 1132 1944 deeora
1148 1930 1161 1952 ‚
1185 1903 1330 1958 quibus

325 1962 521 2018 insigniris
538 1991 550 2013 ,
576 1962 666 2019 jure
682 1961 746 2003 sibi
763 1962 918 2014 optimo
933 1960 1110 2003 vindieat
1126 1961 1330 2016 principa·

327 2033 414 2063 tum
426 2050 437 2061 .
469 2019 698 2063 Gratificari
710 2019 1047 2075 quocirca-Nobis
1062 2020 1148 2074 ipfis
1165 2030 1330 2071 reputa-

326 2080 458 2122 bimus
474 2107 486 2128 ,
503 2080 685 2131 precibus
699 2106 716 2128 ,
742 2077 808 2119 ubi
823 2077 987 2120 dabitur
1008 2079 1086 2120 tuis
1100 2107 1114 2130 ,
1141 2077 1329 2133 indulge·

326 2151 372 2180 re
385 2167 396 2178 .
430 2135 602 2188 Huiusce
619 2145 756 2179 tamen
781 2149 876 2191 erga
890 2138 951 2179 Te
970 2136 1242 2193 propensionis
1255 2149 1327 2179 no—

330 2197 414 2239 firae
440 2196 603 2236 duetum
620 2194 729 2250 sequi
757 2208 836 2236 non
857 2194 1052 2251 possumus
1071 2196 1107 2237 in
1125 2196 1330 2251 praesentia

331 2253 556 2297 Custodum
569 2282 584 2305 ‚
610 2251 963 2310 suffragiorumque
980 2254 1194 2310 paritatem
1215 2253 1254 2294 in
1270 2253 1331 2293 di-

325 2311 417 2356 visis
436 2311 657 2353 Provinciis
684 2310 920 2354 stabiliendo
938 2341 950 2353 .
984 2315 1091 2354 Cum
1117 2312 1224 2354 enim
1241 2311 1333 2353 huic

323 2369 524 2415 consilio&
541 2371 692 2412 directo
710 2371 946 2413 adversttur
957 2384 1154 2426 nuperum
1167 2368 1333 2412 fel.rec.

322 2426 548 2479 Dec-essoris
562 2429 685 2471 nostri
700 2432 938 2477 Decretum,
952 2438 1145 2472 accurato
1159 2443 1224 2472 res
1239 2442 1333 2471 exa-

323 2489 432 2532 mine
447 2486 644 2542 pensanda
665 2488 795 2529 Nobis
811 2486 992 2541 profesto
1011 2488 1147 2530 fuerit.

383 2543 623 2589 Consulturi
644 2548 739 2589 vero
754 2544 1015 2601 praejudiciis,
1042 2560 1124 2601 quae
1144 2545 1253 2589 Fidei
1266 2559 1332 2588 or·

325 2604 513 2648 thodoxae
527 2604 806 2659 propagationi
824 2603 988 2645 evenire
1002 2601 1162 2646 fortasse
1177 2601 1330 2660 poffent

323 2677 376 2706 ex
391 2662 591 2705 ratardata
604 2665 1094 2705 novorumConventuum
1110 2664 1329 2712 erectione,

327 2723 406 2765 tuis
433 2731 654 2762 annuentes
684 2720 821 2770 votis,
844 2721 1124 2774 praedictorum
1151 2723 1329 2777 Capuci-

323 2792 463 2824 norum
475 2777 665 2822 Gener-aii
693 2776 882 2833 subjectas
907 2778 975 2819 fibi
990 2780 1223 2822 Provincias
1248 2780 1331 2823 visi.

323 2847 459 2880 taturo
485 2835 718 2879 facultatem
743 2837 1022 2891 impartiemur
1044 2865 1059 2888 ‚
1086 2839 1258 2894 'quoties
1289 2839 1329 2881 id

271 2949 276 2952 ,
321 2896 462 2939 divino
486 2895 614 2938 cultui
643 2893 928 2950 amplificando
953 2908 1228 2949 opportunum
1252 2896 1328 2938 du-

321 2955 458 3004 xerit,
492 2967 612 2995 novas
638 2953 714 2994 istis
748 2953 786 2994 in
814 2953 1060 3009 Regionibus
1091 2956 1146 2996 sui
1164 2954 1329 2996 Ordinis

324 3013 525 3065 stationes
547 3010 763 3067 erigendi,
793 3026 889 3067 quas
915 3011 1067 3054 scilicet
1103 3012 1330 3055 Catholicae

323 3070 551 3126 Religionis
579 3070 836 3113 incremento
855 3070 1072 3113 admodum
1096 3069 1326 3126 profuturas

321 3131 469 3174 eximia
492 3130 532 3171 in
561 3130 665 3171 hunc
691 3127 854 3183 scopum
883 3130 1110 3185 Religionis
1137 3130 1330 3174 universa

322 3189 452 3234 studia
469 3188 596 3231 Nobis
620 3187 781 3242 prorsus
801 3187 1052 3242 pollicentur
1071 3218 1083 3230 .

383 3248 546 3301 Optatis
574 3257 710 3290 autem
732 3246 893 3301 insuper
915 3248 991 3289 tuis
1017 3248 1069 3291 de
1092 3262 1167 3290 non
1187 3244 1327 3306 adjun-

321 3305 462 3367 gendis
478 3306 700 3349 Provincia:
717 3306 948 3362 Tyrolensis
966 3307 1328 3354 Conventibus‚ei-

324 3369 419 3409 dem
434 3365 657 3416 Generali,
689 3367 752 3408 seu
777 3365 846 3407 alii
868 3365 1032 3408 cuilibet
1049 3364 1329 3409 Commiffario

325 3427 366 3469 in
380 3425 635 3468 Germaniam
659 3424 916 3480 profestum,
942 3425 1128 3481 expresse
1145 3425 1328 3481 injunge-

327 3498 443 3533 mus,
470 3493 514 3525 ut
542 3483 579 3526 in
606 3485 678 3525 hac
708 3498 779 3534 re,
812 3486 1004 3540 quantum
1032 3483 1116 3527 fieri
1144 3485 1326 3539 poterit,

326 3542 548 3587 Nobilitati
569 3545 663 3585 Tuae
678 3544 958 3599 obtemperare
982 3555 1115 3585 curet·
1150 3545 1206 3586 Ut
1227 3557 1327 3598 prae-

325 3602 472 3645 dictam
495 3603 572 3643 FF.
588 3604 884 3656 Capucinorum
910 3601 1164 3656 Religionem
1193 3603 1326 3644 conti-

328 3661 440 3704 nenti
458 3659 684 3715 patrocinio
696 3658 833 3704 foveas
848 3688 861 3710 a
878 3674 928 3703 ex
943 3662 1073 3703 animo
1088 3660 1246 3702 interim
1260 3674 1327 3701 cu-

332 3721 494 3777 pimus,
521 3719 642 3770 Tibi,
665 3719 811 3762 dilecte
838 3720 926 3766 Pii,
953 3719 1222 3774 Apostolicam
1249 3720 1326 3761 Be·-

328 3777 592 3823 nedietionem
615 3790 666 3820 ex
684 3780 794 3822 omni
820 3778 955 3823 cordis
982 3778 1102 3822 nostri
1124 3778 1234 3822 sensu
1252 3779 1327 3820 im-

327 3837 572 3896 pertientes.

1520 846 1568 894 (9¹
1581 846 1676 889 anni
1692 846 1820 902 pred.
1836 845 1918 904 fil.
1935 858 2005 895 55·

1655 1081 1833 1132 Eodem
1860 1092 2135 1154 argumento
2151 1123 2163 1136 .

1396 1221 1435 1264 A
1451 1228 1587 1277 tergo:
1624 1220 1788 1263 Dileflae
1803 1222 1921 1265 Filia·
1935 1221 1978 1265 in
1990 1225 2292 1277 Cbrss02Noth‘
2320 1230 2411 1273 Mu-

1485 1279 1791 1331 lieri‚Adelatdi,
1806 1281 1966 1339 Duciffie
1982 1286 2037 1326 Ba
2044 1288 2168 1328 vart‘ae
2180 1315 2195 1336 ,
2221 1289 2319 1329 Fer·
2338 1323 2340 1326 .

1542 1338 1705 1381 dinandi
1720 1337 1880 1390 Maria,
1890 1341 2006 1383 Ducis
2018 1345 2202 1385 Bavariae
2217 1344 2266 1393 (5
2383 1346 2387 1353 '

1614 1401 1655 1440 S.
1671 1400 1719 1440 R·
1734 1400 1765 1440 1.
1796 1397 1983 1455 Principis
2009 1401 2193 1446 Elefforis

1815 1457 2007 1516 conjugi.

1396 1569 1904 1637 CLEMENS'
1992 1548 2243 1641 PAPA
2339 1595 2404 1647 x.

1451 1723 1610 1768 Dat-fla
1623 1726 1665 1765 in
1682 1724 1832 1782 cbristo
1850 1723 1956 1768 Filia
1968 1755 1981 1778 ‚
2001 1728 2150 1771 Nobilis
2170 1730 2315 1773 Mulier
2327 1758 2344 1783 ,

1550 1782 1733 1840 salutem
1752 1811 1767 1835 ,
1799 1784 1848 1831 ω’
1877 1786 2132 1840 Aposloticam
2153 1790 2230 1829 Be-

1762 1841 2016 1885 nediffioncm
2029 1873 2042 1886 .
2226 1867 2230 1871 >

1491 1956 1687 2001 Ontificiae
1706 1958 1915 2003 charitatis
1939 1958 2076 2003 solatia
2100 1963 2186 2005 sunt
2201 1970 2398 2008 accurata

1507 2015 1876 2061 commendationes
1893 2018 2130 2062 Nobilitatis
2147 2023 2260 2073 T-uae,
2273 2024 2398 2064 ratio-

1389 2076 1505 2116 nibus
1533 2076 1699 2117 Patrum
1727 2078 2028 2131 Capiicinorum
2065 2079 2284 2133 navariae,
2319 2094 2394 2123 net

1392 2147 1467 2175 nec
1487 2131 1719 2189 Tyrolenlis
1737 2134 1959 2177 Provinciae
1982 2134 2265 2191 luffragantes,
2295 2139 2396 2180 iniis

1390 2193 1498 2235 enim
1536 2192 1733 2247 praeclaris
1767 2192 1943 2249 expressa
1978 2195 2082 2236 votis
2123 2195 2232 2238 illius
2263 2197 2400 2240 elucet

1392 2251 1612 2306 praestantia
1631 2251 1794 2304 pietatis
1808 2281 1823 2302 ,
1852 2266 1936 2308 quae
1957 2253 2237 2297 diminicultfis
2259 2256 2297 2297 in
2315 2270 2401 2297 am·

1395 2307 1680 2365 plificationem
1703 2310 1844 2352 sedulo
1866 2312 2116 2354 incumbenti
2139 2313 2397 2357 voluntatem

1396 2367 1488 2410 Tibi
1503 2367 1676 2410 nostram
1690 2369 1871 2422 apprime
1884 2370 2073 2411 conciliat
2087 2398 2097 2410 .
2115 2371 2218 2412 Huic
2233 2380 2368 2415 autem
2379 2401 2397 2427 ,

1392 2426 1588 2479 quantum
1610 2439 1701 2467 cum
1718 2427 1894 2469 Domino
1923 2424 2122 2481 possumus
2140 2456 2153 2480 ,
2182 2429 2397 2486 responde-

1392 2500 1436 2529 re
1461 2493 1724 2540 exoptantes,
1753 2484 2004 2541 diligentiori
2026 2487 2275 2531 reservantes
2301 2504 2400 2534 exa-

1391 2542 1724 2586 miniCustodum
1749 2542 2103 2600 suffragiorumque
2130 2549 2347 2602 paritatem
2373 2547 2395 2590 ἃ

1389 2602 1584 2659 praedie‘tis
1600 2602 1790 2655 Patribus.
1812 2602 1848 2645 in
1869 2603 2001 2645 divitis
2018 2607 2241 2648 Provinciis
2257 2634 2272 2658 ,
2298 2621 2395 2650 nec-

1391 2675 1469 2704 non
1485 2662 1527 2703 in
1542 2660 1773 2704 dividendis
1790 2663 2006 2716 expetitam
2035 2664 2223 2719 (nupero
2239 2666 2395 2706 scilicet

1391 2717 1459 2763 fel.
1485 2733 1570 2763 rec·
1594 2719 1818 2763 Decefforis
1837 2721 1962 2764 nostri
1988 2722 2027 2763 in
2043 2724 2291 2765 contrarium
2312 2725 2397 2766 De-

1391 2787 1508 2822 creto
1538 2777 1576 2820 id
1604 2779 1626 2820 a
1644 2779 1771 2822 Nobis
1802 2778 1961 2833 prorsus
1975 2781 2193 2838 exigente)
2221 2779 2395 2826 necessa-

1390 2838 1491 2880 riam
1516 2835 1556 2877 in
1574 2837 1778 2891 praesentia
1794 2838 2031 2880 eorumdem
2046 2839 2238 2882 Generali
2263 2839 2393 2896 subje-

1390 2899 1471 2938 ctas
1496 2894 1563 2934 fibi
1582 2895 1810 2937 Provincias
1835 2894 2042 2937 visitaturo
2066 2896 2298 2942 facultatem
2315 2900 2392 2940 im-

1389 2953 1612 3009 pertiemur
1625 2981 1638 3003 ‚
1670 2951 1720 2994 ad
1736 2966 1859 2996 novos
1874 2952 1927 2995 sui
1943 2954 2106 2998 Ordinis
2122 2959 2392 3009 Conventus,

1388 3012 1455 3055 ubi
1477 3011 1526 3053 fic
1553 3010 1602 3054 ad
1614 3010 1865 3055 Orthodoxae
1880 3012 1993 3055 Fidei
2013 3016 2391 3070 propagationem

1389 3079 1659 3126 opportunum
1674 3069 1861 3121 duxerit,
1888 3069 2033 3127 absque
2060 3073 2202 3128 aliquo
2217 3074 2388 3130 Aposto-

1390 3130 1471 3173 lico
1486 3127 1720 3182 Diplomate
1735 3127 1868 3171 istisin
1887 3129 2135 3184 Regionibus
2150 3132 2390 3186 erigendos3

1389 3190 1451 3231 Te
1474 3187 1583 3230 enim
1606 3185 1827 3243 adjuvante
1839 3188 2077 3230 uberrimam
2100 3191 2148 3233 ad
2165 3190 2390 3234 Catholicae

1388 3246 1615 3302 Religionis
1630 3245 1928 3288 incrementum
1943 3246 1992 3287 ab
2007 3248 2161 3291 eximiis
2185 3259 2390 3292 tantorum

1387 3306 1426 3348 in
1442 3307 1572 3348 Vinea
1591 3305 1753 3346 Domini
1767 3306 2060 3360 Operariorum
2083 3306 2283 3352 laboribus
2298 3322 2385 3352 om.

1387 3365 1482 3407 nino
1498 3361 1623 3407 Nobis
1641 3361 1798 3406 messem
1815 3363 2065 3420 pollicemur.

1446 3423 1542 3467 Tuis
1559 3421 1713 3477 insuper
1727 3423 1833 3465 votis
1848 3424 1902 3468 do
1913 3437 1995 3466 non
2009 3422 2270 3480 adjungendis
2289 3427 2388 3468 Pro-

1385 3481 1750 3536 vinciaessryrotenfi
1761 3483 2041 3525 conventibus
2054 3483 2092 3524 in
2109 3483 2276 3528 Bavariae
2289 3488 2387 3527 Pro-

1385 3541 1517 3584 vincia
1541 3540 1798 3583 existentibus
1826 3539 2050 3591 indulturi,
2071 3543 2244 3595 praedicti
2259 3543 2386 3586 Ordi-

1387 3600 1445 3643 nis
1459 3599 1653 3643 Generali
1666 3627 1680 3650 ‚
1698 3597 1762 3642 seu
1777 3598 2057 3642 Commisliirio
2073 3598 2166 3642 istuc
2180 3602 2385 3657 profectu-

1384 3673 1436 3702 ro
1454 3658 1678 3702 mandamus
1691 3686 1706 3710 ,
1733 3667 1776 3699 ut
1797 3657 1838 3699 in
1855 3659 1929 3701 hoc
1945 3658 2135 3714 negotio,
2161 3662 2242 3716 quo
2258 3662 2386 3704 maxi-

1385 3718 1450 3760 me
1477 3716 1684 3773 potuerit,
1711 3716 1931 3761 Nobilitati
1946 3720 2039 3760 Tuae
2062 3732 2216 3764 morem
2241 3735 2383 3777 gerere

1383 3775 1595 3825 studeant,
1621 3776 1684 3817 cui
1701 3775 1922 3832 propitium
1945 3777 2097 3820 interea
2113 3808 2127 3830 ‚
2156 3778 2386 3823 faventem·

1384 3850 1462 3893 que
1489 3836 1684 3879 bonorum
1705 3835 1883 3880 omnium
1897 3838 2114 3880 Auctorem
2132 3842 2264 3882 Deum
2292 3853 2382 3893 pre·

2192 3912 2326 3940 camur
