2638 4204
397 255 575 344 214
866 286 868 289 ⁴
1125 228 1665 316 Provincia

336 369 430 402 modo
438 365 725 415 praetendentium,
738 365 914 402 citatorum
927 391 937 407 ,
963 369 1006 403 Θ·
1023 377 1083 401 non
1097 369 1352 413 comparentium
1366 392 1376 407 ,
1390 378 1469 414 quos
1477 368 1579 414 petiit
1591 374 1791 401 contumaces
1806 363 1976 410 reputari,
2000 367 2043 401 Θ
2068 368 2100 401 in
2115 381 2222 406 eorum
2243 381 2408 410 mmmm,

337 417 421 450 ciam
447 415 551 450 locum
565 437 575 453 ,
600 415 634 448 in
647 412 789 449 civitate
806 413 1037 462 Neostadiensi,
1043 423 1104 461 pro
1116 414 1282 461 Religiosis
1296 421 1376 458 P'P„
1386 416 1695 461 capucinis,ordinis
1712 420 1746 450 S.
1758 412 1921 455 Francisct'
1939 437 1948 454 ‚
1976 423 2150 462 eorumque
2161 425 2316 465 perpetua
2323 422 2405 465 fun-

336 464 464 499 datione
475 461 670 509 designatum
682 463 768 509 erigi
780 487 792 502 ,
804 463 961 510 -ipsbfquc
974 474 1045 497 cum
1052 462 1123 506 suis
1129 462 1265 508 juribus
1277 487 1287 503 ,
1314 464 1534 509 Privilegiis,
1560 466 1603 499 Θ
1619 461 1855 509 praerogativis
1867 459 1925 502 sui
1941 462 2070 495 Ordinis
2090 463 2131 495 ad
2145 467 2275 502 eundem
2297 469 2401 504 locum

338 510 526 552 introduci,
550 513 594 546 Θ
612 511 645 544 in
657 521 693 545 eo
700 518 893 593 perpetuam
910 508 1150 550 stabilitatem,
1176 519 1276 558 atque
1297 510 1465 558 pacificam
1474 510 1686 559 poffeffiorrem
1711 508 1860 547 concedi,
1885 519 1922 540 ac
1938 507 2006 542 alia
2020 532 2030 548 ,
2055 509 2143 543 circa
2169 510 2251 546 talia
2274 516 2311 551 de
2326 516 2405 561 jure

341 558 400 594 vel
423 558 648 601 consuetudine
661 557 758 592 lauda
782 558 823 592 ili
840 557 920 599 fieri
926 558 1031 602 solita
1053 559 1266 600 demandari,
1292 558 1472 605 literasque
1487 560 1657 594 erectionis
1677 561 1720 594 Θ
1733 555 1981 591 introdufflonts
2003 555 2186 601 hujusmodi
2201 561 2244 595 Θ
2264 561 2330 598 alia
2349 566 2405 600 de-

327 606 430 653 super
440 604 611 650 neceffim'a
626 618 664 640 ac
683 613 860 652 opportuna
882 607 915 640 in
921 606 1033 649 forma
1039 605 1130 650 juris
1142 606 1247 650 solita
1261 609 1395 641 extradi
1413 608 1540 642 decerni
1555 632 1565 646 ,
1597 607 1684 641 omni
1699 609 1773 642 Θῑ.
1785 603 1884 648 salvo
1900 607 1974 641 &c-

351 694 353 696 ,
432 660 484 689 Ex
498 654 634 697 adversb
643 652 855 700 prasentibus
860 654 999 697 famatis
1010 655 1149 701 Georgio
1164 655 1252 690 Gtiin
1268 678 1278 694 ,
1295 657 1338 691 Θ
1355 656 1505 698 “Jeremia
1521 653 1681 689 Schubert
1696 652 1906 688 senatoribus
1919 653 2005 696 ,suis
2018 664 2056 687 ac
2073 653 2174 687 totius
2190 657 2402 694 Communita·

337 703 383 737 tis
398 703 506 748 partis
535 701 768 737 catholicorum
792 700 972 736 nominibus
992 701 1252 748 comparentibus
1276 705 1320 739 Θ
1334 702 1442 745 salvis
1461 700 1595 748 juribus
1611 702 1683 745 suis
1700 712 1759 736 non
1774 699 1882 743 solum
1896 725 1906 741 ‚
1933 701 2038 748 quoad
2056 698 2114 746 jus
2139 703 2339 737 Patronatus
2357 710 2401 744 &-

332 750 551 796 praes‘entandi
571 750 613 784 ad
637 748 805 793 Ecclesiam
829 750 1058 784 ‘Parocbialem
1080 748 1200 784 ibidem
1223 749 1408 789 existentem
1423 774 1434 790 ,
1452 751 1512 793 sed
1533 751 1634 784 etiam
1660 747 1806 784 omnibus
1821 751 1864 784 Θ
1881 747 2019 795 singulis
2034 748 2236 796 Privilegiis
2250 751 2399 788 Civitatis

340 797 575 843 Qeosiadiensis
600 801 643 835 Θ
662 799 802 833 omnium
819 795 974 832 Tribuum
993 798 1192 840 reservatis,
1210 797 1365 833 benevole
1381 800 1412 832 in
1430 798 1677 841 fundationem,
1699 801 1742 834 Θ
1764 797 2032 832 introductionem
2059 801 2136 830 'PP-
2152 799 2403 844 Capucinorum,

334 847 474 892 petitam
489 845 755 889 consi'ntientibus
765 871 775 887 ‚
800 847 944 882 Famatis
959 846 1038 880 vero'
1053 845 1188 880 Daniele
1196 845 1342 881 ailberto
1361 847 1501 893 Scboppe
1514 871 1524 887 ‚
1545 849 1588 883 Θ
1604 847 1731 890 ⁶Joanne
1745 844 1870 891 Hesigio
1882 845 1952 888 suis
1962 844 2118 888 similiter
2132 870 2142 886 ,
2156 857 2193 879 ac
2207 847 2310 880 totius
2323 850 2408 884 Com-

335 895 508 930 munitatis
528 896 636 941 partis
655 893 846 930 Lutheranae
876 891 1056 929 nominibus
1080 893 1336 940 comparentibus
1352 919 1362 934 ,
1388 897 1431 930 Θ
1456 902 1530 929 ante
1556 896 1662 930 omnia
1677 893 1767 928 dotto
1794 894 1833 927 de
1847 895 1996 929 mandato
2015 893 2083 936 suae
2099 897 2255 929 Proeurae
2281 895 2313 929 in
2339 896 2412 932 vim

335 943 545 988 impugnandi
553 940 559 943 ”
562 941 784 989 [ιφναάίἑῑαφη
812 942 1038 985 fundationem
1050 965 1060 981 ,
1085 954 1122 975 ac
1144 943 1411 977 introductionem
1435 945 1575 989 petitam
1593 941 1828 989 Religiosorum
1845 945 1985 977 Patrum
2003 942 2231 987 capucinorum
2245 943 2287 977 ad
2305 942 2411 980 locum

329 996 393 1036 pro
406 989 477 1037 ipsis
493 988 680 1030 destinatum
694 1014 704 1029 ‚
729 990 884 1025 nimirum
896 991 937 1024 ad
952 989 1111 1034 Capellam
1129 988 1270 1029 filialem
1285 991 1437 1024 Matricis
1452 990 1661 1026 ‘Parecbialis
1678 988 1818 1032 lzcclesia:
1833 987 1952 1025 ibidem
1963 987 2128 1029 existentis
2142 1014 2153 1030 ,
2167 988 2324 1035 ejusmodi
2330 990 2412 1033 fun-

333 1038 494 1074 dationem
507 1038 540 1072 in
555 1037 622 1072 loco
629 1038 783 1084 praeditto
790 1035 957 1082 subsistere
970 1047 1029 1070 non
1036 1035 1121 1083 posse
1134 1061 1145 1077 ,
1171 1049 1227 1070 nec
1242 1035 1358 1072 debere
1374 1038 1554 1073 dicentibus
1571 1063 1581 1079 ,
1613 1049 1659 1073 ex
1672 1050 1707 1073 eo
1719 1062 1728 1078 ,
1755 1038 1841 1083 quod
1861 1037 2019 1085 pradic'ia
2030 1038 2246 1073 Communitas
2263 1039 2304 1073 ad
2323 1049 2412 1086 prae-

326 1085 437 1130 satam
450 1085 609 1132 Capellam
615 1084 755 1127 filialem
777 1084 899 1121 babeat
907 1084 964 1130 jus
985 1088 1186 1119 ‘Patronatu's
1203 1109 1213 1124 ,
1236 1086 1501 1132 &prasentandi
1521 1088 1668 1121 idoneum
1684 1084 1919 1131 Presbyterum
1945 1095 2005 1132 per
2026 1085 2248 1133 privilegium
2274 1084 2295 1120 d
2318 1092 2411 1122 Sere-

330 1133 453 1176 ntffi'ma
469 1134 548 1168 olim
558 1132 849 1180 [fabellasRegina
861 1132 1038 1177 Hungariae
1052 1155 1062 1165 .
1084 1132 1218 1175 Ductssa
1246 1133 1375 1179 Oppolii
1397 1138 1440 1171 Θ
1466 1134 1652 1178 Ratiborii,
1683 1135 1721 1168 de
1742 1134 1819 1166 data
1834 1134 1986 1179 Leopoldi
2016 1133 2239 1178 Rutbenorum
2262 1134 2329 1180 ipso
2356 1137 2408 1171 die

328 1182 416 1217 Divi
430 1179 581 1228 Apostoli
597 1179 720 1225 vacobi
741 1183 779 1215 de
790 1185 888 1215 ,Anno
908 1179 1038 1214 Domini
1044 1183 1147 1223 1556.
1159 1178 1223 1223 sibi
1237 1179 1476 1225 conceffiimsrti
1489 1184 1521 1215 in
1530 1182 1614 1224 folio
1626 1182 1746 1215 tenoris
1759 1182 1830 1215 Θε.
1845 1179 1918 1222 fuit
1925 1181 2131 1227 productum,
2146 1183 2231 1228 quod
2245 1180 2330 1218 alids
2342 1192 2404 1230 per

330 1230 601 1265 introductionem
614 1232 658 1265 Θ
678 1228 904 1271 fundationem
921 1225 1079 1272 ejusmodi
1084 1227 1189 1270 facile
1203 1229 1387 1275 deperiret,
1414 1239 1484 1264 tum
1497 1229 1581 1275 quo'd
1604 1227 1785 1263 vrbarium
1803 1235 1902 1273 atque
1911 1228 2127 1263 baereditariae
2142 1229 2247 1265 literae
2270 1227 2292 1263 d
2306 1234 2407 1265 Sacra

331 1278 491 1324 quondam
505 1277 644 1319 casarea
655 1274 889 1320 Majesiate‚uti
902 1280 988 1321 Rege
999 1277 1154 1315 Boemiae,
1170 1279 1214 1312 Θ
1228 1281 1382 1323 Supremo
1400 1284 1488 1311 Duce
1501 1276 1630 1323 Oppolii
1639 1279 1682 1312 Θ
1705 1272 1870 1321 Ratiborii
1885 1275 1987 1309 aliter
2013 1275 2183 1323 disponant
2198 1290 2207 1310 ε
2233 1275 2407 1324 quibussic

323 1324 486 1366 stantibus
512 1328 555 1361 Θ
570 1321 767 1363 obstantibus
797 1320 907 1357 debita
930 1334 1002 1358 cum
1013 1321 1164 1363 instantia
1180 1324 1218 1368 se
1242 1326 1328 1359 circa
1349 1324 1431 1371 jura
1447 1328 1491 1362 Θ
1506 1324 1696 1371 Privilegia
1715 1322 1875 1370 producta
1891 1322 1987 1370 plene
2016 1325 2060 1360 Θ
2076 1324 2202 1371 integre
2219 1324 2408 1368 conservari

330 1370 518 1419 petentibus
529 1373 615 1406 omni
623 1374 695 1408 Θε.

418 1425 469 1454 Ex
481 1432 517 1455 eo
546 1427 621 1454 tunc
638 1418 854 1463 Sereniffimus
867 1421 1024 1467 Princeps
1036 1445 1046 1462 ,
1072 1433 1111 1456 ac
1128 1423 1243 1465 Juder
1261 1423 1453 1457 ordinarius
1473 1422 1586 1464 sedens
1601 1447 1612 1462 ‚
1638 1433 1680 1456 ex
1695 1420 1817 1456 auditis
1828 1444 1839 1460 ,
1864 1423 1908 1457 Θ·
1933 1419 2011 1456 bene
2024 1420 2202 1457 intellectis
2249 1425 2398 1457 artium

326 1467 572 1511 controversiis,
592 1466 847 1513 allegationibus
861 1493 872 1508 ,
897 1468 1144 1515 oppositionibus
1158 1494 1168 1510 ,
1197 1469 1493 1516 impugnationibus
1506 1494 1516 1510 ,
1544 1483 1581 1504 ac
1596 1468 1826 1512 defensionibus
1855 1468 2015 1504 hincinde
2027 1468 2148 1512 fallis,
2176 1471 2214 1506 vi
2224 1483 2252 1507 ts
2265 1481 2395 1518 quoque

324 1519 369 1552 Θ
388 1516 563 1562 diligenter
579 1515 670 1550 lectis
684 1538 694 1554 ,
716 1517 885 1562 producitis
891 1516 1025 1562 juribus
1042 1541 1052 1557 ,
1078 1517 1183 1564 iisque
1197 1518 1324 1553 mature
1341 1515 1477 1562 discussis
1490 1520 1533 1553 Θ
1547 1516 1751 1560 consideratis
1763 1541 1774 1556 ‚
1800 1529 1838 1551 ac
1850 1528 1885 1551 eo
1907 1517 1964 1553 vel
1980 1517 2122 1553 maxime
2136 1526 2262 1553 attento
2274 1543 2285 1559 ,
2311 1519 2398 1565 quod

327 1568 383 1598 nec
396 1564 429 1598 in
440 1564 594 1609 produilo
617 1562 694 1597 olim
707 1563 911 1607 Sereniffi'mae
922 1569 940 1597 I
934 1562 1071 1609 sabella
1088 1566 1215 1611 Reginae
1228 1568 1403 1613 Hungariae
1411 1565 1592 1612 privilegio
1607 1589 1617 1605 ‚
1642 1577 1698 1600 nec
1713 1567 1744 1599 in
1753 1563 1897 1599 vrbario
1910 1588 1920 1604 ‚
1946 1572 2007 1599 aut
2024 1567 2124 1600 etiam
2148 1567 2181 1600 in
2194 1566 2318 1601 litteris
2330 1566 2396 1601 ha-

327 1612 497 1646 reditariis
509 1611 662 1658 allegatis
675 1635 685 1651 ‚
714 1611 817 1645 ullius
824 1610 944 1651 filialis
955 1611 1096 1654 Ecclesia
1108 1636 1118 1651 ‚
1138 1620 1360 1659 praeterquam
1375 1613 1623 1656 Parocbiae,fiat
1640 1614 1759 1648 mentio
1772 1637 1782 1653 ‚
1806 1616 1849 1649 Θ
1858 1611 2093 1660 subsequenter
2106 1613 2198 1649 nulla
2221 1614 2294 1649 inde
2308 1611 2395 1658 ejus-

324 1659 398 1694 dem
414 1659 547 1705 Capella
574 1670 646 1694 cum
660 1658 854 1694 Parocbiali
865 1659 1002 1703 Ecclesia
1020 1660 1174 1695 eliciatur
1190 1684 1199 1700 ‚
1224 1661 1282 1696 vel
1295 1661 1372 1695 elici
1383 1661 1474 1708 poffit
1490 1663 1564 1695 unio
1575 1660 1633 1696 vel
1647 1662 1863 1704 incorporatio
1879 1685 1888 1701 ‚
1910 1660 1982 1704 sive
1995 1663 2096 1696 etiam
2117 1662 2277 1709 separata
2300 1660 2394 1697 illius

324 1708 461 1742 Dotatio
476 1720 485 1740 z
515 1710 595 1742 Tum
611 1718 738 1754 quoque
759 1719 794 1742 eo
809 1707 1001 1751 considerato
1017 1732 1028 1748 ,
1051 1709 1136 1755 quod
1150 1717 1228 1755 pars
1243 1709 1381 1752 adversa
1388 1718 1512 1756 prater
1524 1708 1670 1755 allegata
1678 1709 1759 1754 jura
1774 1733 1783 1748 ‚
1813 1708 1920 1743 nullas
1946 1707 2029 1744 alias
2049 1707 2153 1754 justas
2167 1735 2177 1751 ‚
2204 1710 2374 1757 legitimas
2386 1733 2398 1750 ‚

319 1753 485 1801 juridicus
498 1759 542 1793 Θ
559 1754 770 1791 rationabiles
790 1756 832 1789 ad
845 1756 990 1801 effellum
1006 1757 1227 1803 impugnanda
1246 1759 1289 1793 Θ
1304 1758 1509 1803 impedienda
1527 1757 1756 1803 predictorum
1783 1760 1927 1791 'Patrum
1943 1759 2173 1804 capucinorum
2189 1758 2399 1803 fundationis

325 1802 456 1845 adferat
466 1804 598 1847 causan
623 1804 695 1837 Ideo
708 1815 750 1838 ex
763 1803 867 1839 bis&
883 1803 960 1837 aliis
984 1803 1165 1839 rationibus
1189 1805 1308 1849 injure
1324 1803 1559 1848 resultantibus
1577 1805 1671 1851 pium
1696 1804 1806 1841 zelum
1829 1807 1872 1841 Θ
1891 1805 2072 1847 salutarem
2100 1807 2310 1842 intentionem
2332 1812 2410 1843 Do·-

324 1852 483 1886 minorum
495 1852 713 1887 fundatorum
734 1851 795 1886 bac
819 1852 852 1885 in
860 1859 959 1897 parte
966 1852 1188 1897 promovendo
1204 1877 1213 1892 ‚
1238 1860 1277 1886 ut
1290 1852 1378 1886 tantb
1400 1854 1503 1899 magis
1515 1852 1625 1887 Cultus
1638 1854 1779 1888 Divinus
1805 1861 1966 1898 augeatur
1979 1878 1989 1894 ,
2023 1852 2168 1903 &salus
2190 1855 2398 1889 animarum..

323 1899 469 1942 crefiat,
493 1898 672 1943 consensum
684 1899 927 1946 &petitionem
942 1907 1053 1945 partis
1068 1899 1305 1935 catholicorum
1322 1901 1413 1936 Fidei
1428 1906 1575 1946 Romana
1587 1901 1713 1944 admisit
1729 1925 1740 1941 ‚
1764 1904 1807 1938 Θ
1823 1899 2020 1947 approbavit
2034 1925 2044 1935 .
2071 1902 2301 1950 oppositionem
2319 1900 2401 1939 vero

327 1949 571 1982 communitatis
592 1947 701 1993 partis
713 1947 977 1982 Lunberanorum
994 1956 1149 1994 tanquam
1158 1947 1323 1990 frivolam
1336 1971 1347 1987 ‚
1377 1946 1667 1991 &frustraneam,
1693 1949 1842 1995 nullique
1858 1949 2070 1991 fundamento
2094 1953 2284 1985 innitentem
2319 1949 2399 1996 reji-

314 1996 465 2042 ciendam
480 1994 538 2041 effe
562 1995 688 2034 duxit,
711 1998 755 2031 Θ
771 1994 908 2040 rejecit,
931 2007 969 2028 ac
994 2008 1032 2031 ea
1047 2007 1106 2031 non
1121 1994 1283 2037 obstante,
1305 1998 1495 2043 caeterisque
1519 1997 1552 2030 in
1582 2005 1782 2031 contrarium
1803 1995 1973 2042 quibusvis
1988 2021 1998 2038 ,
2028 1999 2198 2044 pradib‘t‘os
2225 1997 2402 2046 Religiofhs

322 2046 400 2077 ῬῬ.
418 2045 588 2090 capucinos
602 2042 732 2077 Ordinis
757 2048 790 2077 S.
806 2044 970 2086 Franz-isti
989 2043 1147 2091 perpetuo
1164 2044 1365 2086 fundandus,
1393 2048 1436 2082 Θ
1462 2045 1504 2077 ad
1513 2045 1705 2090 praedibtam
1722 2043 1884 2090 Capellam
1905 2054 1965 2090 pro
1992 2045 2062 2091 ipsis
2076 2046 2270 2092 designatam
2283 2070 2294 2086 ,
2324 2051 2397 2081 tan·

318 2099 418 2137 quam
430 2091 534 2126 locum
544 2091 742 2126 commodum
752 2115 762 2131 ‚
774 2102 846 2125 cum
863 2091 984 2127 debitis
1002 2096 1047 2130 Θ
1060 2092 1171 2136 Jblitis
1186 2092 1457 2128 solemnitatibus
1472 2092 1716 2127 introducendos
1732 2095 1776 2128 Θ
1791 2093 1824 2126 in
1834 2091 2043 2138 poffeffionem
2061 2094 2282 2128 immittendos
2297 2118 2308 2134 ,
2331 2093 2404 2136 coll·

318 2149 382 2184 que
396 2140 641 2174 manutenendos
664 2142 707 2174 Θ
720 2139 970 2182 confi‘rvandos,
996 2153 1067 2175 cum
1084 2153 1193 2176 eorum
1218 2139 1451 2186 Succeffbribus
1464 2164 1474 2179 ,
1501 2137 1613 2179 christi
1630 2141 1778 2186 ‘Nomine
1797 2141 1949 2175 invocato
1961 2165 1971 2181 ,
1999 2142 2165 2180 decrevit,
2185 2143 2238 2175 uti
2267 2143 2407 2189 quidem,

313 2186 428 2230 salvis
461 2189 504 2223 Θ
532 2188 670 2233 integris
686 2185 824 2231 juribus
843 2211 853 2227 ‚
883 2191 926 2224 Θ
958 2189 1104 2225 omnibus
1131 2189 1323 2236 privilegiis
1355 2189 1505 2225 Civitatis
1531 2185 1767 2234 Neosiadiensis
1791 2212 1802 2228 ,
1838 2189 2044 2235 omniumque
2073 2187 2228 2225 Tribuum
2251 2214 2262 2231 ,
2301 2189 2404 2233 sicuti

321 2237 366 2270 Θ
379 2237 494 2270 Partis
515 2235 659 2278 adversa
680 2236 712 2268 in
725 2233 872 2270 omnibus
886 2239 930 2273 Θ
975 2250 1010 2272 er
1033 2237 1139 2272 omnia
1166 2238 1344 2281 reservatis
1363 2236 1532 2275 decrevit,
1561 2235 1741 2282 literasque
1761 2237 1931 2271 erectionis
1943 2239 1986 2272 Θ
1995 2237 2200 2278 fundationis
2213 2235 2397 2282 hujusmodi

321 2283 356 2316 in
361 2282 473 2325 forma
479 2283 569 2330 juris
581 2283 684 2327 fielita
695 2284 912 2319 extradendas
923 2247 981 2330 effe
996 2287 1169 2321 mandavit
1182 2309 1193 2326 ,
1222 2286 1282 2320 bac
1291 2285 1353 2329 fita
1369 2284 1534 2328 fi‘ntentia
1553 2284 1595 2317 ad
1600 2280 1759 2331 praemiffa
1781 2284 1942 2318 mediante
1953 2309 1964 2324 ,
1993 2295 2092 2330 quam
2118 2284 2250 2330 quidem
2257 2285 2390 2327 senten·

325 2331 408 2421 tist
421 2335 508 2367 ‘Pars
523 2333 662 2375 adversa
676 2332 863 2378 acceptavit
873 2357 884 2373 ‚
908 2346 946 2369 ac
950 2333 1023 2377 fi'fi’
1038 2332 1190 2378 submisit
1202 2358 1213 2375 ‚
1241 2346 1298 2369 nee
1312 2331 1716 2381 aliquambpraetenfionem
1730 2356 1741 2372 ,
1769 2343 1826 2366 nec
1841 2329 1911 2366 ulla
1937 2331 2167 2379 appellationis
2178 2330 2305 2373 fatalia
2323 2331 2389 2376 sibi

325 2390 363 2414 re
380 2381 541 2414 ervando.

420 2427 639 2471 Praesentibus
651 2435 728 2462 tunc
742 2428 1010 2470 Perillustribus,
1042 2433 1086 2467 Θ
1099 2432 1288 2467 Admodum
1302 2430 1498 2478 Reverendis
1509 2429 1654 2464 Dominis
1665 2429 1846 2464 Gottbardo
1858 2429 2022 2472 Francisco
2040 2428 2260 2475 Scbaffigotfib
2277 2453 2287 2469 ,
2319 2435 2396 2465 can·

322 2482 394 2510 tore
407 2473 675 2518 Wratislaviensi
682 2499 693 2515 ‚
717 2478 844 2519 ‘Joanne
866 2480 1031 2523 Francisco
1045 2479 1220 2524 Wilczek‚
1248 2478 1444 2514 cancellario
1456 2476 1724 2520 Wratislaviensi
1735 2501 1744 2516 ‚
1768 2476 2039 2513 Archi-Diacono
2055 2475 2234 2526 Oppoliensi
2245 2501 2255 2516 ,
2291 2484 2396 2512 Deca-

323 2535 364 2558 no
377 2521 609 2617 Ιζςιηῦζονίεηβ,
636 2527 680 2560 Θ
709 2525 842 2558 Adamo
866 2526 1033 2562 Heltzelio
1056 2527 1205 2562 Canonico
1227 2529 1270 2563 Θ
1294 2525 1443 2561 Parocbo
1458 2522 1621 2574 Riffi’nsi,
1652 2524 1792 2571 aliisque
1813 2521 1912 2571 queim
1932 2525 2090 2573 plurimis
2117 2522 2256 2565 restibus
2283 2527 2394 2564 circa,

323 2573 442 2619 praemi
465 2582 485 2605 a
507 2575 580 2609 &a

419 2626 469 2655 Ex
481 2620 564 2702 aigs
579 2621 748 2663 causarum
761 2622 936 2665 Curiaesuae
949 2624 1155 2665 serenitatis,
1168 2623 1372 2672 Episcopatus
1385 2618 1747 2667 Wratislaviensis,sub
1761 2619 1879 2670 sigillo
1892 2619 2032 2671 ejusdem
2047 2624 2078 2658 in
2089 2621 2187 2664 sidem
2210 2619 2390 2668 pramiffit-

329 2679 403 2705 rum
419 2676 515 2705 extra
550 2680 605 2704 um
618 2692 627 2702 .

329 2830 331 2836 A
373 2788 480 2824 Anno
499 2786 652 2835 sequenti
666 2787 767 2833 ¹654.
793 2790 837 2826 ad
856 2788 1058 2836 capiendum
1075 2801 1139 2838 pro
1157 2791 1268 2839 primo
1279 2793 1476 2830 Conventa
1500 2790 1624 2828 Silena
1645 2790 1679 2825 in
1693 2789 1852 2826 civitate
1880 2788 2115 2826 Neostadienfi
2147 2790 2262 2826 locum
2273 2763 2396 2837 Copu-

328 2835 427 2873 cinos
439 2835 725 2883 introducijussit
737 2837 974 2875 Serenissimus
986 2839 1167 2887 Princeps,
1181 2841 1336 2878 Carolus
1357 2836 1617 2882 ferdinandus,
1638 2837 1733 2875 fimul
1750 2838 1920 2875 Dominus
1938 2837 2139 2885 temporalis
2151 2862 2166 2884 ,
2187 2837 2224 2874 &
2254 2838 2398 2887 Episco-

329 2895 395 2932 pus
408 2885 501 2922 iuius
513 2884 878 2933 Civitatis‚dip10mate
895 2886 1046 2936 sequenti
1058 2901 1069 2925 ε

467 3005 639 3055 Carolus
656 3006 695 3054 F
695 3007 935 3056 erdinandus
948 3044 964 3068 ,
1000 3007 1086 3057 Dei
1099 3007 1260 3059 Gratia
1286 3009 1476 3075 Princeps
1496 3008 1675 3059 Poloniae
1694 3042 1711 3066 ,
1729 3012 1784 3056 ἔθ’
1806 3007 1974 3058 Sveciae'
1988 3042 2004 3067 ,
2034 3005 2263 3073 Epifiopus

603 3074 987 3146 Wratislavietfis‚
1005 3081 1059 3128 Θ
1072 3078 1294 3149 Plocenst's,
1307 3081 1417 3131 Dux
1434 3078 1688 3147 Oppoliensi-s
1701 3079 1755 3127 (9⁶
1771 3075 2116 3146 ‘Ratiborienfis-

326 3201 444 3246 Adm.
461 3206 690 3248 Reverendis
703 3208 922 3249 Wenceslao
949 3211 1097 3250 simoni
1128 3209 1291 3252 Lacbnit
1317 3211 1475 3252 Decano
1494 3234 1509 3258 ,
1535 3208 1583 3257 (ς’
1606 3207 1873 3265 Commssario
1898 3207 2029 3265 nostro
2056 3209 2098 3248 in
2106 3202 2396 3265 spiritualibus

612 3265 784 3323 Ntffl’nst'
792 3292 805 3315 a
834 3270 1022 3309 Canonico
1037 3267 1359 3323 Wratislavicnsi
1368 3297 1381 3320 ,
1403 3267 1457 3318 ὠ·
1475 3269 1625 3311 Adamo
1643 3269 1875 3320 Hieronymo
1892 3266 2084 3310 Ho'ltzelio
2095 3291 2111 3315 2

692 3324 867 3382 Ecclesiae
883 3325 1125 3370 cathedralis
1141 3325 1478 3383 Wratislaviensis
1495 3354 1510 3378 ,
1533 3326 1581 3374 θ’
1606 3326 1833 3381 collegiatae
1846 3324 2031 3383 Nffinsts

932 3388 1122 3428 canonico
1146 3415 1161 3439 ‚
1203 3385 1321 3429 Nobis
1352 3389 1394 3428 in
1422 3384 1577 3444 Christo
1615 3384 1793 3435 duelies,

1135 3446 1311 3489 Salutem
1332 3443 1375 3489 in
1400 3447 1594 3488 Domino.
1805 3448 1807 3451 ’

422 3572 613 3619 NJveritis,
625 3578 703 3623 quia
717 3577 794 3623 Nps
799 3582 861 3622 pro
868 3582 979 3621 parte,
992 3577 1037 3617 Θ
1050 3576 1092 3610 ad
1101 3574 1285 3617 instantiam
1298 3584 1366 3611 tam
1380 3574 1453 3621 1(ξῖιί
1462 3574 1642 3617 D.70annis
1653 3569 1855 3622 Baltbafizris
1868 3570 1978 3606 Liescb
1991 3569 2030 3606 de
2045 3574 2176 3606 Hornau
2191 3570 2203 3610 ξ
2222 3565 2390 3624 Suffiaga-

328 3620 381 3658 nei
392 3619 509 3662 nostri,
534 3623 577 3657 Θ
589 3623 759 3660 ambarum
773 3622 984 3667 Ecclesiarum
1004 3623 1206 3659 Cathedralis
1232 3629 1265 3658 S.
1278 3625 1416 3669 ‘Joannis
1428 3647 1440 3664 ,
1463 3625 1507 3660 Θ
1531 3620 1714 3667 Collegiatoe
1735 3623 1767 3654 S.
1779 3618 1884 3654 Crucis
1902 3616 2068 3664 ‘Prapossti
2090 3615 2391 3660 wratislaviensis,

351 3666 427 3705 uam
442 3670 541 3704 etiam
555 3672 702 3715 Generosi
713 3678 751 3706 D.
768 3672 903 3719 Georgii
915 3671 1142 3708 Maximiliani
1158 3673 1287 3708 Comitis
1297 3674 1335 3707 de
1350 3673 1486 3711 waitz,
1498 3668 1661 3717 Capsum}
1673 3664 1770 3708 nostrl
1783 3667 1928 3702 Pr⁰v1⁶nc
1930 3665 2007 3701 1'021'5
2022 3672 2207 3702 Ducatuum
2223 3665 2393 3712 Oppolien-

320 3681 365 3763 ἧς
372 3741 395 3760 ,,
406 3721 451 3755 Θ·
465 3716 692 3777 Ratiboriensis
703 3744 714 3759 ,
722 3718 870 3762 servatis
883 3721 903 3755 d
907 3733 923 3755 e
938 3717 1018 3766 jure
1036 3721 1211 3765 servandis
1221 3745 1232 3762 ,
1257 3724 1300 3759 Θ
1318 3718 1482 3769 priemiffi's
1500 3716 1737 3765 praemittendis
1747 3739 1758 3756 ‚
1786 3713 1950 3762 Religiosis
1974 3719 2049 3748 PP.
2072 3716 2234 3762 Capucim's
2261 3713 2390 3748 Ordinis

324 3768 362 3803 S.
373 3768 533 3811 francisci
544 3768 727 3803 strictioris
737 3766 958 3815 observantia
972 3777 1098 3804 certum
1119 3768 1224 3805 locum
1239 3795 1248 3811 ,
1272 3771 1428 3806 nimirum
1443 3766 1602 3815 Capellam
1615 3765 1657 3799 ad
1671 3764 1846 3816 (ivitatem
1907 3761 2128 3806 &stadiensem
2142 3775 2213 3798 cum
2229 3767 2397 3816 perpetu?¹

323 3813 435 3852 ¹eorum
446 3815 639 3860 fundatione
652 3818 685 3861 in
695 3815 826 3859 Dioecesi
837 3814 940 3858 nostra
950 3814 1220 3863 wratislaviensi
1229 3817 1455 3866 affignavimus
1467 3841 1478 3856 ‚
1505 3813 1650 3862 ipsiesque
1662 3824 1732 3848 cum
1742 3812 1814 3856 suis
1821 3812 1897 3857 Juri
1921 3821 1957 3845 us
1967 3816 1982 3852 ‚'
2001 3811 2192 3859 privilegiis
2205 3815 2216 3852 ,
2238 3812 2392 3891 imtmpni-

2294 3867 2313 3889 a
2331 3867 2342 3889 ι
