2638 4204
476 242 652 351 284
1187 233 1759 319 Provincia

394 374 542 415 tolerare
554 369 764 412 conscientia
776 369 962 419 remorsum
970 369 1188 407 inducuntur
1204 391 1211 399 -
1240 364 1312 414 Etsi
1318 367 1408 402 enim
1422 367 1467 401 ad
1480 364 1743 402 Cathedralium
1754 387 1766 407 ,
1787 363 1830 405 ὼ·
1845 359 2116 408 collegiatarum
2130 362 2347 415 Eeclefiarum
2366 367 2468 408 bene·

387 424 475 475 ficia
491 414 641 472 aspiraie
676 418 784 470 effunt
797 441 809 461 ‚
834 429 950 456 tamen
967 431 1073 467 neque
1083 417 1232 453 omnium
1241 417 1332 451 ratio
1345 439 1357 458 ‚
1372 414 1572 462 animusque
1578 414 1655 462 fert
1668 437 1680 456 ‚
1693 423 1734 449 ut
1748 412 1960 461 Ecclesiasiici
1970 410 2064 459 fiant
2076 436 2088 455 ‚
2103 424 2208 460 neque
2219 416 2321 451 etiam
2333 417 2464 467 itasta-

394 476 459 511 tim
468 497 478 515 ,
505 469 604 519 quam
617 467 643 501 il
675 479 752 503 rum
766 479 819 503 res
831 467 998 517 postulant
1011 492 1023 511 ,
1039 469 1076 502 in
1095 464 1250 514 Ecclefias
1261 465 1499 501 admittuntur
1512 486 1523 505 ,
1537 475 1597 499 nec
1610 462 1674 512 nist
1684 463 1766 498 bene
1776 463 1912 509 probati
1930 461 2070 497 admitti
2081 461 2205 499 debent
2223 485 2233 496 .
2258 462 2372 502 Etiam
2388 478 2464 504 cum

395 519 523 567 recepti
536 517 670 562 fuerint
683 539 695 557 ‚
719 516 917 564 priusquam
933 515 1167 563 beneficiorum
1168 514 1310 562 suorum
1315 512 1453 561 fruflus
1460 513 1634 561 percipere
1650 522 1713 561 per
1727 510 1947 559 Ecclesiarum
1959 509 2047 557 leges
2053 508 2189 560 poffunt
2204 531 2217 552 ,
2241 511 2358 551 multis
2383 525 2461 553 cum

395 566 651 620 difficultatibus
664 562 787 599 laetari
798 576 851 600 eos
866 573 1013 612 oportet.

493 616 633 652 Demum
645 611 814 657 opulentos
828 610 973 650 Nobiles
983 637 996 656 ,
1019 621 1122 660 atque
1133 610 1274 659 copiosos
1288 618 1491 646 mercatores
1501 608 1588 660 istud
1597 619 1712 647 terret
1721 634 1732 652 ,
1759 608 1849 656 quod
1858 606 2001 653 observd
2004 616 2090 644 runt
2099 606 2159 653 sui
2162 605 2288 655 similes
2300 609 2339 644 ob
2348 621 2460 650 muta-

396 675 465 704 tam
478 662 672 708 religionem
687 660 703 696 ὲ
718 660 910 698 ditionibus
925 663 1135 709 Principum
1145 660 1285 706 suorum
1294 657 1495 707 profligatos
1510 682 1522 701 ‚
1550 669 1612 695 aut
1627 668 1700 695 tum
1715 685 1724 699 ,
1749 667 1790 694 ut
1803 656 1948 705 injuriis
1974 655 2018 696 ὼ·
2047 656 2221 692 violentia
2246 657 2460 708 adversario.

394 725 471 750 rum
482 712 637 748 cederent
647 732 659 751 ‚
684 718 756 746 tum
767 735 779 753 ,
793 719 833 746 ut
846 711 1055 757 conscientia
1066 735 1077 754 ,
1095 708 1272 758 salutique
1285 707 1498 755 consulerent
1514 738 1515 742 ,
1536 706 1703 743 ὀθνείὶξῖἱε
1720 706 1840 753 praedae
1849 705 2064 741 inimicorum
2075 729 2086 747 ‚
2102 714 2164 741 aut
2173 704 2264 741 certe
2276 717 2341 741 non
2350 715 2458 754 parvo

398 773 473 797 cum
487 757 659 807 dispendio
667 757 837 840 ldisirafiis
851 759 950 793 rebus
956 758 1033 806 suis
1044 783 1057 804 ,
1082 757 1222 796 exulare
1232 757 1354 792 coaetos
1365 780 1377 800 ,
1397 755 1568 805 paulatim
1586 755 1632 792 ad
1642 755 1819 806 egestatem
1831 754 1945 802 redigi
1969 777 1982 797 ,
2008 753 2051 794 ἀγ
2065 751 2262 802 difficillimi
2269 753 2309 803 se
2313 755 2458 805 suosque

418 820 454 844 ro
464 809 499 844 di
527 808 664 843 nitatea
680 818 736 842 ere
769 818 784 841 o
811 818 829 842 e
839 831 847 839 .

390 816 415 857 p
491 821 688 903 {aquejam
701 803 829 891 nessfft
842 854 968 890 mirum
983 854 1042 906 effe
1061 856 1160 892 debet
1171 879 1183 898 ‚
1210 866 1272 891 cur
1284 854 1323 889 in
1337 855 1440 890 tanta
1455 853 1638 892 Catholicae
1652 850 1823 890 Veritatis
1845 852 1919 889 luce
1937 860 2008 889 tam
2025 851 2129 899 pauci
2144 862 2185 889 ex
2199 851 2311 902 barela*
2319 863 2470 890 conver-

393 915 520 943 tantur
532 928 542 939 .
568 902 693 938 Saeculi
706 904 795 939 enirn
800 900 999 950 sollicitudo
1012 928 1025 948 ,
1049 905 1092 946 ὼ·
1105 904 1271 940 alimonia
1285 914 1394 947 cura,
1419 902 1516 940 velut
1520 903 1629 953 spinae
1645 925 1658 943 ,
1685 902 1787 939 corda
1798 914 1912 939 eorum
1926 900 2071 950 obsident
2096 924 2112 946 ,
2135 899 2156 937 ὰ
2173 902 2297 950 quibus
2309 901 2462 949 semina·-

394 963 467 992 tum
477 955 515 988 in
524 952 568 987 iis
583 950 663 986 ‘Dei
679 951 823 987 verbum
829 949 1022 1000 suffocatur
1040 977 1050 987 .

491 1002 613 1052 Qire
629 1022 641 1042 ‚
654 999 770 1049 siquis
782 998 824 1048 est
869 1000 930 1045 qui
944 998 1015 1036 zelo
1039 999 1171 1035 divina
1182 998 1322 1046 gloriae,
1345 999 1389 1040 ὠ·
1411 999 1567 1050 desiderio
1587 999 1837 1038 lucrandarum
1855 1000 2049 1035 animarum
2075 998 2281 1036 incenditur
2306 1022 2320 1039 ‚
2337 998 2469 1046 pietate

386 1050 455 1099 sua
470 1048 823 1098 digniffimurnfecerit
835 1071 845 1089 ,
870 1045 892 1093 fi
911 1049 951 1082 de
971 1048 1106 1083 ratione
1121 1071 1133 1090 ,
1158 1049 1227 1095 qua·
1241 1047 1351 1098 spinae
1377 1048 1444 1085 illae
1464 1060 1507 1086 ex
1526 1050 1723 1097 misterorum
1741 1049 1869 1085 animis
1889 1047 2013 1086 evelli,
2042 1047 2154 1095 eisque
2178 1047 2335 1097 egestatis
2359 1056 2469 1084 metus

395 1099 483 1135 demi
508 1107 610 1146 queat
621 1121 631 1137 ‚
649 1096 742 1145 serio
766 1096 931 1144 cogitarit
945 1118 958 1139 ‚
981 1107 1056 1132 cum
1070 1095 1160 1145 apud
1179 1095 1382 1144 prophetam
1400 1099 1580 1147 pracipiat
1593 1099 1699 1136 ‘Deus
1727 1109 1740 1138 ;
1771 1098 1911 1134 Novate
1934 1096 2037 1133 vobis
2061 1098 2187 1133 novale
2201 1123 2210 1139 ,
2239 1103 2272 1135 &
2291 1097 2404 1132 nolite
2420 1095 2467 1133 se.

397 1158 470 1183 rere
490 1148 524 1182 su
552 1147 606 1181 eri
636 1146 705 1182 inas
721 1177 731 1185 ,

501 1160 571 1232 ‘Ec
595 1158 711 1230 ni'ultis
734 1193 867 1240 quidem
876 1191 1140 1242 prudentt'ffimls
1153 1217 1164 1234 s
1194 1193 1392 1242 optimisque
1407 1192 1507 1232 Viris
1516 1194 1584 1245 post
1595 1194 1716 1231 varias
1730 1218 1742 1236 ‚
1763 1206 1803 1230 ac
1825 1193 2013 1229 diuturnas
2042 1193 2105 1228 hac
2128 1193 2170 1229 de
2185 1205 2224 1230 re
2237 1192 2437 1230 collationes
2447 1216 2462 1237 ‚

397 1243 632 1280 meditationes
647 1267 657 1283 ‚
681 1254 719 1278 ac
736 1241 995 1278 deliberationes
1016 1265 1027 1284 ‚
1050 1240 1254 1290 utiliffimum
1262 1242 1357 1288 fafiu
1375 1244 1484 1291 visum
1489 1244 1584 1291 fuit,
1587 1244 1619 1292 fi
1630 1245 1656 1280 S
1659 1242 1838 1279 odalitium
1850 1241 2016 1289 quoddam
2028 1263 2041 1283 ‚
2047 1241 2120 1288 five
2130 1241 2416 1289 Confraternitas
2428 1243 2468 1277 in

400 1291 518 1337 aliqua
531 1289 692 1326 nobiliori
705 1300 807 1337 atque
816 1291 1053 1338 opportuniore
1066 1290 1226 1327 Civitate
1240 1291 1434 1328 Germania
1448 1291 1686 1340 institueretur
1701 1316 1713 1332 ‚
1740 1302 1812 1339 qua
1827 1300 1899 1327 tum
1914 1289 2157 1325 convertendis
2171 1288 2340 1326 haereticis
2354 1313 2368 1334 ‚
2391 1299 2464 1327 tum

397 1338 590 1386 colligendis
598 1338 803 1386 eleemosynis
816 1363 826 1381 ,
846 1340 889 1380 (θ’
901 1337 1031 1374 alendis
1048 1338 1222 1388 Conversis
1235 1364 1245 1382 ‚
1249 1339 1282 1387 si
1287 1349 1411 1387 egeant
1423 1364 1436 1383 ‚
1453 1342 1622 1389 &petant
1631 1365 1642 1382 ,
1667 1349 1799 1388 operam
1806 1339 1904 1387 suam
1915 1336 2122 1385 impenderet
2135 1362 2145 1373 .

494 1389 544 1424 Ita
559 1387 780 1435 Sanfiiffimus
794 1389 850 1425 ·D.
863 1387 967 1437 noster
977 1410 990 1431 ,
1015 1388 1061 1423 ad
1071 1399 1166 1435 quem
1175 1389 1321 1423 omnium
1337 1388 1552 1439 Ecclesiarum
1563 1388 1753 1434 sollicitudo
1759 1387 1887 1437 spefiat
1900 1412 1913 1431 ,
1938 1387 1980 1423 de
2005 1385 2059 1421 his
2072 1386 2226 1423 omnibus
2241 1387 2466 1436 informatus,

393 1446 435 1474 ut
444 1438 512 1484 piis
526 1435 775 1472 Catholicorurn
788 1436 957 1486 destderiis
972 1461 983 1480 ,
1005 1436 1048 1478 ἀπ’
1060 1437 1193 1472 muneri
1204 1437 1260 1480 suo
1262 1435 1485 1483 satisfaceret
1496 1462 1508 1482 ,
1535 1438 1682 1476 Colonia
1696 1437 1900 1486 Agrippina
1910 1460 1920 1478 ‚
1947 1437 1985 1471 in
2001 1434 2106 1470 nobili
2121 1434 2182 1470 illa
2206 1435 2374 1484 &santia
2399 1436 2444 1474 Ci
2453 1454 2467 1463 -

394 1486 507 1521 vitate
520 1508 530 1525 ,
555 1495 627 1529 quae
644 1485 824 1521 Catholicae
837 1485 1016 1532 religionis
1024 1485 1062 1519 in
1075 1483 1144 1533 istis
1157 1484 1350 1522 Germania
1374 1487 1536 1531 partibus
1552 1486 1681 1535 asylum
1694 1510 1707 1529 ‚
1732 1497 1850 1521 murus
1865 1509 1877 1528 ‚
1905 1484 1946 1526 (ς’
1964 1483 2176 1520 antemurale
2191 1484 2254 1534 esi.
2276 1483 2441 1522 Fraterni
2451 1503 2467 1512 -

393 1542 497 1570 tatem
511 1534 548 1567 in
561 1531 650 1568 hunc
657 1532 762 1580 finem
776 1533 910 1583 institui
926 1557 938 1575 ,
966 1545 1103 1582 eamque
1123 1533 1227 1570 titulo
1247 1533 1450 1618 amarififfimae
1463 1535 1634 1585 “Paffionis
1649 1533 1818 1582 Crucifixi
1833 1533 1973 1571 Domini
1994 1531 2096 1582 nostri
2109 1530 2196 1581 ‘Jesu
2214 1532 2340 1582 Christi
2361 1531 2455 1580 erigi

394 1582 577 1617 mandavit
591 1605 601 1623 s
625 1590 665 1617 ut
676 1582 881 1631 Confratres
892 1583 1098 1628 respicientes
1113 1584 1146 1618 in
1160 1582 1331 1619 auam-em
1373 1584 1450 1626 dei,
1474 1584 1507 1620 8(
1521 1585 1828 1621 consummatorem
1842 1581 1952 1628 lesum
1967 1604 1978 1623 ‚
2004 1581 2063 1628 qui
2091 1586 2195 1617 talem
2221 1582 2372 1618 sustinuit
2400 1581 2459 1616 ad-

395 1630 526 1665 versum
542 1629 752 1676 semetipsum
766 1630 1071 1668 contradifflonem
1085 1631 1123 1665 in
1133 1630 1264 1680 difficili
1278 1631 1340 1667 illa
1353 1632 1395 1673 ὼ·
1406 1631 1574 1682 laboriosa
1586 1634 1772 1683 provincia
1784 1631 1947 1668 lucrandi
1958 1629 2029 1666 Deo
2055 1629 2188 1665 animas
2202 1630 2295 1680 ipsius
2313 1630 2359 1674 Po
2381 1639 2458 1666 tone

396 1677 582 1723 redemptas
597 1689 665 1714 non
678 1679 816 1724 defatig‘
827 1691 906 1716 mur
916 1679 1035 1715 animis
1045 1678 1263 1717 deficientes:
1291 1679 1356 1716 alii
1375 1692 1457 1717 vero
1470 1694 1579 1719 omnes
1593 1694 1703 1719 amore
1714 1681 1787 1732 ejus
1799 1703 1811 1725 ‚
1834 1681 1894 1729 qui
1911 1688 1974 1728 pro
1995 1678 2067 1728 ipsis
2084 1675 2198 1730 paffus
2209 1704 2219 1720 ,
2246 1681 2343 1716 cruci
2360 1688 2432 1715 >stus
2442 1701 2458 1722 ‚

398 1725 626 1776 mortuusest,
641 1724 1077 1775 Fraternitatemfoveant-
1105 1728 1312 1776 defi-ridant,
1334 1737 1577 1777 promoveant.

491 1774 560 1811 :At
574 1801 583 1813 ,
609 1786 683 1810 cum
696 1787 762 1810 non
776 1777 867 1825 poffit
881 1775 940 1827 effi»
952 1777 1094 1812 dubium
1106 1801 1118 1819 ‚
1129 1778 1214 1825 quin
1228 1778 1395 1814 Diabolus
1409 1802 1421 1821 ‚
1436 1779 1527 1828 quod
1538 1791 1579 1816 ex
1595 1778 1906 1828 Conftaternitatis
1923 1775 2136 1826 institutione
2148 1800 2160 1820 ,
2183 1787 2222 1814 ac
2229 1773 2468 1825 felicisucces-

391 1820 440 1870 su
452 1821 571 1869 ingens
583 1823 741 1858 damnum
757 1848 768 1866 ‚
793 1829 1038 1871 maximamque
1053 1824 1188 1873 plagam
1189 1827 1235 1873 fit
1246 1835 1448 1871 accepturus
1461 1853 1473 1872 ,
1497 1828 1590 1867 nihil
1603 1832 1816 1866 intentatum
1830 1826 2008 1874 relinquet
2019 1850 2029 1866 ‚
2060 1835 2125 1872 quo
2151 1836 2277 1862 omnem
2299 1823 2462 1874 ejusmodi

395 1880 554 1906 conatum
568 1870 731 1917 impediat
745 1873 787 1913 ὼ
797 1874 926 1909 animos
941 1874 1095 1919 alioquin
1107 1883 1274 1922 promptos
1289 1875 1413 1924 objefiia
1426 1877 1775 1927 difficultatisspecie.
1802 1883 1865 1913 aut
1876 1884 2075 1924 quocunque
2088 1872 2154 1909 alio
2170 1874 2262 1910 modo
2280 1873 2463 1911 retardare

397 1918 491 1967 poffit
503 1942 513 1957 ‚
540 1921 804 1978 operaepretium
814 1921 924 1970 visum
933 1923 1012 1972 fuit
1024 1920 1250 1970 infirmiorum
1262 1926 1389 1961 animos
1403 1936 1524 1963 contra
1534 1929 1728 1977 pracipuas
1739 1924 1961 1976 difficultates,
1971 1934 2044 1972 quae
2059 1922 2162 1958 obiici
2167 1921 2252 1974 poffe
2265 1924 2431 1959 videntur
2444 1942 2459 1965 ‚

421 1978 603 2004 raemunlre
613 1994 622 2004 ι

393 1973 419 2014 p
495 2016 650 2052 Primum
661 2028 728 2052 non
741 2017 887 2056 deerunt
900 2043 911 2062 ‚
936 2021 1060 2070 quibus
1072 2031 1125 2057 res
1137 2029 1238 2058 tanta
1252 2021 1432 2060 videbitur
1445 2048 1457 2067 ,
1482 2033 1681 2072 tantamque
1694 2023 1872 2071 requirere
1883 2020 2154 2069 magnitudinem
2166 2020 2366 2071 sumptuum
2382 2042 2396 2064 ‚
2420 2027 2463 2056 ut

397 2064 500 2100 rebus
509 2065 547 2100 in
563 2065 750 2101 Germania
753 2066 799 2117 fic
806 2066 978 2115 stantibus
988 2094 1000 2113 ,
1025 2078 1130 2116 atque
1143 2067 1230 2117 hisce
1239 2070 1411 2108 homnium
1419 2074 1569 2109 moribus
1583 2073 1676 2110 nullo
1690 2072 1782 2108 modo
1785 2071 1974 2121 substinere
1986 2078 2088 2117 queat
2101 2094 2111 2104 ·

493 2115 554 2149 Ad
566 2112 632 2149 hac
645 2138 658 2158 ,
672 2123 846 2162 utcunque
850 2117 1000 2167 subsistat
1012 2141 1025 2161 ,
1051 2119 1323 2163 extimescendam
1337 2116 1396 2169 effe
1398 2122 1565 2171 finisiram
1578 2133 1643 2157 non
1653 2119 1752 2168 vulgi
1764 2120 1856 2156 modo
1870 2144 1882 2163 ‚
1888 2118 1950 2162 sed
1968 2119 2010 2158 (θ’
2028 2118 2233 2164 Magnetum
2246 2114 2462 2165 quorundam

383 2159 609 2245 supilqionem
620 2185 632 2205 ,
658 2163 994 2213 quafisubpraetextu
1006 2165 1198 2214 Religionis
1213 2178 1265 2202 res
1274 2166 1420 2215 politica.-
1429 2170 1620 2208 traiientur
1633 2194 1646 2215 ,
1659 2179 1722 2207 aut
1727 2170 1908 2218 privatum
1923 2166 2124 2203 commodum
2137 2190 2151 2210 2
2175 2175 2239 2204 aut
2253 2167 2362 2216 ¹²0s01‘0
2374 2163 2460 2213 qua

393 2221 415 2246 a
430 2221 467 2246 tu
501 2218 628 2257 agatur
638 2234 649 2246 .
2445 2223 2448 2226 .

492 2258 666 2317 Praeterea
684 2258 780 2358 illlios,
802 2263 926 2310 quibus
937 2263 1119 2302 Catholicae
1131 2264 1294 2302 veritatis
1306 2264 1368 2303 lux
1382 2266 1522 2318 affulget
1536 2293 1546 2309 ‚
1570 2267 1690 2304 debere
1709 2264 1801 2303 ultro
1804 2265 1910 2314 fidem
1922 2263 2026 2312 suam
2037 2263 2218 2314 profiteri,
2241 2275 2349 2314 neque
2363 2261 2462 2311 quie·

389 2317 490 2355 quam
503 2316 633 2343 terrers
651 2321 669 2343 e
692 2320 709 2344 e
735 2318 790 2346 ate
802 2335 813 2346 .

489 2355 654 2403 ltemfi’re
665 2321 691 2399 ξ
703 2367 743 2394 ut
761 2359 861 2397 multi
864 2359 959 2408 fiant
975 2361 1147 2399 Catholici
1180 2363 1267 2400 olum
1271 2372 1410 2413 propter
1425 2363 1519 2414 offltm
1530 2389 1542 2408 ‚
1568 2363 1753 2406 &lucrum
1765 2385 1775 2397 .

485 2402 628 2461 Demum
635 2407 873 2461 conversionem
888 2408 975 2446 hanc
993 2435 1004 2453 ‚
1018 2423 1118 2458 quam
1161 2414 1380 2450 raternitatis
1393 2414 1562 2463 institutio
1571 2413 1748 2460 promittit
1757 2435 1770 2456 ,
1795 2423 1862 2448 non
1871 2409 1967 2449 tanti
1982 2409 2140 2446 momenti
2149 2422 2160 2451 ς
2186 2409 2302 2457 potius
2321 2409 2362 2446 de
2378 2421 2459 2447 eort-

393 2451 571 2487 vertendts
587 2452 810 2509 Pirmcipibus
822 2481 832 2498 ‚
858 2469 940 2504 quos
954 2468 1067 2505 nempe
1079 2459 1142 2495 alii
1143 2461 1341 2508 sequuntur
1357 2486 1369 2504 ‚
1393 2461 1621 2498 laborandum
1637 2459 1696 2510 effe
1706 2486 1716 2496 .
1961 2474 1965 2477 ¹
2044 2473 2048 2476 ·

488 2499 545 2554 ‘Ad
562 2509 704 2544 ptumum
716 2503 806 2556 ‘lum
822 2507 952 2541 attinet
964 2533 972 2546 ,
989 2508 1119 2544 norunt
1130 2520 1239 2545 omnes
1249 2510 1299 2555 pii
1314 2509 1508 2553 Catholici,
1525 2519 1588 2545 aut
1604 2507 1731 2560 noviffe
1741 2509 1865 2546 debent
1878 2534 1888 2551 ‚
1898 2507 2019 2555 parvis
2028 2506 2186 2542 inchoari
2195 2507 2310 2545 initiis
2323 2531 2336 2551 ,
2351 2507 2461 2555 iisque

392 2545 514 2603 arfllm
524 2569 536 2587 ¹
563 2555 665 2603 atqu?
677 2550 856 2595 e“surgere
866 2553 905 2586 ¹7²
919 2551 1029 2589 altum
1039 2578 1050 2595 .
1078 2566 1198 2592 verum
1210 2556 1269 2607 effe
1273 2557 1404 2605 signum
1416 2560 1546 2595 divinae
1562 2560 1753 2594 vocationis
1766 2583 1778 2601 ,
1806 2558 1849 2600 ὠ·
1873 2555 2115 2593 henedifiionis
2131 2556 2273 2594 ¹dicente
2286 2555 2438 2607 Apostolo
2451 2570 2461 2590 =

393 2593 526 2650 Vnde-te
541 2604 763 2651 vqcatnonem
782 2599 926 2634 vestram
943 2600 1097 2639 fratres:
1121 2615 1185 2651 qua
1207 2616 1275 2640 non
1297 2608 1391 2642 multi
1407 2607 1571 2653 sapientes
1585 2607 1767 2643 secundum
1788 2617 1923 2643 carnem
1935 2628 1948 2647 ‚
1972 2616 2038 2640 non
2054 2605 2152 2641 multi
2172 2616 2335 2651 potentes
2348 2629 2359 2649 ,
2386 2615 2458 2640 non

395 2644 495 2679 muln
511 2642 646 2678 nobnlcs
662 2655 672 2680 :
699 2645 753 2701 sqd
766 2658 841 2693 quae
853 2648 951 2684 stulta
965 2648 1037 2685 sunt
1047 2653 1167 2687 mundi
1182 2655 1285 2698 etegit
1304 2655 1399 2692 Deus
1416 2681 1425 2695 ‚
1439 2667 1474 2691 ut
1486 2655 1675 2692 confundat
1689 2656 1858 2701 sapientes
1872 2666 1881 2689 ε
1895 2655 1929 2691 8(
1940 2652 2075 2691 infirma
2089 2654 2206 2689 mundi
2223 2654 2331 2699 elegit
2349 2656 2461 2696 Deus,

391 2701 431 2726 ut
452 2690 639 2726 confundat
655 2691 779 2729 forna:
801 2695 1020 2751 Etjgnobih'a
1038 2702 1176 2743 mundi,
1188 2702 1220 2737 8(
1234 2704 1504 2750 contemptibilia
1519 2706 1620 2747 elegit
1640 2707 1735 2740 Deus
1748 2728 1760 2747 ‚
1775 2704 1809 2739 &
1820 2717 1873 2746 ea,
1888 2713 1962 2752 quae
1975 2715 2042 2738 non
2057 2702 2130 2738 suns
2142 2725 2154 2744 ,
2172 2712 2207 2737 ut
2218 2715 2272 2744 ea,
2284 2714 2357 2749 quae
2369 2704 2461 2746 runt,

395 2738 604 2796 dqstrpefett
633 2747 670 2795 ut
685 2751 751 2798 pon
761 2744 929 2787 gtonerus
939 2747 1050 2781 omnis
1061 2759 1142 2784 caro
1155 2749 1188 2784 in
1200 2751 1382 2797 conspeetu
1396 2753 1470 2800 ejus
1487 2778 1497 2789 .
1530 2750 1627 2790 Nam
1649 2753 1691 2794 ὼ·
1718 2754 1806 2800 lapis
1827 2752 1982 2789 abscsffus
2006 2753 2046 2788 de
2072 2757 2190 2787 monte
2213 2751 2278 2787 fine
2293 2750 2459 2788 manibus

391 2797 563 2844 ΡΠΏΕξΡξΟ
579 2797 791 2847 Ρὲῐθξίῐὲυυξ
804 2817 813 2832 ‚
843 2790 952 2829 sanstus
966 2795 1013 2830 est
1027 2807 1122 2832 mons
1135 2809 1300 2842 magnus,
1327 2801 1360 2836 8(
1385 2801 1544 2848 implevit
1571 2802 1761 2838 universam
1789 2813 1930 2838 terram:
1955 2803 1987 2835 3<
2005 2801 2166 2836 Granum
2182 2801 2311 2848 sinapis
2328 2825 2339 2842 ‚
2360 2800 2458 2847 quod

396 2835 443 2870 ⁸st
458 2846 630 2870 nummum
656 2849 688 2871 tn
701 2839 857 2894 qmmbqs
871 2840 1195 2899 seminibuq,faflum
1205 2846 1249 2897 est
1259 2848 1358 2882 arbor
1370 2861 1504 2894 magna.
1517 2851 1704 2887 extendens
1725 2851 1877 2896 palmites
1892 2850 1969 2886 suos
1986 2848 2091 2896 usque
2104 2849 2146 2885 ad
2166 2861 2275 2891 mare,
2293 2849 2327 2885 &
2343 2850 2450 2897 usque

399 2884 440 2919 ³¹³
454 2884 577 2941 flumen
587 2894 793 2945 P'70928'Pes
805 2899 898 2934 eJUS=
929 2890 1068 2939 Ecclcssa
1081 2917 1092 2933 ‚
1117 2894 1257 2942 inquam
1270 2917 1281 2938 ,
1308 2897 1389 2932 ‘Dei
1399 2908 1440 2934 ex
1452 2899 1601 2933 minimis
1615 2899 1732 2934 initiis
1747 2923 1758 2941 ‚
1780 2900 1819 2933 in
1841 2910 1913 2935 eam
1932 2899 2088 2934 excrevit
2103 2921 2116 2941 ‚
2141 2897 2317 2946 duratque
2330 2895 2453 2946 ampli·-

392 2931 548 2987 tudtnem
559 2955 572 2974 ,
599 2943 635 2966 ut
651 2934 841 2994 dommetpr
856 2939 875 2972 ὲ
891 2940 974 2974 mari
990 2941 1093 2995 psqne
1106 2943 1147 2977 ad
1166 2955 1255 2980 mare
1273 2967 1283 2984 2
1302 2945 1336 2980 8(
1351 2949 1369 2980 ὲ
1381 2947 1517 2983 flumine
1533 2948 1635 2993 usque
1650 2947 1689 2982 ad
1705 2947 1867 2984 terminos
1881 2947 1975 2983 orbis
1989 2956 2151 2983 testarum
2165 2969 2179 2989 ,
2203 2948 2390 2994 meritoque
2410 2955 2451 2980 ac

390 2979 472 3015 ver?
486 2980 646 3021 dicatur,
672 2993 712 3016 ac
724 2984 846 3021 audiat
859 2986 1058 3025 Catholuca.
1079 2989 1220 3041 Qdfi
1224 2993 1336 3040 igitur
1349 2994 1497 3031 membra
1516 3007 1582 3030 non
1607 2995 1754 3032 debeant
1777 2993 1836 3045 effe
1848 2995 1993 3031 alterius
2013 3004 2147 3032 natura
2160 3018 2173 3038 ‚
2198 2993 2300 3044 quam
2313 2995 2457 3031 univer·

382 3027 462 3075 sum
475 3036 594 3086 “Orlffu'f
609 3052 615 3063 ·
634 3028 932 3085 sperandumsane
941 3035 1086 3083 esifbre.
1111 3049 1153 3075 ut
1166 3038 1384 3078 Frater-nitas
1402 3042 1483 3085 haec,
1497 3043 1562 3092 quo
1573 3045 1762 3080 minoribus
1777 3047 1820 3087 ὼ·
1829 3043 2068 3080 humilioribus
2083 3046 2221 3091 exurgit
2241 3043 2428 3092 principiis
2438 3064 2454 3086 ‚

390 3074 450 3112 hoc
461 3087 567 3133 magis
578 3088 617 3133 in
629 3080 837 3128 immensum.
865 3083 905 3123 ὼ·
915 3082 1021 3139 altum
1033 3087 1199 3133 excrescat
1213 3113 1224 3131 ‚
1249 3089 1437 3138 duretque:
1459 3092 1648 3140 prasertim
1675 3104 1749 3128 cum
1773 3095 1863 3130 idem
1884 3092 2054 3140 plerisque
2069 3091 2240 3141 Religiosts
2255 3091 2450 3128 Ordinibus

389 3120 560 3180 cottttgffl
573 3124 746 3162 videamus
756 3153 766 3162 .
795 3129 839 3166 Et
840 3130 926 3176 san&
938 3144 1005 3178 sam
1017 3143 1090 3170 tum
1103 3135 1192 3185 istud
1191 3136 1357 3187 succeffus
1372 3141 1485 3177 edocet
1494 3166 1504 3176 .
1529 3140 1665 3178 Etenim
1669 3141 1770 3190 simul
1780 3152 1884 3190 atque
1897 3140 2116 3178 Fraternitas
2130 3140 2190 3188 ista
2211 3140 2232 3177 a*
2245 3141 2332 3178 Sede
2347 3138 2450 3186 alpo-

378 3170 506 3229 st⁰l¹⁶⁰‚
522 3171 628 3208 “effa
641 3196 653 3214 ’
678 3175 894 3236 ⁶⁰''ffrfmmv
919 3182 1251 3233 amfih'ffi’mrumque
1280 3188 1578 3236 indulgentiarum
1593 3214 1604 3231 ‚
1624 3190 1910 3238 privilegiorum,
1933 3189 2216 3235 &spiritualium
2254 3188 2449 3237 gratiarum

390 3219 570 3256 ⁶⁰u⁹t¹⁰n⁸
591 3221 687 3259 ‘vaus'
711 3225 832 3262 d¹v¹n⁰
863 3228 1004 3274 quOdam
1021 3231 1129 3278 sigillo
1153 3236 1357 3272 communita
1375 3237 1455 3284 fuit
1472 3262 1484 3280 ‚
1503 3249 1556 3273 eos
1568 3237 1687 3286 slatim
1711 3239 1800 3287 fecit
1822 3235 2010 3289 progreffus
2024 3262 2036 3281 ‚
2058 3248 2160 3286 atque
2185 3249 2224 3275 ea
2238 3234 2373 3286 sumpsit
2386 3233 2442 3268 ἕν·

389 3278 654 3365 Zffissffeffius
673 3281 766 3309 ²⁰‘u5
788 3275 936 3312 'numia‘
960 3278 1134 3328 intelligat
1148 3306 1160 3323 2
1179 3282 1238 3319 hot
1261 3293 1429 3332 opus-non
1451 3285 1627 3330 humana,
1638 3286 1706 3335 sed
1728 3287 1858 3325 divina
1883 3287 2030 3325 virtutis
2047 3310 2060 3330 ,
2081 3285 2327 3336 &Aposiolica
2344 3282 2444 3316 -benw

491 3366 644 3403 Primum
656 3394 664 3408 ‚
676 3370 706 3406 S
706 3372 907 3423 ereniffimus
918 3397 929 3415 ‚
943 3385 982 3410 ac
996 3374 1302 3429 Reverendiffimus
1315 3376 1614 3433 {Archiepiscopus
1631 3383 1953 3433 Colonienlis,sacri
1966 3382 2114 3419 Romani
2124 3382 2258 3430 imperii
2267 3379 2446 3425 Princeps,

391 3413 540 3471 Eleffiom
569 3415 718 3455 columen
740 3444 749 3458 .
769 3432 808 3456 ac
828 3420 941 3458 lumen
951 3423 1166 3470 Germania,
1191 3441 1258 3465 non
1281 3431 1375 3467 modo
1394 3444 1466 3468 eam
1485 3443 1597 3470 ratam
1610 3458 1622 3476 ‚
1639 3443 1870 3480 gratamque,
1894 3444 1934 3467 ac
1953 3433 2129 3478 probatam
2154 3430 2272 3467 habuit
2289 3451 2300 3470 ‚
2322 3427 2443 3463 vetum

390 3473 493 3521 ettam
502 3472 564 3511 pro
579 3465 649 3523 zelo
664 3467 789 3525 Domus
799 3469 982 3507 Bavaricae
991 3471 1207 3512 hareditas-io
1221 3502 1232 3520 ‚
1248 3479 1379 3528 suoque
1386 3482 1526 3528 proprio
1537 3506 1549 3524 ‚
1566 3483 1648 3519 Eam
1656 3480 1878 3526 ardentissimo
1890 3479 2005 3529 affiffia
2014 3505 2024 3521 ,
2042 3490 2142 3527 atque
2153 3475 2317 3514 imitando
2331 3485 2441 3511 exem-

386 3519 446 3560 pto
461 3522 688 3570 mter-primos
702 3516 866 3575 tngreffus
881 3518 942 3567 est,
969 3531 1065 3568 quem
1079 3535 1152 3560 mox
1169 3524 1286 3573 plures
1297 3527 1361 3564 alii
1379 3530 1454 3564 viri
1469 3530 1649 3578 Principes
1659 3554 1671 3572 ‚
1699 3540 1738 3565 ac
1754 3523 1968 3575 afflagnates
1985 3526 2191 3576 Ecclffiastici
2205 3549 2216 3567 s
2243 3525 2284 3566 (θ’
2293 3523 2444 3560 Saecula·

389 3559 559 3618 'e‘sccutf
567 3563 655 3610 sunt
667 3577 753 3622 ’Hm
766 3565 853 3603 hbe?
856 3567 958 3604 aliter
971 3571 1072 3606 etiam
1083 3571 1296 3622 eleemosynas
1309 3576 1512 3624 largiuntur
1524 3602 1537 3622 ‚
1559 3579 1603 3620 (θ’
1617 3578 1834 3615 venientibus
1850 3577 1891 3612 de
1900 3574 2122 3615 moabitide
2140 3586 2205 3609 non
2216 3573 2324 3621 solum
2334 3583 2448 3608 conce-

393 3608 601 3666 dunt-sp'ca‘
616 3611 816 3660 ⁶⁰H¹g⁶nds²5
826 3616 894 3665 f⁰fl
904 3627 1002 3664 terga
1013 3618 1260 3670 meffi’rumfid
1271 3626 1360 3665 &de
1372 3626 1541 3670 indullria
1548 3626 1650 3675 plena
1658 3637 1760 3662 manu
1772 3625 1980 3670 proficiunt*
2017 3634 2134 3658 uorum
2145 3621 2445 3670 magnificentiam,

393 3655 656 3715 largnatemquf'
670 3659 791 3699 Frater
795 3666 885 3701 '²55³'
899 3665 1049 3713 agnoscit
1061 3693 1073 3711 2
1099 3670 1246 3711 &Deus
1260 3673 1421 3721 Optimus
1435 3670 1607 3713 Maximus
1618 3673 1811 3722 copiofiffimb
1827 3699 1838 3716 ,
1864 3674 1982 3709 tumin
2018 3683 2053 3706 oc
2066 3695 2076 3712 ,
2105 3681 2179 3708 tum
2200 3673 2238 3705 in
2253 3669 2446 3719 futurosae-

391 3706 466 3762 ‘'us‘’
482 3710 703 3762 ‘'⁰fnl'e'1s‘2b't
715 3734 723 3745 ·
748 3710 827 3767 Nec
839 3713 1079 3758 dubitandum,
1089 3721 1174 3766 quin
1186 3721 1314 3769 reliqui
1323 3723 1516 3760 Germania
1527 3724 1704 3767 Principes
1713 3731 1773 3767 pro
1784 3720 1976 3770 innatas'ua
1984 3731 2148 3767 germana
2159 3721 2285 3768 pietate
2297 3743 2309 3762 ‚
2331 3731 2370 3755 ac
2383 3722 2442 3755 bo-

393 3753 651 3812 nicafefllorum
664 3759 926 3816 munificentiam
929 3763 998 3811 sint
1012 3765 1188 3803 imitaturi
1201 3794 1212 3811 ,
1239 3770 1385 3819 “Deique
1404 3774 1506 3809 etiam
1525 3771 1685 3821 promiffio
1703 3770 1765 3806 hac
1785 3772 1823 3805 in
1830 3779 1928 3818 parte
1943 3768 2175 3817 adimplenda:
2205 3769 2307 3804 Erunt
2326 3769 2440 3812 Reges

387 3812 522 3840 ”⁰¹¹⁸st
536 3815 584 3840 ¹²⁸¹
595 3830 605 3848 ι
633 3805 667 3842 3‘
685 3807 828 3854 Regum
840 3812 988 3850 Πυῐῐῐιθδ
998 3821 1086 3854 tuae:
1111 3817 1143 3855 8(
1157 3818 1255 3866 suges
1269 3823 1318 3857 lac
1331 3821 1506 3867 gentium,
1526 3822 1560 3860 8(
1577 3820 1724 3858 mamilla
1739 3820 1874 3864 Regum
1888 3819 2064 3857 laetaberis
2077 3845 2087 3855 .
2112 3818 2200 3869 Q
2221 3828 2274 3854 res
2278 3816 2371 3866 facit
2381 3841 2405 3900 ἃ
2406 3823 2447 3853 ut

2317 3875 2379 3912 quo

2627 67 2630 73 <
2616 0 2638 50 τρες
