2658 4256
408 204 559 261 xvl.

353 294 694 384 gentefimo
734 294 1180 388 septuagesimo
1220 297 1440 386 quinto
1477 291 1675 357 efficia
1713 287 1916 366 fuifle,
1964 292 2148 362 nostri
2182 295 2446 364 referant

352 393 630 457 Annales
668 391 815 455 dum
854 410 1105 460 econtra
1135 387 1379 454 nonnisi
1410 386 1546 477 post
1581 407 1812 454 annum
1844 386 2230 457 millesimum
2269 395 2445 484 quin-

354 483 763 570 gentesimum
806 483 1282 572 ociuagefimum
1315 480 1713 566 Religionem
1760 479 2026 543 nostram
2075 484 2151 546 ad
2188 486 2445 550 Provin-

351 577 478 640 cias
515 578 858 642 Germaniae
902 574 1253 646 transfusam
1299 568 1470 639 fuifle
1506 594 1582 635 ex
1620 570 1839 648 iisdem
1875 573 2201 641 edocemur
2238 582 2446 645 Anna-

351 667 509 733 libus
554 698 572 744 3
640 668 966 759 postquam
1031 686 1233 735 autem
1289 667 1410 751 jam
1486 664 1562 729 ab
1635 664 1812 728 annis
1868 665 1955 730 ira
2014 664 2137 728 Dei
2208 668 2287 732 ita
2343 673 2448 735 im-

350 764 549 849 plevit
585 765 888 829 mundum
925 813 940 839 ‚
989 784 1054 829 ut
1096 762 1257 828 bello
1297 809 1312 835 ,
1361 758 1709 846 epidemica
1751 760 1887 833 lue,
1935 758 2185 848 aliisque
2225 782 2449 828 conne-

349 855 440 918 xis
476 855 651 917 malis
693 857 941 923 confusa
1000 875 1358 944 temporum
1403 852 1717 917 calamitas
1760 852 1879 916 viis
1913 900 1930 927 ,
1977 876 2089 942 per
2127 875 2279 942 quas
2308 853 2451 918 defi-

352 949 578 1012 cientia
618 950 1014 1015 Documenta
1053 949 1087 1013 ὃ
1125 948 1322 1011 Gallia
1374 945 1533 1010 mihi
1572 946 1734 1010 mitti
1776 944 2090 1011 dedebant
2114 994 2130 1021 ,
2179 945 2240 1009 ἃ
2277 943 2456 1010 liber-

350 1056 556 1107 tatem,
591 1043 646 1107 ὃς
692 1039 1069 1108 securitatem
1106 1039 1403 1107 ademerit
1442 1086 1458 1113 ‚
1506 1040 1796 1104 ordinem
1839 1039 2069 1105 inverti
2103 1034 2452 1114 neceffinn,

351 1134 447 1208 ἃ,
497 1157 576 1197 ne
618 1136 717 1197 vel
760 1159 917 1225 opus
968 1137 1247 1224 prodiret
1299 1133 1365 1197 in
1407 1133 1607 1198 lucem
1664 1131 2137 1224 imperfectum,
2185 1132 2288 1196 vel
2329 1154 2451 1220 ego

351 1227 621 1291 diutiore
664 1229 795 1293 otio
831 1225 1282 1321 torpescerem‚
1330 1228 1662 1291 accedente
1699 1228 1961 1294 aliorum
1986 1277 2003 1303 ‚
2052 1248 2321 1317 quorum
2361 1225 2452 1288 in-

351 1335 606 1396 tererat,
643 1320 904 1399 assensu,
954 1320 1307 1391 conclusum
1363 1318 1475 1385 fuit
1508 1369 1525 1395 ,
1572 1336 1637 1384 ut
1681 1334 1891 1409 parata
1942 1320 2065 1405 jam
2106 1318 2452 1385 Germaniae

351 1413 717 1501 Diplornata
754 1417 943 1504 praelo
978 1415 1447 1499 subjicerentur,
1494 1415 1875 1503 antiquitatis
1900 1416 1999 1478 vel
2024 1410 2447 1502 praecedentiae

348 1502 478 1588 jure
512 1554 528 1579 ,
578 1508 748 1595 quod
795 1509 1046 1570 Gallicis
1103 1504 1361 1571 debetur
1399 1509 1798 1583 Provinciis,
1846 1504 2211 1580 reservam,
2241 1504 2300 1567 8(
2356 1503 2447 1566 vi-

353 1621 506 1686 gore
546 1598 792 1686 hujusce
833 1595 1382 1667 animadverfionis
1439 1597 1501 1665 δί
1537 1597 1981 1677 excusationiS,
2022 1595 2203 1666 illaeso
2262 1595 2447 1687 persi:

354 1692 583 1759 stente.

2269 3835 2378 3880 Mos
