2658 4256
402 190 522 296 358-

335 324 506 365 Petrum
525 318 695 376 desuper
713 318 861 360 reddatv
882 314 1073 373 capacem
1090 345 1105 366 ,
1136 323 1333 368 curetque
1347 344 1361 366 ,

334 388 382 422 ut
402 379 590 433 ingratia
612 378 790 421 Familiae
814 380 886 420 suae
905 404 919 426 ,
947 387 990 418 ut
1008 377 1147 430 supra,
1177 371 1359 415 concessa

337 438 378 479 se
403 439 614 480 contineat
630 466 643 486 ,
675 448 801 489 eaque
820 433 975 476 fruatur
990 449 1082 476 cum
1104 446 1150 473 ea
1173 430 1358 484 simplici-

336 505 422 538 tate
437 524 453 546 ,
478 509 562 550 quae
579 495 599 535 ὲ
618 492 835 546 capucini-s
853 493 892 535 in
920 492 1084 534 fabricis
1099 493 1136 531 &
1153 488 1357 531 Ecclesia-

338 560 432 598 rum
454 552 663 595 ornatibus
680 549 889 594 servat-ur.
917 554 1038 600 Hoc,
1069 558 1114 590 ut
1136 547 1355 602 sequatur,

336 621 550 667 procuret,
568 608 678 650 nulla
694 606 1100 652 novitate-concessa.
1135 608 1248 648 Deus
1272 607 1350 647 &c-

343 670 484 712 Romae
502 678 570 711 ιο.
588 669 679 708 Ost.
702 667 824 722 1634.

876 784 1002 829 Card·
1020 786 1246 829 Ginettu30‘

401 901 616 957 Exemplar
642 903 684 943 ἐκ
712 903 885 945 Archino
911 904 1099 947 Generalt'
1126 902 1220 946 ord.
1245 904 1360 945 Arm.

457 961 677 1003 Provincia
693 961 907 1005 Helvetica
921 991 934 1002 .

601 1198 1080 1241 EPISTOLA

481 1326 530 1376 S.
567 1326 766 1394 Congrcg.
794 1325 934 1394 ΕριΥε.
965 1331 1020 1375 &05
1051 1325 1208 1393 Regul.

335 1474 384 1519 A
411 1466 645 1518 Fratribus
669 1465 828 1515 nostris
855 1467 968 1516 Loci
987 1465 1151 1516 Stantii
1178 1467 1360 1516 Monia-

404 1541 522 1587 lium
535 1536 871 1601 Tertiariar'um
890 1539 1236 1602 Capucinarum
1255 1555 1357 1586 con-

401 1605 608 1656 fessiones
650 1607 796 1673 excipi
823 1640 837 1663 ‚
874 1604 1057 1654 Missam
1096 1605 1312 1655 celebrari
1341 1642 1357 1665 ,

406 1694 513 1727 cum
533 1674 729 1744 ingressu
750 1674 981 1726 Clausurae
998 1679 1081 1726 SS.
1096 1679 1357 1726 Sacramen-

402 1761 449 1797 ta
468 1745 657 1795 infirmis
676 1744 975 1795 administrari
993 1746 1181 1808 debere,
1202 1748 1354 1797 P.Mi-

402 1815 540 1867 nisti-o
571 1817 785 1867 Generali
818 1814 1130 1884 significatur.

649 1959 868 2002 Reverendc
900 1962 1016 2004 Pater
1030 1966 1042 2000 .’

452 2078 535 2119 Um
551 2075 571 2117 a
590 2075 657 2119 sua
674 2076 895 2120 Sanctitate
908 2106 937 2129 „
951 2077 1043 2119 huic
1060 2079 1099 2120 S.
1115 2079 1351 2133 congrega·

340 2168 342 2170 >
469 2135 774 2179 tioniLibellus
797 2133 963 2191 supplex
988 2135 1227 2178 Monialium
1246 2138 1353 2178 Ter-

330 2195 544 2236 tiariarum
566 2195 608 2234 S.
623 2194 768 2243 Clarae,
787 2195 889 2237 Loci
901 2195 1048 2238 Stantii
1063 2223 1077 2248 ,
1092 2195 1230 2238 Dioec.
1242 2198 1356 2238 Con-

335 2249 522 2294 stantien.
539 2252 664 2294 fuerit
680 2252 876 2303 remiffus,
890 2267 971 2310 quo
986 2252 1261 2311 supplicarunt
1276 2265 1354 2309 pro

336 2308 650 2353 confirmatione
681 2312 968 2355 nonnullarum
998 2311 1322 2355 declarationum
1337 2338 1352 2360 ,

333 2371 373 2411 δε
398 2368 666 2411 articulorum
694 2369 1050 2425 provisionalium,
1080 2371 1149 2413 abs
1165 2370 1354 2414 Illustris-

333 2427 431 2470 simo
455 2428 635 2468 Domino
658 2428 829 2471 Farnese
842 2458 859 2479 ,
885 2427 1048 2471 Parrasii
1067 2428 1352 2485 Archiepisco-

334 2501 388 2542 po
408 2514 422 2536 ,
447 2495 544 2526 tunc
559 2485 799 2539 Apostolico
822 2487 872 2528 ad
888 2487 1093 2532 Helve'tos
1109 2489 1266 2531 Nuntio
1280 2486 1352 2530 sub

331 2546 375 2587 6.
392 2545 599 2598 Septemb.
623 2547 744 2599 1643.
761 2545 870 2587 circa
886 2545 1127 2588 Clausuram
1139 2574 1153 2597 ,
1177 2545 1350 2602 aliasque

331 2602 563 2646 monasterii
580 2603 833 2646 necessitates
846 2633 862 2654 ,
881 2601 1002 2658 usque
1014 2603 1109 2647 dum
1122 2604 1200 2646 alia
1218 2604 1351 2648 Roma

332 2661 610 2717 superveniret
625 2660 856 2716 dispositio,
882 2660 1104 2705 factorum:
1136 2677 1349 2719 cumque-2

333 2722 375 2763 in
402 2719 517 2760 dietis
544 2718 895 2771 §celarationibus
923 2721 962 2763 in
988 2722 1119 2775 specie
1136 2723 1347 2765 continea-

334 2789 400 2820 tur
417 2806 431 2828 ,
457 2786 500 2819 ut
521 2778 598 2819 PP.
614 2776 818 2831 Capucini
833 2780 974 2821 harum
991 2779 1234 2823 Monialium
1250 2794 1348 2824 con-

256 2880 260 2886 ,
334 2836 514 2878 feffiones
532 2834 742 2890 excipere,
758 2836 911 2878 Missam
927 2837 1140 2881 celebrare
1154 2839 1349 2893 debeant,

335 2898 372 2937 &
390 2896 433 2936 in
453 2894 543 2936 casu
567 2893 695 2935 morbi
712 2894 997 2937 Monasterium
1016 2896 1177 2951 ingredi
1204 2899 1349 2954 poffint

333 2953 384 2995 ad
413 2955 481 2995 SS.
513 2957 772 3002 Sacramenta
802 2951 972 2995 infirmis
1000 2954 1345 3005 administranda,

336 3009 643 3058 Eminentisfimi
659 3024 704 3052 ac
720 3010 1057 3055 Reverendissimi
1077 3015 1243 3056 Domini
1267 3014 1346 3058 mei

336 3069 533 3118 voluere,
561 3079 605 3111 ut
622 3070 853 3114 Paternitas
867 3070 1009 3114 Vestra
1030 3069 1201 3128 desuper
1222 3072 1348 3116 infor-

336 3140 504 3180 metur,
531 3136 726 3185 quatenus
753 3128 856 3171 nihil
889 3131 1083 3182 innovet,
1113 3132 1207 3188 quin
1237 3132 1346 3188 prius

329 3188 520 3230 'notitIam
543 3186 735 3238 dederit,
759 3189 797 3227 &
815 3190 855 3230 S.
869 3189 1213 3246 Congregatiqnis
1236 3189 1346 3234 reso·

335 3247 529 3292 lurionem
558 3245 730 3299 desuper
755 3247 1069 3301 exspectaverit.

394 3308 535 3349 Romae
552 3317 615 3348 22.
632 3306 830 3348 Decemb·
849 3306 971 3360 1645.

392 3426 452 3466 Ex
476 3421 629 3481 Regesto
645 3424 897 3480 Autographo
912 3426 1097 3481 congreg.
1114 3426 1316 3483 praedmae
1333 3455 1346 3470 .

1112 185 1245 270 Pr
1269 182 1309 265 'o
1333 185 1512 267 'vin
1535 208 1578 264 c
1604 177 1706 267 εἷα

1424 313 1614 364 Senatus
1656 311 1874 363 Civitatis
1901 314 2199 369 solodoran'ffi
2233 319 2345 370 dum
2383 319 2439 369 de

1492 381 1715 432 constanti
1746 399 1853 452 erga
1890 384 2099 437 Santstam
2127 390 2292 440 Sedern
2319 390 2440 440 obse-

1488 454 1595 520 quio
1632 454 1962 510 commendat,
1995 453 2051 503 ab
2087 457 2168 508 hac
2207 456 2439 512 viciffin'i.»

1487 520 1688 586 ejusdem
1720 525 1879 591 pietati
1908 522 2083 573 consuli
2112 546 2296 596 aequum
2324 549 2438 582 nun.

1485 595 1600 652 tiat,
1629 592 1677 644 ὅ(
1702 594 1805 642 ideo
1830 594 1978 660 quoad
2004 595 2126 643 illius
2152 603 2291 664 petita
2314 604 2438 652 circa

1490 661 1666 712 nostros
1697 667 1878 713 Fratres
1905 665 2171 732 provideri,
2202 670 2438 735 Apostoli.

1496 751 1553 782 co
1577 734 1758 785 Nuntio
1782 735 2069 786 commissum
2091 734 2177 786 effe
2199 735 2435 807 significat.

1424 873 1462 915 A
1479 879 1626 928 tergo:
1659 873 1823 916 Dilenis
1839 876 1953 920 Finis
1972 860 2144 918 Scultetb
2160 904 2177 926 ,
2203 875 2252 925 (5·
2272 875 2443 934 Const'lt‘a‘

1555 932 1744 976 Civitatis
1768 947 1813 976 ac
1838 933 2076 993 Respublica.-
2091 934 2311 979 solodorcn.

1422 1064 2051 1122 INNOCENTIUS
2107 1067 2316 1116 PAPA
2369 1068 2434 1123 X.

1507 1190 1660 1235 Dichli
1685 1191 1787 1236 Filii
1802 1192 1982 1249 sblutem
2008 1194 2062 1245 ό*
2085 1194 2343 1252 Apostolicam

1767 1252 2070 1297 BenediWonem
2081 1283 2092 1296 .
2275 1280 2279 1285 ‹

1557 1373 1648 1415 UAE
1675 1371 1848 1426 perenni
1874 1372 1896 1414 a
1916 1372 2048 1415 >Vobis
2071 1370 2267 1429 obsequio
2293 1370 2334 1412 in
2353 1371 2441 1415 cn:

1576 1430 1729 1474 tholica
1763 1430 1984 1487 Religione
2026 1432 2253 1474 constanter
2280 1444 2438 1486 propu-

1611 1490 1768 1542 gnanda
1783 1517 1798 1540 ,
1827 1491 1937 1533 culta
1959 1489 2111 1547 jamdiu
2129 1489 2185 1533 est
2201 1488 2437 1543 Apostolica

1418 1543 1571 1596 Sedes,
1595 1549 1746 1589 merito
1770 1549 1857 1589 Vos
1886 1549 2029 1591 eadem
2055 1548 2218 1590 viciffim
2246 1557 2407 1590 tueatur
2422 1574 2438 1598 ,

1415 1603 1456 1643 δι
1469 1616 1556 1657 quae
1570 1603 1750 1658 pietatis,
1762 1618 1808 1646 ac
1826 1605 1997 1661 publicae
2010 1605 2314 1661 tranquillitatis
2329 1605 2439 1657 sunt,

1416 1660 1556 1702 vestris
1574 1663 1681 1702 votis
1696 1663 1807 1705 ultro
1823 1661 2046 1708 subscribat
2059 1663 2140 1719 ipsa
2155 1693 2169 1716 ‚
2193 1663 2438 1719 annuatque.

1412 1719 1708 1774 Qamobrem,
1723 1721 1831 1776 quod
1845 1724 1916 1777 pio
1937 1736 2043 1765 nunc
2069 1723 2199 1767 studio
2220 1722 2360 1778 petitis
2382 1721 2438 1764 de

1413 1777 1631 1833 Religiosis
1658 1779 1876 1834 Capucinis
1901 1781 2009 1835 apud
2035 1782 2119 1823 Vos
2145 1781 2439 1824 commoranti·-

1414 1837 1488 1879 bus
1511 1867 1527 1888 ‚
1561 1836 1860 1894 perscripsimus
1888 1840 1939 1880 ad
1966 1839 2141 1882 nostrum
2168 1839 2294 1882 isthuc
2318 1842 2435 1894 Apo-

1413 1895 1599 1939 stolicum
1631 1897 1830 1940 Nuntium
1854 1926 1869 1950 ,
1906 1906 1951 1940 ut
1981 1896 2120 1954 perfici
2145 1898 2437 1953 prostradita..

1413 1953 1482 1996 sibi
1501 1955 1752 1998 authoritate
1765 1985 1781 2007 ,
1801 1965 1947 2010 curet3
1972 1969 2097 2012 eaque
2112 1957 2242 2000 Vobis
2266 1956 2437 1999 instruat

1413 2014 1453 2061 in
1473 2015 1655 2056 Domino
1667 2014 1832 2066 solatia,
1857 2015 2004 2071 quibus
2030 2016 2070 2056 δι
2097 2016 2290 2059 Divinum
2334 2029 2431 2070 pro-

1413 2070 1510 2114 ferri
1528 2072 1687 2114 cultum
1702 2101 1716 2123 ,
1740 2074 1781 2114 &
1795 2074 1965 2116 vestram
1988 2075 2027 2115 in
2051 2073 2233 2128 spectatae
2247 2074 2437 2129 Religio·

1416 2130 1479 2173 nis
1500 2158 1515 2182 ,
1544 2145 1589 2174 ac
1620 2131 1782 2174 virtutis
1799 2133 1918 2175 Viros
1945 2131 2190 2174 laudabilem
2215 2131 2436 2175 observan-

1416 2189 1515 2231 tiam
1529 2190 1666 2243 augeri
1691 2191 1896 2246 perpetuo
1918 2189 2192 2246 intelligamus
2209 2221 2220 2232 .
2254 2193 2436 2236 Parem.»

1416 2247 1458 2290 in
1482 2247 1651 2302 reliquis
1666 2276 1680 2298 ,
1706 2261 1791 2303 quae
1809 2250 1955 2299 saluti,
1983 2250 2284 2306 commodisque
2300 2250 2437 2292 vestris

1413 2305 1647 2348 conducere
1666 2307 2231 2359 arbitrabimur,Pontificiam
2247 2309 2434 2361 imposte-

1416 2378 1505 2406 rum
1518 2365 1757 2408 charitatem
1770 2366 2040 2422 pollicemur,
2071 2365 2296 2422 eademque
2323 2381 2433 2409 nunc

1413 2423 1647 2478 Apostolice
1674 2425 1801 2467 Vobis
1816 2454 1831 2478 ,
1856 2439 1903 2467 ac
1927 2425 2095 2481 paterne
2119 2425 2402 2469 benedicimus
2417 2455 2430 2467 .

1469 2484 1623 2525 Datum
1639 2483 1780 2527 Romae
1800 2483 1908 2540 apud
1937 2487 1976 2527 S.
1994 2487 2161 2527 Petrum
2188 2483 2257 2526 sub
2276 2486 2431 2527 Annu-

1411 2541 1454 2583 lo
1469 2539 1684 2584 Piscatoris
1701 2543 1768 2585 die
1783 2558 1857 2587 xv.
1872 2544 2050 2600 Januarii
2066 2557 2266 2588 mncxtv.
2282 2544 2431 2593 Ponti·¹

1409 2598 1552 2644 ficatus
1578 2601 1715 2645 Nostri
1733 2604 1854 2645 Anno
1867 2602 1998 2658 primo
2011 2629 2025 2643 .

1701 2717 1854 2776 Gas‘pai·
1869 2719 1921 2762 de
1938 2720 2192 2769 simeonibus
2209 2723 2371 2763 Secret-

1468 2838 1639 2896 Autogr.
1654 2836 1698 2880 in
1712 2841 1857 2883 secret.
1872 2842 1993 2881 Brea.
2012 2838 2065 2880 ad
2081 2838 2270 2894 Principe
2277 2836 2342 2898 ss
2358 2839 2427 2894 85,

1711 2967 2124 3033 NOTA.

1515 3106 1593 3143 Uos
1609 3105 1740 3148 Fratres
1756 3104 1806 3143 hae
1819 3105 1956 3143 Littera:
1973 3105 2165 3144 Pontificiae
2183 3109 2427 3156 concernant,

1563 3155 1599 3190 8<
1613 3154 1715 3200 quale
1729 3166 1847 3196 eorum
1858 3155 2037 3206 negotium
2061 3165 2202 3203 tangant
2226 3179 2240 3201 ,
2270 3157 2425 3195 Annales

1408 3202 1603 3245 Provincia}
1625 3213 1746 3242 notant
1762 3231 1771 3244 .

2250 3841 2366 3887 EP1÷
