2658 4256
440 211 567 297 xii.

640 386 1122 441 PRoleclA

471 447 1283 518 cotoNlssNs1s.

485 599 774 653 Austoritate
810 591 1074 662 Apostolica
1134 591 1313 637 Fratres
1358 582 1386 632 a

383 675 543 742 Belgio
559 672 613 718 ad
629 663 934 730 Westphaliae,
958 655 1239 725 Trachisque
1263 655 1386 705 Rhe·

379 746 678 861 3:31102222?
711 748 1026 855 §.⁰32sschae
1044 726 1386 849 &efflet

663 839 679 862 2

381 873 588 929 lonienfis
619 872 912 924 fundamenta
933 872 1190 935 jaciuntur.
1264 869 1381 916 280.

448 951 492 995 A
500 943 1018 993 rchiconfraternitatem
1030 940 1275 1003 Dominice
1286 933 1384 987 Pas·

374 1015 527 1071 fionis,
543 1014 600 1063 de
619 1013 915 1082 Propaganda
931 1011 1042 1062 Fide
1058 1023 1383 1078 nuncupatam,

375 1089 421 1135 in
433 1083 630 1135 Ecclesia
645 1083 793 1134 nostra
804 1083 1015 1134 Coloniae
1029 1079 1245 1132 canonice
1264 1076 1384 1127 insti-

378 1169 528 1204 tutam
540 1189 556 1213 ,
569 1153 759 1205 diversis
774 1153 1080 1224 Indulgentiis
1099 1164 1232 1200 ornat
1247 1185 1261 1199 .
1280 1147 1384 1197 Pan·

374 1226 441 1274 lus
467 1225 521 1275 V.
555 1244 643 1274 cum
661 1241 774 1275 nota.
1266 1222 1382 1270 280.

482 1294 809 1346 Confratribus
851 1287 1384 1343 Archiconfraternitatis

371 1363 594 1434 praedietae
626 1364 757 1413 suum
787 1363 844 1413 de
878 1365 1082 1413 illorum'
1102 1362 1206 1411 zelo
1234 1358 1381 1411 solati.

374 1437 494 1485 tium
527 1431 779 1502 fignificat,
806 1433 926 1483 dona
952 1433 1119 1485 d1vinae
1144 1434 1303 1501 gratiae
1335 1433 1382 1480 in

374 1508 429 1555 iis
462 1504 759 1571 multiplicari
787 1516 999 1570 precatur
1019 1537 1037 1559 .
1068 1502 1131 1553 &⁴
1153 1506 1178 1550 a
1209 1501 1299 1551 suis
1332 1499 1382 1552 ἃ

378 1574 553 1627 Sanstae
578 1573 706 1623 Sedis
724 1571 949 1622 Ministris
973 1589 1082 1622 cum
1097 1572 1382 1638 Imperatore

373 1646 432 1696 de
463 1642 782 1694 commodiore
805 1641 1135 1691 conversorum
1172 1638 1384 1690 sustenta·

374 1718 500 1766 tione
529 1715 635 1782 agi,
661 1717 757 1777 jam
788 1711 1077 1762 commissum
1108 1708 1193 1760 esse
1219 1726 1383 1759 renun-

370 1788 471 1838 tiat.
495 1782 626 1833 Idem.
1262 1797 1289 1828 2
1295 1798 1382 1840 92·

450 1852 663 1918 Ejusdem
682 1849 1211 1903 Archiconfraternitatis
1235 1853 1385 1900 Statu-

375 1939 424 1977 ta
445 1924 718 1993 Apostolicae
734 1921 962 1973 firmitatis
982 1920 1150 1972 robore
1173 1938 1382 1970 commu·

375 1998 480 2054 nit,
515 2012 568 2044 ac
594 1994 711 2044 inter
735 2011 787 2044 ea
817 1994 1059 2061 quintum,
1090 1987 1261 2041 sextum
1279 2025 1295 2049 ,
1332 1989 1383 2042 δι

376 2064 630 2134 septimum
665 2065 824 2132 capitis
848 2083 936 2115 xvt
953 2083 972 2114 1
988 2063 1272 2118 „articulos
1300 2057 1381 2110 sub

373 2152 513 2203 poena
531 2135 1022 2185 excommunicationis
1049 2133 1277 2184 observari
1306 2130 1383 2182 de·

377 2206 484 2256 bere
514 2203 743 2255 decernit.
782 2203 913 2256 Idem.
1263 2220 1381 2266 293.

483 2269 807 2326 Confratribus
853 2273 1380 2327 Archiconfraternitatis

377 2345 614 2413 quinquies
644 2344 920 2396 Orationem
951 2349 1249 2397 Dominicam
1278 2379 1294 2403 ,
1331 2343 1379 2398 8(

378 2415 695 2466 salutationem
717 2418 991 2485 Angelicam
1007 2452 1024 2476 ,
1056 2415 1133 2467 seu
1150 2413 1381 2468 Officium

379 2491 428 2538 S.
444 2486 607 2537 Crucis
633 2486 678 2534 in
698 2486 971 2536 memoriam
991 2488 1232 2555 plagarum
1249 2486 1382 2535 Chri-

379 2557 432 2607 sti
462 2554 806 2625 peragentibus,
833 2557 1160 2628 quinquaginta
1176 2557 1299 2614 dies,
1331 2555 1381 2608 ἃ

382 2630 436 2678 iis
464 2661 480 2685 ,
508 2631 586 2693 qui
622 2624 746 2676 dista
780 2628 1055 2693 poenitentes
1079 2664 1097 2687 ,
1125 2646 1178 2678 ac
1207 2632 1384 2678 Sacra...

382 2698 725 2748 communione
744 2694 896 2746 refecti
914 2701 1202 2768 peregerint,
1218 2697 1382 2750 ducen-

381 2783 451 2818 tos
483 2766 578 2815 dies
610 2766 666 2815 de
696 2767 858 2816 debitis
893 2769 1172 2835 poenitentiis
1206 2770 1254 2819 in
1285 2788 1382 2839 per-

382 2850 572 2906 petuum
588 2837 769 2886 relaxat.
806 2835 938 2888 Idem.
1267 2861 1381 2904 307.

411 2916 430 2933 ’·
458 2907 617 2955 Altare
634 2904 828 2969 ejusdem
853 2909 1383 2969 Archiconfraternitatis

384 2975 520 3026 semel
554 2978 598 3024 in
633 2974 876 3043 septimana
890 2978 1285 3050 &c.'privilegiat.
1305 2983 1385 3032 Be·

386 3045 572 3096 nediHus
586 3043 672 3097 XI
681 3046 731 3095 V.
1304 3053 1383 3102 ibi,

457 3117 763 3167 Donationem
794 3116 973 3169 Domfis
997 3122 1383 3189 congregationis

389 3193 442 3239 B.
465 3188 624 3237 Mariae
644 3187 851 3257 Virginis
877 3191 921 3237 in
937 3191 1134 3239 Brulone
1158 3209 1384 3260 nuncupa-

388 3275 475 3316 τε,
514 3257 707 3309 Hildefii
723 3291 745 3317 1,
775 3259 1008 3309 Fratribus
1044 3262 1071 3309 ὲ
1099 3262 1385 3312 Ferdinando

391 3326 746 3397 Archiepiscopo
775 3365 792 3387 ‚
827 3327 877 3381 ὃ(
913 3333 1118 3399 Principe
1150 3333 1388 3384 Elefiort»

392 3398 653 3450 Coloniensi
682 3397 847 3451 factam
876 3402 1130 3460 ratihabet,
1159 3403 1207 3456 ὅ(
1240 3405 1388 3455 domi-

390 3472 517 3520 nium
533 3474 622 3532 ejus
652 3471 710 3521 ad
738 3475 786 3523 S.
803 3471 971 3523 Sedem
997 3475 1217 3541 pertinere
1237 3475 1387 3527 decla·

393 3554 464 3590 rat
483 3577 496 3590 .
535 3540 728 3594 Urbanus
760 3541 893 3593 VIII.
932 3563 1020 3594 cum
1037 3562 1149 3595 nota.
1268 3551 1386 3609 308.

461 3615 726 3662 Calumnias
752 3629 909 3664 contra
936 3620 1116 3665 Fratres
1132 3616 1305 3676 eludit,
1336 3617 1386 3671 ὅ(

390 3682 578 3732 illorum
596 3685 747 3734 zelum
764 3687 1057 3738 Sereniffimo
1076 3688 1387 3755 Archiepisco·

392 3770 453 3821 po
485 3755 682 3804 Elessori
698 3789 715 3814 ,
740 3757 1022 3808 Ferdinando
1047 3795 1063 3819 ,
1098 3761 1387 3827 peculiariter

937 182 1977 290 ELENCH‘US.

1852 297 2111 351 Innocentius
2143 305 2210 357 X.
2238 304 2345 354 ”enni
2379 321 2450 352 no·

2361 393 2389 423 o
2429 410 2444 425 .

1517 440 1813 492 Provinciam
1843 439 1892 489 in
1916 437 2068 496 duas,
2085 393 2447 497 Coloniensfgmz

1446 510 1664 562 videlicet
1693 546 1709 568 ,
1742 508 1795 564 81
1821 511 2091 562 Rhenanam.
2109 513 2265 568 *di-nidi
2286 517 2448 581 jubet.

1446 583 1633 633 Clemens
1649 579 1750 633 IX.
1783 599 1877 631 um
1893 595 2004 632 nm.
2138 577 2144 613 ἶ
2336 605 2360 649 3
2376 606 2397 637 1
2409 606 2452 637 1.

1517 650 1771 704 Divifionis
1796 653 2112 702 executionem
2130 685 2146 709 ‚
2172 652 2225 701 P.
2239 657 2454 710 Ministxo

1447 724 1669 775 Generali
1696 721 1923 791 impedito
1938 757 1955 782 ,
1974 726 2050 773 Fr.
2062 719 2342 779 Protbafioi
2357 729 2452 776 Me-

1443 794 1631 844 diolano
1647 796 1903 845 committit
1918 830 1931 843 .
1962 791 2076 844 Idem
2089 811 2177 842 cum
2193 807 2307 842 nota.
2348 810 2455 854 312.-

1510 863 1657 932 Apud
1682 866 1919 932 antiquam
1943 866 2191 933 Capellam
2222 858 2304 914 sub
2325 865 2460 913 Paro·-

1441 934 1543 984 chia
1583 934 1642 985 de
1683 935 1944 987 Aldenrath
1984 936 2190 988 Dominii
2219 933 2278 984 de
2318 937 2462 984 Portz

1442 1005 1714 1073 Hospitium
1734 1004 1811 1058 seu
1830 1004 2140 1059 Refidentiam
2159 1009 2375 1057 Fratrum
2392 1006 2458 1053 in·

1442 1075 1585 1128 stante
1618 1080 1749 1126 Duce
1787 1076 2033 1148 Neoburgi
2066 1077 2182 1147 erigi
2212 1074 2461 1131 concedit.

1443 1147 1628 1197 Clemens
1650 1146 1721 1198 Χ.
2287 1164 2290 1166 ’
2340 1152 2458 1207 316.

1512 1220 1710 1269 Petitam
1744 1230 1962 1269 votorum
1999 1219 2240 1287 paritatem
2283 1216 2329 1264 in
2362 1218 2460 1275 ‚Co-

1441 1289 1582 1339 mitiis
1611 1289 1915 1339 Generalibus
1942 1289 2134 1341 Ordinis
2164 1286 2460 1339 difficultates

1440 1360 1533 1428 pati
1563 1394 1580 1419 ,
1625 1358 1918 1410 Sereniffimo
1960 1357 2319 1426 Archiepiscopo
2358 1356 2460 1414 Ele?

1440 1430 1556 1481 &ori
1601 1430 1831 1481 renuntiat
1855 1466 1874 1490 ‚
1909 1428 1960 1482 61
1985 1434 2166 1480 Fratres
2204 1425 2458 1478 Provinciae

1440 1501 1694 1550 continenti
1723 1504 1820 1565 ejus
1845 1502 2099 1571 patrocinio
2126 1494 2425 1549 commendat
2442 1530 2458 1547 .

1442 1568 1560 1620 Idem
1578 1605 1591 1618 .
2372 1564 2454 1617 ibi.

1513 1639 1817 1706 Privilegium
1832 1638 1890 1689 ab
1906 1639 2058 1689 Altari
2071 1637 2279 1689 Ecclefiae
2292 1635 2465 1703 Aquiss'

1440 1709 1574 1778 grani
1619 1707 1678 1758 ad
1711 1709 1874 1763 Altare
1901 1713 2050 1770 majus
2074 1706 2277 1768 ejusdem
2310 1704 2464 1755 Eccle-

1442 1777 1512 1828 fiae
1544 1775 1781 1828 transferri
1808 1776 2046 1846 indulget.
2083 1775 2348 1829 Innocentius
2365 1772 2462 1826 Un-

1441 1848 1619 1899 decimus
1638 1884 1652 1898 .
2085 1867 2094 1890 -·
2113 1867 2115 1870 ’
2220 1860 2222 1862 ’
2334 1864 2359 1908 3
2375 1865 2454 1906 17.

1510 1921 1758 1971 Paritatem
1783 1932 2003 1971 votorum
2022 1915 2243 1970 Ministris
2269 1919 2460 1970 Provin-

1440 1989 1630 2041 cialibus
1653 1992 1699 2039 in
1717 1991 1935 2042 Comitiis
1963 1987 2268 2040 Generalibus
2295 2005 2459 2039 conce-

1441 2062 1544 2118 dit,
1580 2060 1629 2112 &
1662 2060 1875 2128 deinceps
1903 2078 2024 2111 nova
2051 2061 2153 2110 loca
2183 2061 2229 2108 in
2267 2061 2461 2110 Provin-

1442 2133 1512 2181 cia
1535 2128 1626 2180 fine
1655 2128 1841 2181 recursu
1860 2130 1920 2180 ad
1944 2134 1992 2181 S.
2012 2129 2186 2185 *Sede‘m
2201 2130 2341 2197 recipi
2358 2127 2460 2198 po&

1441 2199 1486 2251 fe
1511 2201 1714 2250 declarat
1732 2236 1745 2249 .
1786 2198 1902 2249 Idem
1918 2236 1932 2250 .

1448 302 1741 353 commendat
1774 333 1789 351 .

1445 388 1494 421 ta
1508 407 1522 422 .

2375 2199 2459 2250 ibi.

1508 2277 1581 2321 Fr.
1611 2268 1810 2322 'Eusebio
1840 2266 2086 2337 Juliacenli
2116 2303 2133 2326 ,
2175 2266 2455 2321 Sereniffimi

1440 2343 1661 2411 Principis
1701 2340 1926 2391 Electoris
1960 2339 2149 2390 Palatini
2171 2340 2456 2395 ‘conciona-

1439 2414 1531 2464 tori
1553 2412 1645 2464 διο.
1666 2410 1846 2479 ejusque
1876 2409 2001 2461 socio
2028 2411 2246 2461 nonnulla
2270 2412 2457 2480 privile-

1438 2486 1516 2554 gia
1539 2485 1735 2553 largitur
1752 2518 1766 2532 .
1803 2480 2065 2532 Innocentius
2093 2476 2214 2533 XII.
2336 2483 2455 2544 318.

1510 2558 1581 2606 Ex
1623 2551 1820 2605 Ecclefia
1859 2554 2139 2603 Monialium
2185 2555 2234 2604 S.
2273 2550 2457 2606 Ursule

1440 2625 1651 2678 Coloniae
1684 2628 1844 2676 Sacras
1885 2625 2116 2690 Reliquias
2151 2623 2328 2672 extrahi
2358 2658 2374 2681 ,
2405 2621 2457 2675 δι

1440 2699 1487 2747 in
1520 2694 1728 2746 Ecclefiis
1768 2692 2027 2745 nostrorum
2062 2698 2282 2743 Fratrum
2315 2694 2458 2744 collo·

1440 2768 1567 2825 cari,
1604 2762 1964 2834 Archiepiscopo
1993 2764 2237 2815 Colonien.
2264 2761 2339 2813 seu
2363 2767 2458 2828 ejus

1442 2839 1634 2890 Vicario
1661 2837 1940 2886 committit.
1978 2835 2163 2883 Clemens
2177 2833 2275 2885 XI.
2377 2833 2458 2884 ibi.

1511 2913 1711 2958 Decreto
1741 2911 1889 2957 Sacrae
1920 2904 2303 2973 congregationis
2327 2900 2458 2970 Epis-

1443 2994 1666 3045 coporum
1700 3010 1718 3034 ,
1766 2974 1815 3028 ὅ(
1875 2974 2176 3039 Regularium
2213 3007 2230 3030 ,
2283 2972 2456 3023 crestio

1443 3045 1669 3098 Miffionis
1698 3047 1744 3093 in
1769 3045 1873 3093 loco
1903 3038 2277 3097 ClemensWerth
2308 3041 2358 3095 δη
2385 3041 2453 3094 as-

1441 3114 1639 3185 fignatio
1684 3111 1815 3164 fundi
1844 3111 2125 3163 ratihabetur
2143 3148 2156 3162 .
2243 3131 2333 3164 cum
2383 3131 2454 3163 no-

1442 3203 1488 3237 ta
1509 3223 1522 3238 ο
2334 3203 2359 3246 3
2375 3204 2450 3245 19,

1519 3253 1790 3307 Ferdinandi
1829 3253 2027 3306 Comitis
2070 3252 2129 3303 de
2163 3255 2453 3326 Plettenberg

1445 3328 1538 3380 ἃς.
1572 3325 1806 3378 Fratribus
1843 3342 2014 3375 novam
2048 3328 2254 3375 Domum
2291 3327 2336 3373 in
2367 3322 2450 3375 suo

1445 3401 1692 3451 Comitatu
1707 3399 1893 3454 Wittem
1913 3393 2208 3445 construentis
2235 3395 2450 3464 pietatem

1444 3470 1653 3521 laudibus
1690 3482 1822 3519 ornat
1847 3502 1862 3516 .
1897 3466 2082 3517 Clemens
2110 3463 2231 3517 XII.
2263 3485 2350 3515 cum
2377 3486 2450 3517 no-

1445 3557 1521 3592 ta.
2332 3557 2449 3600 322.

1515 3617 1713 3663 Decreto
1743 3611 1890 3660 Sacrae
1930 3608 2317 3676 Congregationis
2362 3609 2452 3660 de..

1445 3679 1737 3754 propaganda
1757 3679 1867 3731 Fide
1895 3696 2001 3728 usus
2031 3693 2338 3746 proventuum
2371 3685 2453 3731 Ec·

1445 3753 1588 3806 clefiae
1622 3751 1896 3805 Parochialis
1931 3747 2262 3817 Stolbergenfis
2283 3753 2453 3863 Fit-‘atri-

2355 3834 2402 3863 us
