2658 4256
422 268 612 353 ‘144

362 372 522 430 palam3
554 371 680 426 culpae
696 367 889 424 majorum
904 369 1126 412 nostrorum
1145 364 1365 409 incubuisse

362 433 521 475 tamdiu
550 432 587 473 in
607 428 862 470 Provinciam
891 427 1044 470 haerefis
1064 423 1266 466 infandam
1280 427 1367 481 pes-

360 501 445 534 tem
464 487 674 544 Religioni
689 484 825 529 nostrae
840 487 880 529 in
893 484 1246 540 Arcbiepiscopatu
1262 512 1275 535 ‚
1292 494 1367 526 aut

360 549 432 604 ipsi
462 544 839 600 Archiepiscopatui
865 575 879 597 ‚
919 555 987 587 aut
1019 544 1180 598 utrique
1209 543 1364 599 pariter

360 607 535 666 jamjam
550 602 631 647 effe
647 602 896 659 pereundum
913 633 924 645 .
955 602 1073 646 Alios
1089 615 1261 658 namque
1284 612 1372 644 tan·

365 676 417 709 tae
442 665 558 707 molis
581 663 814 706 exterrebat
839 676 940 718 opus
964 691 980 712 ,
1013 660 1113 703 alios
1140 660 1371 704 retardabat

362 724 494 767 exitus
509 721 652 778 plenus
667 720 838 777 periculi
857 750 871 773 ,
901 723 940 762 &
967 721 1081 771 alea,
1113 720 1177 762 vel
1195 718 1282 775 'ipsa
1312 719 1369 761 rei

363 793 446 825 tam
459 779 642 836 ancipitis
657 807 671 830 ,
693 780 734 819 δι
749 779 872 822 ardua
889 778 993 821 fama
1011 778 1111 821 alios
1126 781 1291 822 tenebat
1307 788 1371 820 at-

363 840 513 882 tonitos
529 850 635 881 metu
651 866 666 890 ‚
697 840 976 892 expestatione
990 837 1216 892 suspensos.
1252 837 1366 880 Vidit

364 902 441 941 hoc
460 898 705 948 Provincia,
737 897 818 938 imo
842 897 1116 951 &Imperium
1134 907 1267 939 totum
1283 925 1297 947 ‚
1327 897 1367 936 δι

367 957 545 999 vidimus
566 959 653 999 Nos
680 956 833 997 summo
859 955 1071 998 Pastoralis
1101 956 1219 998 animi
1252 954 1372 996 nostri

358 1027 531 1059 »maerore
548 1042 563 1065 ‚
594 1013 832 1056 astrudimus
846 1013 1008 1069 ipsamet
1024 1014 1244 1068 Religione
1261 1012 1374 1054 furo-

361 1088 457 1125 res,
486 1072 750 1129 pugnavimus
768 1071 922 1115 viribus
936 1073 1060 1120 totis,
1092 1073 1239 1122 armis,
1271 1071 1372 1128 legi-

362 1135 440 1177 bus
456 1161 470 1183 ,
499 1130 668 1181 edictis,
702 1140 844 1181 metu,
870 1133 910 1172 &
933 1133 1067 1186 poenis
1085 1160 1096 1171 .
1132 1130 1371 1184 Repulimus

361 1192 509 1246 viginti
534 1219 548 1241 ,
578 1191 618 1230 &
642 1188 750 1231 ultra
780 1188 904 1231 millia
933 1190 1097 1243 utrique
1118 1187 1231 1231 sexfis
1257 1217 1271 1240 ‚
1303 1190 1369 1246 qui

362 1264 447 1295 non
472 1263 588 1292 unam
603 1247 774 1299 Fidem,
806 1246 903 1288 ficut
926 1261 1050 1290 unum
1074 1248 1367 1302 Principem,

366 1322 450 1352 non
465 1322 587 1350 unum
606 1310 765 1350 cultum
783 1335 798 1357 ,
829 1304 926 1347 sicut
942 1320 1068 1349 unum
1082 1309 1247 1349 Numen
1261 1335 1276 1358 ‚
1292 1321 1370 1348 non

362 1381 487 1412 unam
512 1366 759 1416 Ecclesiam,
790 1364 887 1405 ficut
910 1378 1031 1407 unum
1060 1364 1257 1421 Baptisma
1285 1379 1372 1407 am-

364 1426 486 1526 plegli
520 1425 712 1468 volebant
742 1452 754 1464 .
787 1423 1077 1479 Relegavimus
1099 1450 1114 1471 ·,
1146 1424 1246 1465 alios
1280 1424 1370 1466 aliis

363 1500 429 1528 me
463 1485 514 1526 iisr
533 1483 584 1526 ad
602 1482 809 1525 meliorem
824 1483 1061 1527 reduximus
1086 1481 1245 1538 frugem
1260 1510 1277 1532 ,
1307 1491 1372 1524 at-

364 1559 445 1600 que
471 1542 545 1586 hac
567 1541 728 1584 demum
746 1539 808 1582 via
834 1540 1011 1584 retulere
1039 1541 1172 1597 superi
1186 1539 1371 1583 constan-

366 1604 434 1645 tiae
462 1601 600 1643 nostrae
627 1600 833 1655 praemium
850 1628 862 1650 ,
895 1600 1004 1657 steJit
1030 1599 1370 1655 Archiepiscopa-

365 1670 458 1708 tus,
492 1663 531 1702 &
554 1660 651 1701 vicit
668 1688 685 1710 ‚
715 1658 814 1701 vicit
840 1659 989 1713 pariter
1005 1658 1184 1702 Ecclesia
1201 1685 1214 1708 a
1247 1660 1282 1699 δι
1298 1658 1371 1700 tri-

363 1719 579 1774 umphavit
595 1719 632 1758 &
646 1717 894 1760 obtinuimus
909 1717 1065 1759 insimul
1080 1746 1093 1769 ,
1114 1716 1223 1773 quod
1240 1718 1292 1757 ab
1302 1730 1372 1757 an·

363 1779 428 1820 nis
458 1777 564 1819 ultra
590 1776 812 1817 biscentum
837 1777 1008 1819 humana
1025 1776 1083 1817 vis
1108 1775 1221 1818 nulla
1235 1775 1373 1816 conse-

364 1836 464 1892 qui,
495 1844 565 1876 aut
589 1833 782 1875 industria
807 1845 999 1887 poterat,
1030 1834 1138 1890 quod
1168 1835 1367 1887 piorum.)

362 1895 547 1938 omnium
572 1900 669 1935 vota
682 1892 915 1947 flagitabant
931 1907 946 1934 τ
974 1892 1084 1948 quod
1099 1892 1263 1934 Fideles
1286 1905 1377 1932 om-

363 1967 438 1996 -nes
467 1956 490 1997 a
506 1955 597 1993 Deo
610 1950 728 1993 enixe
752 1952 1053 2004 precabantur,
1085 1960 1124 1992 at
1144 1951 1375 2006 juvantibus

360 2010 465 2058 inid
480 2009 651 2053 mirifice
669 2009 917 2052 Coelestibus
932 2012 1047 2065 ipsis,
1071 2011 1140 2065 qui
1159 2012 1237 2052 hoc
1251 2010 1377 2064 ipsum

364 2068 502 2114 Nobis
525 2065 781 2111 reservarunt
798 2082 896 2123 opus
912 2098 923 2109 .
956 2066 1111 2111 verum
1135 2068 1378 2118 enimvero,

366 2127 477 2185 quod
493 2128 546 2170 ita
561 2138 698 2168 tamen
715 2127 932 2181 comprimi
958 2141 1037 2169 non
1057 2128 1243 2183 potuerit
1260 2127 1378 2183 pesti-

364 2187 497 2232 ferum
515 2185 629 2244 huju-s
645 2183 779 2228 feralis
802 2185 937 2240 hydrae
951 2187 1060 2228 virus
1078 2215 1092 2236 ,
1123 2188 1222 2243 quin
1238 2187 1375 2241 aliqua

363 2261 463 2303 pars
487 2245 573 2303 ejus
598 2258 678 2286 non
705 2243 899 2287 resideret
924 2244 1056 2288 adhuc
1083 2247 1124 2286 in
1156 2245 1379 2288 Provinciae

365 2305 507 2347 nostrat
531 2302 772 2352 visceribus,
804 2314 930 2360 atque
956 2304 1125 2360 spiraret
1142 2303 1275 2346 rursus
1304 2304 1379 2344 im·

365 2362 496 2406 manis
513 2364 592 2403 haec
616 2362 754 2403 Bellua
768 2391 781 2414 ‚
801 2362 899 2405 licet
912 2373 1077 2406 centum
1095 2363 1220 2419 petita
1237 2361 1375 2404 vulne-

364 2422 506 2470 ribus,
540 2421 898 2463 centum-vinculis
915 2423 1124 2465 constr-ieta
1138 2421 1275 2464 fenfim
1301 2422 1378 2463 ite·

363 2493 460 2524 rum
485 2476 685 2532 gliscens,
715 2479 755 2519 δε
782 2480 831 2520 ad
853 2480 1000 2535 reliqui
1030 2482 1253 2534 perniciem
1269 2482 1376 2522 Cor·

365 2538 480 2594 poris
496 2536 618 2578 tacita
649 2537 893 2589 contagione
921 2538 1108 2592 serpens,
1139 2539 1241 2580 clam
1262 2539 1376 2579 inva-

365 2597 494 2639 litura
511 2594 548 2636 in
565 2594 651 2636 dies
666 2621 680 2644 ‚
705 2595 742 2635 in
759 2595 935 2637 flammas
951 2598 990 2636 &
1005 2596 1212 2647 incendia,
1235 2596 1270 2653 *fi
1290 2596 1375 2651 quis

364 2653 614 2704 ventilabit,
647 2653 864 2695 etiamnum
889 2666 1105 2710 eruptura,
1140 2656 1236 2697 dum
1253 2655 1375 2696 alitur

365 2711 511 2756 doloso
523 2712 659 2753 cinere
673 2709 891 2766 suppositus
905 2715 1006 2768 ignis
1021 2743 1035 2766 ‚
1059 2715 1127 2756 nisi
1141 2713 1379 2770 tempestive

365 2773 478 2813 malo
494 2769 572 2824 jam
596 2768 728 2810 nostro
756 2772 915 2823 edocti,
947 2787 1123 2826 congrua
1154 2773 1374 2829 repagula-³

366 2842 591 2887 ponamus,
622 2836 748 2882 atque
773 2830 982 2872 obviemus
1012 2834 1284 2887 appropriatis
1308 2846 1373 2874 re-

363 2887 542 2938 mediis,
574 2896 786 2940 antequam
801 2889 961 2930 morbus
987 2891 1120 2931 rursus
1137 2891 1375 2934 aestuarein-

369 2931 524 3002 espiat3
557 2960 635 2986 non
659 2944 786 2987 desint
813 2948 1002 2990 nimirum
1025 2950 1064 2990 in
1083 2949 1265 2993 futurum
1290 2962 1373 2989 am—

367 3007 505 3061 plius,
537 3004 605 3059 qui
622 3002 884 3048 misereantur
912 3007 1026 3060 super
1043 3010 1250 3056 Turbam,
1284 3022 1373 3051 ne)

365 3065 535 3121 plures,
563 3071 606 3103 ut
624 3062 812 3107 hactenus
834 3064 973 3107 evenit
998 3069 1037 3109 &
1053 3064 1268 3111 meminisse
1300 3065 1374 3108 do·

362 3124 459 3172 iet,
489 3122 744 3164 dimittantur
760 3122 879 3178 jejuni
895 3156 910 3176 ‚
937 3127 974 3166 &
997 3126 1188 3171 deficiant
1213 3129 1250 3169 in
1281 3126 1342 3166 via
1358 3151 1372 3172 a

367 3182 469 3224 dum
496 3181 715 3232 Fatuclus,
750 3183 914 3237 aliisque
943 3184 1128 3229 locorum
1143 3185 1372 3229 Pastor-ibus

366 3241 411 3284 in
424 3239 882 3295 peragendisSacrisiciis
898 3243 1371 3295 excipiendisConfeffio-

367 3299 515 3349 nibus,
545 3298 855 3343 administranda
883 3306 954 3345 SS.
978 3305 1251 3357 Eucharistia‚
1284 3301 1370 3344 visr-

366 3357 504 3402 randis
517 3355 691 3400 Infirmis
703 3388 718 3409 ‚
746 3359 953 3403 affistendo
970 3364 1221 3407 Moribundis
1234 3396 1251 3416 ,
1266 3359 1373 3406 aliis-

369 3431 449 3473 que
474 3417 701 3459 animarum
726 3434 830 3461 curae
855 3419 1124 3466 functionibus
1146 3422 1343 3467 continuo
1359 3451 1375 3473 ,

369 3482 410 3519 &
427 3491 476 3518 ex
490 3473 745 3530 affeirretitis
762 3493 840 3521 non
855 3489 944 3522 erat
957 3510 972 3530 ,
992 3482 1059 3536 qui
1074 3484 1253 3538 parvulis
1269 3480 1375 3524 fran.

368 3546 488 3592 geret
515 3548 684 3589 panem,
716 3537 928 3581 instrueret
952 3541 1211 3594 ignorantes,
1237 3543 1374 3584 fleste-

366 3606 434 3640 ret
449 3595 593 3638 dubios
607 3624 620 3646 ,
648 3605 771 3652 atque
797 3598 846 3640 ad
866 3597 1055 3641 Ecclefiae
1076 3601 1189 3643 ovile
1202 3601 1374 3644 reduce-

367 3665 434 3699 ret
465 3655 618 3711 longe,
649 3655 814 3713 lateque
839 3657 987 3699 diffitas
1017 3673 1141 3712 oveS,
1170 3661 1262 3702 hinc
1288 3660 1374 3709 est,

361 3714 479 3772 quod
499 3739 514 3760 a
550 3715 755 3770 postquam
784 3730 858 3771 pro
888 3716 1072 3772 pastorali
1098 3718 1373 3762 sollicitudine

368 3776 573 3822 animum,
607 3776 835 3831 nostrasque
850 3776 901 3818 de
920 3775 1100 3821 funditus
1128 3777 1369 3836 extirpanda

365 3835 498 3878 haeresi
520 3846 635 3876 curas
650 3836 689 3879 in
704 3849 866 3880 omnem
876 3847 1036 3893 partem
1056 3838 1123 3880 diu
1137 3865 1151 3888 a
1175 3840 1369 3882 multum-

1121 232 1694 330 Prfo'vincia

1427 381 1508 423 que
1529 363 1771 407 versavimus
1788 391 1802 415 ,
1834 362 2014 420 dumque
2028 365 2167 409 oculos
2190 371 2229 411 &
2253 367 2435 412 mc'ntem

1429 426 1603 468 nostram
1630 425 1667 465 in
1686 425 1870 479 priorum
1884 423 2128 467 saeculorum-
2146 438 2435 471 monumenta..-

1430 486 1590 541 penitus
1606 481 1816 525 defiximus
1829 511 1843 534 ‚
1858 496 1979 525 unum
2008 485 2141 524 adhuc
2156 511 2172 535 ,
2202 484 2325 541 idque
2341 486 2436 529 uni-

1428 558 1519 585 cum
1537 539 1729 598 superesse
1741 541 2008 598 comperimus
2021 571 2036 592 ,
2050 542 2160 598 quod
2173 543 2288 598 possit
2305 547 2438 599 ignem

1433 604 1556 651 hunc,
1571 603 1666 644 seris
1687 600 1810 643 etiam
1837 600 2099 643 metuendum
2116 601 2408 646 Succefforibus
2423 633 2439 657 ‚

1432 662 1667 717 extinguere
1683 688 1696 712 ,
1722 660 1893 715 perdere
1909 688 1924 711 ‚
1949 657 2140 701 &delere
2154 687 2168 711 ‚
2207 658 2232 701 si
2249 660 2440 716 plur-ani-

1432 720 1579 762 mirum
1595 733 1645 762 ex
1660 719 1826 761 diversis
1841 719 2062 760 Ordinibus
2077 718 2294 775 (continua
2312 729 2355 760 ut
2366 721 2412 761 sit
2424 749 2440 773 ,

1435 792 1564 833 eaque
1578 780 1642 833 pia
1657 778 1766 819 inter
1781 791 1851 820 eos
1866 777 2075 822 laborandi
2103 778 2142 818 in
2160 777 2279 819 vinea
2297 778 2439 820 Domi-

1428 838 1467 879 ni
1482 837 1827 893 aemulatio)atque
1845 838 1881 878 in
1898 837 2068 880 diversis
2084 836 2288 878 Montium
2305 834 2406 879 locis
2420 865 2436 889 ,

1430 897 1470 939 in
1497 895 1641 951 quibus
1668 897 1854 939 haeretica
1884 894 1972 939 lues
1990 895 2114 951 magis
2134 896 2320 937 hactenus
2338 889 2438 937 inse-

1432 955 1522 997 nuit
1549 983 1563 1006 ,
1597 953 1869 1011 utfirmiffima
1884 954 2199 998 armamentoria
2225 951 2441 1006 Ecclesiae,

1434 1011 1657 1056 fundentur
1693 1013 2024 1068 Apostolicorum
2063 1011 2443 1064 Miffionariorum.»

1433 1070 1647 1127 Hospitia,
1677 1073 1745 1129 qui
1771 1072 2007 1117 incessanter
2031 1071 2290 1128 excurrendo
2316 1073 2442 1112 &ca-

1433 1131 1733 1182 thechizando,
1765 1132 1889 1174 rudes
1926 1133 2117 1175 instruant
2146 1159 2163 1182 ‚
2199 1131 2437 1175 dubitantes

1434 1190 1636 1231 infleerant
1651 1189 1784 1239 ,clam
1806 1189 2012 1244 inquirant
2033 1191 2072 1232 in
2092 1188 2289 1244 suspectos
2304 1217 2319 1241 ‚
2349 1191 2438 1231 om'·

1432 1248 1578 1303 niaque
1602 1261 1651 1289 ea
1679 1257 1905 1302 peragant,
1941 1260 2025 1303 quae
2050 1247 2308 1298 individuum
2323 1248 2439 1302 Apo·

1434 1305 1581 1348 stolicae
1597 1304 1789 1348 Miffionis
1819 1320 1958 1348 munus
1984 1305 2190 1360 exposcit.
2219 1309 2444 1361 Quaprop-

1434 1373 1497 1407 ter
1509 1379 1599 1407 cum
1611 1364 1662 1412 ad
1678 1366 1860 1407 eflectum
1872 1363 2106 1420 praemiffum
2122 1363 2234 1406 inter
2245 1363 2343 1406 alios
2355 1364 2445 1420 plu-

1431 1438 1494 1466 res
1520 1422 1803 1466 strenuiffimos
1818 1424 1966 1466 Christi
1984 1424 2150 1476 milites,
2167 1426 2247 1467 Pp.
2263 1423 2444 1479 Capuci-

1432 1484 1501 1532 ni‚
1531 1481 1789 1525 Venerabilis
1816 1482 1984 1525 Ordinis
2011 1483 2053 1523 S.
2079 1481 2305 1533 Francisci,
2337 1484 2441 1526 Pro·

1433 1542 1569 1583 vinciae
1594 1540 1733 1583 nostrae
1750 1542 2063 1597 salisburgensis
2078 1570 2092 1591 ‚
2119 1556 2193 1597 pro
2209 1541 2334 1592 zelo,
2358 1555 2442 1598 quo

1432 1601 1602 1655 flagrant
1630 1598 1679 1643 ad
1696 1599 1920 1643 animarum
1937 1601 2110 1642 salutem
2124 1628 2139 1650 ,
2152 1611 2319 1654 operam
2333 1599 2447 1642 suam.

1432 1659 1684 1709 detulerint,
1716 1659 1921 1703 statuimus
1938 1658 2097 1715 &ipsos
2115 1671 2276 1713 quoque
2294 1657 2332 1699 in
2351 1672 2446 1715 par-

1435 1729 1518 1759 tem
1539 1717 1688 1760 laboris
1704 1730 1852 1760 vocare
1868 1747 1882 1769 ‚
1910 1718 2139 1775 divinaque>
2155 1713 2248 1758 freti
2263 1728 2372 1772 ope,
2399 1719 2439 1759 &

1433 1776 1634 1820 constanti
1660 1776 1909 1831 experientia
1942 1776 2080 1827 (loeti,
2113 1775 2373 1819 decrevimus
2401 1776 2442 1818 in

1438 1836 1648 1886 Domino,
1675 1834 2008 1891 decernimusque
2037 1834 2087 1877 ad
2113 1834 2387 1878 stabiliendam
2404 1834 2445 1877 in

1439 1895 1612 1937 Dioecesi
1643 1895 1810 1945 nostra,
1845 1895 2017 1938 maxime
2045 1893 2149 1936 intra
2178 1897 2342 1936 Montes
2367 1895 2445 1936 Or·-

1437 1953 1659 1996 thodoxam
1676 1953 1938 2008 Religionem
1950 1954 1998 1996 ad
2014 1952 2287 2009 profligandas
2314 1955 2442 1997 haere-

1440 2015 1499 2054 ses
1523 2039 1537 2061 ‚
1564 2024 1684 2066 atque
1706 2012 1756 2054 ad
1784 2012 2085 2067 propagandam
2112 2011 2306 2068 majorem
2335 2011 2443 2063 Dei,

1437 2073 1676 2126 'SanCtaeque
1702 2070 1847 2112 Matris
1865 2070 2051 2113 Ecclesiae
2080 2069 2445 2112 &Archidioecesis

1437 2130 1576 2171 nostrae
1592 2128 1762 2186 gloriam
1776 2157 1790 2180 ‚
1817 2127 1967 2171 eisdem
1988 2132 2066 2172 PP.
2082 2129 2298 2184 Capucinis
2312 2130 2450 2180 ,Pro-
2483 2171 2487 2177 ,

1438 2189 1580 2230 vinciae
1609 2190 1800 2240 praetaoae
1825 2202 1949 2244 prope
1966 2187 2171 2244 Oppidum
2187 2188 2381 2230 Nostrum
2406 2192 2456 2230 ln.

1440 2246 1622 2288 Werfsen
1638 2247 1686 2288 ad
1705 2245 1893 2290 effectum
1907 2246 2192 2291 tantummodo
2207 2246 2448 2302 peragendae

1439 2305 1682 2360 Apostolicae
1704 2305 1896 2349 Miffionis
1921 2305 2068 2349 Sedem
2086 2305 2263 2347 stabilem
2292 2304 2445 2359 sigere,

1437 2375 1561 2418 atque
1593 2361 1660 2405 sub
1679 2362 1866 2416 legibus,
1900 2362 2053 2419 pastis,
2080 2362 2444 2406 &conditionibus

1436 2421 1540 2465 infra
1565 2419 1747 2464 dicendis
1763 2421 1801 2462 in
1816 2432 2058 2477 perpetuum
2073 2419 2241 2464 firmare
2255 2447 2268 2462 .

1494 2481 1532 2530 ξ.
1560 2492 1601 2527 5.
1627 2480 1764 2522 Primo
1787 2482 1923 2535 itaque
1952 2480 2124 2532 damus,
2150 2479 2445 2532 concedimus,

1435 2541 1476 2580 δε
1500 2538 1699 2581 tradimus
1724 2539 1914 2582 antelatis
1941 2539 2123 2582 Patribus
2148 2541 2200 2583 ab
2227 2539 2333 2582 omni
2363 2569 2377 2591 ,
2403 2541 2444 2581 &

1437 2611 1696 2654 qnocumque
1721 2610 1848 2639 onere
1877 2599 2004 2648 reali,
2033 2598 2185 2650 mixto,
2216 2598 2283 2640 seu
2307 2597 2446 2653 perso-

1439 2657 1524 2700 nali
1557 2657 1720 2713 penitus
1758 2655 1927 2699 liberam
1951 2686 1967 2707 ‚
2005 2658 2045 2697 &
2091 2658 2310 2699 immunem
2351 2666 2446 2699 tan-

1438 2727 1518 2759 tam
1554 2719 1827 2771 quantitatem
1854 2716 1991 2771 praedii
2020 2715 2142 2757 nostri
2166 2742 2181 2764 ι,
2216 2713 2442 2768 nuncupati

1439 2773 1678 2831 Majenfhld‚
1704 2774 1890 2817 haetenus
1906 2775 1957 2816 ad
1973 2773 2230 2827 gaudendum
2250 2772 2444 2816 Praefeaesto

1436 2835 1575 2877 nostro
1600 2834 1639 2874 in
1658 2833 1834 2876 Werffen
1852 2832 2019 2875 concessi
2036 2861 2050 2882 ,
2080 2834 2120 2873 ἃ,
2137 2831 2193 2872 siti
2217 2846 2344 2888 prope
2361 2859 2376 2883 ,
2404 2832 2446 2874 ἃ.

1439 2893 1555 2946 super
1569 2891 2039 2946 Oppidum-praedistum
2058 2918 2072 2940 ,
2104 2905 2191 2946 quae
2217 2892 2444 2935 nimirum-a

1433 2953 1647 2994 Orientem
1676 2951 1815 2994 versus
1843 2949 2003 3000 existit,
2033 2963 2195 3003 quaeque
2225 2949 2281 2992 sat
2305 2950 2348 2992 sit
2366 2963 2442 3004 pro

1433 3010 1607 3064 desuper
1644 3008 1879 3065 extruendo
1906 3007 2098 3051 Miffionis
2131 3003 2320 3062 Hospitio
2347 3037 2363 3060 ‚
2404 3009 2445 3050 &

1433 3065 1665 3112 aedificanda
1684 3083 1806 3123 parva
1825 3066 2004 3111 Ecclesia
2021 3076 2141 3122 atque
2162 3067 2360 3118 hortulo,
2374 3065 2440 3121 ju-

1433 3143 1530 3185 gera
1556 3125 1711 3169 scilicet
1739 3126 1824 3168 duo
1847 3125 2014 3167 circiter
2037 3153 2054 3176 2
2085 3134 2204 3178 prout
2239 3126 2442 3180 praedium

1432 3186 1663 3244 praediRum
1689 3199 1780 3227 cum
1806 3186 2035 3240 quantitate
2057 3184 2301 3228 extrahenda
2321 3213 2334 3236 ,
2365 3185 2442 3227 hac

1431 3247 1700 3301 undequaque
1729 3243 1835 3287 linea
1865 3244 1990 3286 rubra
2015 3244 2168 3298 signata
2195 3241 2244 3284 ad
2273 3243 2442 3286 oculum

1434 3307 1584 3361 praebet
1600 3304 1847 3354 delineatio,
1880 3303 2007 3345 Nobis
2030 3302 2239 3353 exhibita,
2271 3302 2441 3358 praesen·

1437 3365 1542 3408 tibus
1562 3363 1707 3407 nostris
1724 3362 2002 3405 annectenda.

1440 3473 1442 3476 ,
1496 3422 1713 3472 Secundo,
1742 3422 1941 3465 curabunt
1963 3429 2136 3463 econtra
2159 3419 2218 3462 illi
2234 3434 2326 3463 cum
2355 3427 2445 3465 tota

1436 3483 1650 3527 Provincia
1676 3507 1691 3528 a
1720 3481 1770 3522 ad
1797 3481 2068 3538 permetipsos
2103 3479 2217 3521 ultro
2241 3479 2444 3529 oblatas,

1434 3541 1740 3585 Benefac’torum
1755 3553 1899 3582 eorum
1923 3538 2202 3593 largitionibus
2217 3537 2341 3594 ipsam
2359 3542 2446 3582 Do-

1432 3616 1544 3646 mum
1563 3598 1756 3643 Missionis
1770 3597 1939 3654 desuper
1952 3595 2161 3647 aedificari,
2172 3607 2349 3653 quatuor
2366 3600 2444 3643 Pa-

1434 3672 1544 3706 trum
1560 3657 1898 3702 Miffionariorum
1913 3668 2036 3714 atque
2052 3658 2168 3699 unius
2185 3659 2334 3700 Fratris
2353 3660 2446 3702 Lai·

1433 3722 1470 3762 ci
1497 3717 1736 3762 habitationi
1766 3729 1989 3771 congruam
2015 3718 2055 3757 &
2078 3727 2213 3773 aptam
2241 3745 2256 3767 ‚
2287 3717 2442 3760 additis

1430 3778 1590 3821 duobus
1603 3775 1818 3821 Cubiculis
1834 3804 1848 3827 ‚
1881 3775 2117 3831 Hospitibus
2132 3802 2146 3825 2
2179 3778 2248 3819 seu
2273 3779 2321 3819 P.
2337 3779 2441 3820 Pro-

1431 3836 1595 3881 vinciali
1613 3835 1694 3879 usui
1710 3833 1858 3878 futuris
1873 3863 1886 3887 ‚
1917 3845 2061 3892 praeter
2086 3834 2409 3880 Refectoriolum
2425 3863 2440 3888 ‚

2296 3897 2383 3938 Cu-
