2658 4256
471 192 591 281 88

398 323 603 366 emanavit
620 322 864 369 Decretum,
878 315 1335 371 tenoris'subsequentis,
1351 319 1403 358 vi-

400 381 578 425 delicet:
611 379 747 427 liuhi,
775 380 811 420 δι
831 377 924 420 Rfi‘n
947 379 1119 419 Domini.
1144 375 1403 418 provincialis

400 441 717 497 Capucinorum,
733 439 948 479 Provinciae
967 435 1171 484 Flandriae,
1186 431 1314 475 refert
1332 433 1402 475 ali·-

398 514 498 555 quos
522 497 737 554 episcopos
765 498 1014 551 praetendere
1038 523 1052 544 ,
1090 506 1131 535 ut
1167 493 1205 534 in
1238 493 1365 534 literis
1387 520 1401 543 ,

399 559 543 614 quibus
561 554 640 611 ipse
658 555 745 597 suos
763 557 924 596 Fratres
939 553 1184 597 ordinandos
1198 548 1399 593 transmit-

397 617 453 658 tit
477 646 493 668 ,
526 615 715 658 exhibeat
743 614 1043 663 reverentiam,
1067 613 1103 651 &
1132 611 1402 654 obedientiam

399 674 602 730 Episcopis
619 699 634 721 o
658 674 697 719 q&
711 673 880 728 amplius
895 671 1048 726 praestet
1061 669 1270 726 juridicam
1286 667 1395 711 fidei·

405 732 611 790 juffionem
630 730 948 773 ffibministrandi
969 730 1139 780 vie-tum,
1162 730 1201 770 δι
1220 727 1400 770 vestitum

406 791 456 832 iis
471 819 484 841 ,
510 804 610 847 quos
645 789 883 844 apostatari,
913 798 981 830 aut
1014 787 1111 830 alias
1135 789 1158 831 a
1188 786 1404 841 Religionc

404 849 560 892 dimitti
576 848 789 902 continget
802 877 818 898 ,
849 861 934 902 quae
952 860 1046 888 cum
1061 859 1163 887 nova
1177 847 1249 887 fint
1264 870 1278 892 2
1294 846 1330 886 &
1347 844 1406 885 in-

403 908 567 958 audita,
591 922 640 949 ne
667 906 778 962 quod
794 903 1284 962 Religionipraejudicium
1305 900 1406 944 infe-

401 977 511 1008 ratur
529 995 544 1018 ,
568 965 800 1020 supplicat,
831 975 873 1005 ut
897 964 1127 1007 declaretur
1153 961 1302 1018 anipse
1315 959 1407 1016 pos·

401 1024 451 1066 fit
469 1025 518 1066 ad
543 1025 619 1065 hoc
650 1021 870 1078 compelli,
898 1023 1056 1065 necne?
1079 1036 1133 1062 Ξ
1161 1023 1279 1063 Sacra
1293 1024 1406 1062 Con-

409 1083 594 1138 gregatio
610 1081 888 1123 Cardinalium
900 1079 1078 1122 Concilii
1098 1079 1328 1122 Tridentini
1343 1080 1406 1119 In.

409 1151 635 1195 terpretum
660 1139 814 1181 censuit
829 1168 841 1189 ,
864 1137 1159 1181 Provincialem
1173 1137 1403 1192 Capucino-

405 1213 495 1242 rum
522 1198 562 1241 in
578 1196 706 1240 literis
720 1195 970 1245 dimissoriis,
997 1208 1092 1250 quas
1106 1195 1180 1236 suis
1196 1195 1403 1239 Fratribus

403 1257 595 1299 concedit
627 1256 675 1296 ad
707 1254 879 1296 Ordines
906 1253 1173 1308 suscipiendos
1196 1283 1210 1305 ,
1248 1267 1402 1308 nequa-

402 1329 520 1368 quam
546 1313 637 1366 cogi
654 1310 762 1365 posse
776 1314 823 1352 ab
841 1311 1047 1366 Episcopis
1063 1312 1111 1353 ad
1133 1313 1401 1356 reverentiam

400 1375 439 1414 &
462 1370 747 1418 obedientiam,
765 1369 842 1411 illis
857 1369 1122 1412 exhibendam
1138 1399 1151 1420 ‚
1180 1381 1248 1413 aut
1260 1372 1310 1413 ad
1327 1371 1401 1412 hu·

401 1429 571 1488 jusmodi
606 1426 894 1481 fidejuffionem
916 1428 1203 1482 praestandam,
1228 1443 1398 1485 neque-³

397 1488 528 1532 ullum
554 1488 659 1542 pium
673 1487 900 1528 Antistitem
913 1487 1063 1529 debere
1076 1513 1090 1535 ,
1112 1497 1181 1529 aut
1199 1497 1286 1529 tuta
1299 1501 1397 1528 con-

402 1546 567 1590 scientia
593 1541 695 1597 posse
710 1544 759 1585 ab
776 1546 1014 1587 eorumdem
1032 1547 1219 1586 Fratrum
1234 1546 1398 1588 ordina-

399 1604 577 1647 tionibus
593 1603 669 1643 hoc
687 1602 770 1644 solo
787 1612 983 1658 praetextu
1001 1603 1194 1645 abstinere
1208 1603 1335 1657 ,quod
1353 1617 1398 1646 ea

399 1661 572 1704 formula
593 1660 804 1703 exhibendi
824 1659 1027 1715 Episcopo
1051 1662 1314 1703 reverentiam
1331 1663 1397 1711 ,&

401 1719 672 1764 obedientiam
698 1716 879 1769 servata,
914 1719 980 1760 vel
1006 1717 1197 1773 fidejuffio
1230 1719 1399 1775 praestita

401 1794 482 1822 non
499 1776 620 1819 fuerit
647 1791 702 1816 -τ
727 1776 895 1821 Cosmus
909 1777 1135 1820 Cardinalis
1155 1779 1206 1822 de
1221 1780 1370 1821 Torres
1384 1805 1396 1818 .

399 1839 514 1881 Loco
527 1837 577 1887 ›1‹
593 1833 722 1888 sigini
737 1865 749 1876 .

457 1899 562 1936 Cum
577 1904 711 1934 autem
727 1921 742 1942 ,
758 1892 854 1935 s1cut
871 1893 1012 1935 eadem
1026 1893 1219 1946 expofitio
1239 1893 1396 1949 subjun-

403 1953 524 2008 gebat
537 1978 552 1999 ,
568 1951 747 1992 Minister
762 1951 1024 1993 Provincialis
1047 1952 1254 2005 praedic'tus
1270 1952 1395 2006 pluri-

402 2009 509 2051 mum
524 2009 656 2063 cupiat
674 2012 894 2051 Decretum
910 2010 1135 2063 hujusmodi
1159 2026 1231 2067 pro
1244 2010 1395 2052 firmio-

399 2069 434 2110 ri
451 2067 554 2109 illius
570 2066 813 2109 subfistentia
828 2094 842 2116 ,
871 2070 911 2109 &
924 2066 1397 2125 observantia,Apolioli-

399 2139 454 2167 cae
469 2124 780 2167 confirmationis
794 2127 1016 2179 patrocinio
1029 2126 1394 2170 communiri.1de0

400 2183 531 2227 Nobis
556 2183 765 2225 humiliter
779 2183 989 2240 supplicari
1005 2184 1128 2237 fecit,
1152 2196 1195 2228 ut
1212 2186 1299 2243 ejus
1319 2201 1393 2229 vo·

398 2242 449 2284 tis
464 2239 687 2293 hujusmodi
703 2255 876 2285 annuere
902 2242 955 2285 de
970 2244 1218 2299 benignitate
1235 2243 1392 2300 aposto-

402 2298 481 2342 lica
497 2298 752 2353 dignaremur
765 2329 777 2341 .
812 2305 895 2343 Nos
917 2302 1042 2356 igitur
1058 2303 1279 2345 Ministrum
1297 2306 1394 2346 Pro-

398 2358 614 2399 vincialem
644 2358 875 2412 praedidtum
897 2359 1130 2413 specialibus
1159 2355 1392 2411 favoribus,

399 2417 439 2457 δι
464 2415 599 2469 gratiis
627 2415 808 2471 prosequi
836 2417 1049 2466 volentes,
1080 2421 1116 2460 δε
1143 2419 1163 2460 a
1191 2420 1391 2474 quibusvis

397 2473 820 2517 excommunicationis
834 2504 849 2525 ‚
876 2475 1130 2529 suspenfionis
1146 2505 1160 2527 ,
1172 2478 1209 2518 &
1227 2478 1393 2520 interdi-

398 2533 448 2572 e'ti
465 2559 478 2581 ,
496 2531 658 2586 aliisque
673 2531 952 2574 Ecclesrasticis
973 2535 1195 2576 Sententiis
1209 2563 1223 2586 ,
1239 2534 1393 2579 Censu-

399 2590 467 2637 ris,
479 2590 518 2629 ἃ.
532 2591 643 2645 penis
658 2589 679 2630 a
694 2589 798 2642 jure,
811 2591 876 2633 vel
894 2591 941 2632 ab
957 2591 1118 2635 homine
1133 2596 1268 2648 quavis
1281 2608 1394 2637 occa·

401 2647 507 2689 sione
519 2675 533 2697 ,
551 2647 615 2687 vel
629 2645 742 2689 causa
757 2648 870 2698 latis,
889 2650 913 2688 fi
930 2651 1073 2704 quibus
1087 2653 1397 2706 quomodolibet

397 2704 608 2747 innodatus
622 2705 818 2755 existit‚ad
835 2705 1016 2749 effefium
1031 2708 1272 2763 praesentium
1286 2711 1397 2752 dum-

399 2771 508 2804 taxat
526 2759 861 2816 consequendum,
879 2765 1014 2807 harum
1030 2765 1126 2810 serie
1144 2768 1395 2812 absolventes

399 2822 439 2862 δι
452 2818 674 2862 absolutum
693 2818 779 2862 fore
792 2822 1237 2879 censentes,hujusmodi
1252 2828 1393 2883 suppli·

401 2879 625 2920 cationibus
654 2878 835 2921 inclinati
850 2905 864 2927 ,
879 2881 1101 2924 Decretum
1122 2885 1393 2938 praeinsertum

400 2933 653 2991 hujusmodi,
680 2939 712 2977 A
722 2937 909 2989 postolica
934 2941 1191 2984 Auctoritate
1206 2972 1221 2993 ,
1244 2953 1391 2986 tenore

400 2994 652 3052 praesentium
670 2998 865 3050 perpetuo
877 2999 1143 3052 approbamus
1157 3026 1170 3049 ,
1192 3002 1231 3043 δι
1243 3006 1391 3044 confir-

404 3067 585 3102 mamus,
617 3053 759 3110 illique
793 3055 1034 3100 inviolabilis
1057 3059 1299 3113 Apostolicae
1324 3060 1394 3104 fir-

400 3112 547 3153 mitatis
564 3113 688 3153 robur
702 3110 907 3166 adjicimus
919 3145 934 3165 ‚
959 3129 1004 3157 ac
1021 3131 1166 3159 omnes
1180 3148 1194 3170 ,
1214 3121 1254 3161 &
1268 3119 1394 3174 fingu-

337 3200 339 3203 .
399 3170 459 3213 los
478 3198 491 3220 ‚
518 3179 599 3211 tam
627 3169 723 3225 juris
742 3198 756 3221 ,
781 3175 901 3227 quam
924 3174 1014 3215 fasti
1039 3174 1247 3229 defectus,
1271 3178 1296 3220 s1
1325 3178 1393 3233 qui

400 3229 572 3283 desuper
585 3228 891 3282 quomodolibet
908 3232 1224 3284 intervenerint,
1239 3237 1394 3291 supple.

398 3300 487 3327 mus
502 3316 515 3337 ,
548 3285 752 3343 ipsumque
768 3290 1012 3342 Decretum,
1031 3308 1075 3335 ac
1090 3296 1246 3346 omnia,
1267 3298 1306 3338 δι
1320 3294 1394 3337 fin-

397 3345 492 3401 gula
518 3346 554 3386 in
576 3359 628 3389 eo
639 3356 832 3390 contenta
852 3349 901 3390 ab
914 3350 1111 3399 omnibus,
1122 3353 1171 3395 ad
1187 3368 1285 3409 quos
1301 3353 1387 3409 spe-

399 3408 479 3446 ctat
493 3432 506 3453 ,
536 3404 627 3446 &in
646 3404 824 3447 futurum
839 3407 1146 3461 quomodolibet
1169 3410 1358 3467 speftabit
1374 3440 1389 3463 ,

398 3462 594 3513 firmiter,
623 3465 661 3506 δι
686 3465 977 3508 inviolabiliter
1004 3469 1233 3522 observari,
1259 3471 1390 3525 ficque

398 3534 473 3577 per
498 3519 765 3577 quoscumque
783 3523 946 3578 Judices
961 3525 1197 3570 Ordinatios
1213 3558 1226 3580 ,
1251 3531 1288 3571 &
1306 3532 1390 3573 De-

399 3579 555 3634 legatos
570 3581 644 3621 &c.
670 3581 891 3625 Causarum
915 3583 1055 3627 Palatii
1074 3586 1291 3641 Apostolici
1308 3594 1392 3631 Au-

399 3637 553 3680 ditores
569 3664 581 3685 ,
598 3638 796 3693 judicari,
821 3642 860 3683 &
873 3641 1034 3685 definiri
1048 3643 1199 3687 debere
1214 3673 1228 3696 ,
1240 3660 1285 3688 ac
1298 3648 1393 3690 irri-

403 3706 515 3761 tum,
546 3698 714 3739 &inane
729 3727 743 3750 ‚
757 3698 780 3740 fi
798 3698 906 3742 secus
923 3699 1037 3757 super
1067 3704 1127 3745 his
1150 3705 1174 3747 a
1191 3719 1393 3761 quoquam

395 3767 532 3813 quavis
559 3757 794 3802 auctoritate
825 3758 1031 3815 scienter,
1059 3762 1124 3806 vel
1151 3763 1391 3821 ignoranter

1182 181 1773 271 ‘Provincia'

1465 313 1684 367 contigerit
1699 307 1913 353 attentari.
1932 310 2027 351 Non
2040 309 2288 355 obstantibus
2304 311 2463 356 Consti-

1463 371 1688 413 tutionibus
1702 399 1716 421 ,
1730 371 1768 411 &
1781 368 2110 410 Ordinationibus
2134 371 2373 426 Apostolicis
2393 401 2406 423 ,
2417 385 2464 415 ac

1463 428 1672 485 quibusvis
1692 426 1943 484 privilegiiS,
1972 426 2138 480 gratiis,
2170 432 2209 471 &
2233 429 2401 475 indultis
2424 431 2465 473 in

1462 488 1714 530 contrarium
1733 483 2012 541 praemifforum
2041 487 2350 540 quomodolibet
2363 504 2464 532 con-

1462 547 1575 590 ceffis
1592 575 1605 598 ,
1636 544 1912 595 confirmatis,
1934 542 2213 597 ‹⁴341inn‘ovatis.¹
2233 549 2465 605 caeterisque

1462 607 1503 649 in
1521 607 1770 647 contrarium
1785 601 2027 646 facientibus
2046 602 2371 660 quibuscumque.

1522 667 1673 706 Datum
1687 666 1825 705 Romae
1839 662 1945 715 apud
1972 665 2012 703 δ.
2026 662 2190 703 Petrum
2205 663 2272 703 sub
2293 664 2462 707 Annulo

1463 722 1710 774 Pilcatoris‚
1740 722 1806 764 die
1831 734 1931 763 xxvi
1948 733 2008 761 ιι.
2034 719 2132 762 Maii
2147 732 2345 765 mncxxv.
2358 723 2460 766 Pon·

1464 780 1546 824 tific
1556 792 1647 826 atus
1664 780 1786 823 nostri
1799 782 1923 823 Anno
1937 778 2126 821 secundo.

2038 895 2092 937 V.
2111 895 2355 940 Theatinuss

1522 1016 1622 1058 Aut.
1647 1017 1691 1057 in
1706 1015 1829 1058 Arcb.
1853 1017 1997 1057 secret.
2017 1016 2138 1055 Brev.
2164 1011 2295 1071 Apost.
2321 1010 2465 1070 regrsso

1577 1073 1697 1132 mens:
1714 1075 1767 1124 ῤ’
1787 1073 1881 1116 anni
1897 1073 2022 1127 praed.
2034 1070 2121 1132 fol.
2140 1075 2234 1121 185.

1463 1309 1886 1378 Congregationem
1938 1307 2161 1374 Equitum
2209 1306 2468 1356 Dominicae

1526 1377 1765 1437 Paffionis,
1794 1380 1840 1427 in
1870 1379 2076 1428 Civitate
2097 1373 2373 1427 Bruxellenfi
2409 1375 2470 1426 ad

1527 1451 1748 1498 auxilium
1771 1453 1982 1498 Fratrum
2016 1465 2099 1515 pro
2133 1446 2317 1516 dignius
2350 1447 2469 1495 cele-

1527 1517 1694 1567 branda
1720 1536 1804 1580 40.
1841 1519 2058 1567 horarum
2092 1521 2298 1567 oratione
2341 1514 2467 1566 insti-

1524 1601 1678 1639 tutam
1691 1623 1708 1646 ,
1728 1590 1861 1639 variis
1873 1586 2167 1657 indulgentiis
2193 1585 2242 1638 ὅ(
2265 1585 2459 1638 indultis

1527 1672 1688 1708 ornat.

1509 1776 1939 1831 URBANUS
1992 1778 2218 1826 PAPA
2255 1777 2411 1825 VIII.

1622 1895 1692 1938 Ad
1704 1904 1943 1951 perpetuam
1968 1896 2031 1937 rei
2053 1895 2302 1936 memoriam.

1572 2012 1653 2053 Um
1670 2037 1687 2060 ,
1717 2010 1818 2063 ficut
1842 2011 2068 2066 accepimus
2085 2037 2099 2060 ,
2131 2010 2171 2053 in
2187 2008 2468 2065 OppidozBruss

1457 2101 1463 2107 .
1534 2087 1537 2091 ·
1585 2069 1750 2111 xellenfi
1766 2097 1781 2121 ,
1809 2070 2001 2114 Mechlin.
2019 2070 2153 2111 Dioec.
2168 2082 2244 2112 una
2260 2081 2324 2123 pia
2340 2064 2465 2109 Chris

1455 2127 1685 2171 stitidelium
1712 2129 1990 2185 congregatio
2020 2128 2212 2183 Equitum
2244 2125 2465 2168 Dominicae

1454 2187 1646 2230 Paffionis
1679 2187 1889 2230 Canonice
1923 2186 2100 2229 instituta
2139 2185 2278 2229 existat
2303 2214 2320 2236 ,
2351 2182 2466 2238 cujus

1454 2243 1697 2288 Confratres
1716 2273 1730 2295 ,
1755 2246 1795 2287 in
1826 2247 1990 2289 divertis
2007 2245 2214 2287 charitatis
2243 2245 2280 2284 ἃ.
2306 2241 2471 2298 pietatis

1452 2305 1642 2359 operibus
1658 2331 1672 2354 ,
1703 2305 1742 2345 ἃ,
1759 2304 1974 2358 praesertim
1994 2303 2034 2344 in
2053 2303 2292 2361 auxiliandis
2313 2299 2466 2343 Fratri-

1452 2364 1525 2403 bus
1541 2362 1710 2404 Ordinis
1725 2363 1928 2405 Minorum
1955 2365 1994 2404 S.
2013 2360 2228 2406 Francisci‚
2245 2357 2464 2414 Capucinis

1452 2420 1702 2475 nuncupatis,
1719 2422 1756 2463 in
1771 2419 2012 2463 celebranda
2034 2422 2222 2462 oratione
2236 2431 2305 2468 40³
2332 2419 2456 2459 hora-

1451 2492 1629 2534 rum‚per
1642 2477 1798 2523 eosdem
1817 2482 1974 2522 Fratres
1989 2477 2040 2519 de
2053 2478 2215 2520 licentia
2225 2477 2340 2520 Sedis
2350 2478 2467 2530 Αροᾰ

1451 2537 1597 2581 stolicae
1618 2538 1767 2581 institui
1793 2537 1936 2589 solita,
1970 2531 2053 2579 sese
2067 2549 2264 2579 exercere
2291 2535 2463 2576 consue—

1454 2597 1613 2646 verint,
1645 2600 1757 2647 Nos,
1787 2607 1831 2638 ut
1846 2597 2123 2650 Congregatio
2138 2593 2360 2650 hujusmodi
2381 2597 2466 2635 mai

1453 2655 1540 2714 jora
1561 2655 1599 2696 in
1614 2654 1700 2696 dies
1728 2656 1908 2711 suscipiat
1921 2658 2172 2696 incrementa
2188 2681 2202 2702 ,
2213 2653 2264 2695 de
2279 2651 2466 2705 omnipo·-

1455 2714 1581 2756 tentis
1600 2715 1677 2755 Dei
1698 2712 1996 2762 misericordia,
2026 2714 2066 2753 &
2087 2713 2139 2754 de
2155 2714 2372 2752 Beatorum
2389 2711 2465 2752 Pe-

1455 2773 1509 2814 tri
1524 2773 1562 2813 &
1580 2772 1693 2815 Pauli
1708 2773 1996 2827 Apostolorum
2009 2771 2092 2824 ejus
2106 2769 2347 2812 auctoritate
2363 2781 2462 2809 con·

1454 2828 1526 2882 fisi,
1538 2831 1719 2872 omnibus
1735 2833 1775 2872 ἃ,
1791 2829 1949 2885 fingulis
1963 2833 2014 2870 de
2026 2839 2176 2870 caetero
2189 2827 2339 2869 dietam
2352 2829 2466 2868 Con-

1453 2889 1731 2943 gregationem
1750 2887 2072 2943 ingredientibus
2087 2886 2152 2931 die
2167 2900 2294 2942 prima
2321 2897 2467 2926 eorum

1449 2943 1676 3000 ingressus,
1706 2948 1734 2988 fi
1763 2947 1860 2988 νει-ὲ
1890 2947 2135 3001 poenitentes
2159 2973 2174 2995 ,
2204 2944 2245 2984 δι
2270 2939 2462 2993 confeffi,

1453 3009 1524 3050 SS.
1551 3004 1808 3048 Eucharistiae
1849 3008 2150 3047 Sacramentum
2185 2998 2423 3056 sumpserint
2449 3027 2467 3050 ,

1452 3063 1674 3121 plenariam
1701 3063 2000 3117 Indulgentiarn
2026 3089 2042 3113 ,
2071 3075 2117 3103 ac
2144 3069 2227 3103 tam
2255 3059 2344 3116 ipfis
2383 3071 2460 3114 pro

1453 3132 1639 3176 tempore
1660 3120 1934 3164 describendis
1950 3149 1965 3172 ‚
1994 3123 2113 3176 quam
2139 3119 2261 3161 etiarn
2284 3116 2463 3172 descrip-

1453 3182 1502 3222 tis
1531 3184 1568 3223 in
1596 3179 1698 3222 dieta
1725 3179 2052 3235 congregatione
2068 3176 2355 3220 confratribus
2387 3175 2461 3219 in..-

1453 3238 1668 3295 cujuslibet
1684 3252 1822 3282 eorum
1852 3239 1995 3281 mortis
2011 3236 2186 3279 articulo
2203 3264 2217 3287 ,
2247 3237 2273 3276 fi
2304 3234 2459 3290 pariter

1453 3298 1553 3342 vere
1567 3296 1810 3353 poenitentes
1822 3323 1836 3346 2
1866 3299 1906 3340 ἃ
1921 3294 2082 3342 confesti
2097 3324 2110 3348 ,
2132 3309 2178 3337 ac
2196 3298 2313 3337 Sacra
2331 3295 2461 3336 Com-

1451 3357 1640 3399 munione
1660 3354 1798 3399 refecti
1812 3385 1829 3408 ,
1859 3356 1926 3399 vel
1944 3365 2139 3412 quatenus
2165 3353 2205 3396 id
2228 3350 2359 3395 facere
2386 3365 2460 3393 ne-

1452 3417 1658 3472 quiverint
1670 3444 1685 3467 ,
1715 3415 1853 3458 saltem
1867 3417 2030 3458 contriti
2048 3426 2193 3456 nomen
2204 3410 2293 3468 Jesu
2308 3439 2322 3462 ,
2346 3410 2369 3451 fi
2387 3422 2459 3463 po-

1451 3476 1632 3524 tuerint,
1663 3473 1716 3516 fin
1731 3484 1896 3524 autem,
1926 3473 2050 3516 corde
2066 3470 2215 3515 devote
2244 3471 2459 3511 invocave-

1450 3533 1529 3575 rint
1545 3561 1559 3584 ,
1575 3532 1696 3575 etiam
1714 3532 1937 3588 plenariam
1951 3544 1967 3584 ς
1996 3545 2069 3575 nec
2086 3544 2165 3573 non
2178 3528 2325 3572 eisdem
2340 3531 2459 3571 Con-

1450 3590 1641 3634 fratribus
1654 3618 1668 3642 ‚
1681 3593 1748 3646 qui
1765 3591 1891 3633 tribus
1908 3590 2053 3634 diebus
2067 3620 2083 3641 ‚
2097 3589 2238 3645 quibus
2253 3587 2320 3644 ipsi
2337 3594 2459 3643 quot·

1451 3651 1560 3694 annis
1575 3649 1686 3705 juxta
1700 3650 1806 3693 istius
1822 3648 2157 3704 Congregationis
2176 3647 2398 3691 institutum
2416 3646 2457 3687 in

1453 3708 1617 3765 Oppido
1655 3708 1844 3764 praedicto
1875 3708 2092 3751 convenire
2130 3705 2413 3750 consueverint
2440 3730 2457 3753 ,

1445 3767 1672 3827 plenariam
1700 3768 1878 3813 similiter
1902 3767 2079 3812 omnium
2106 3775 2377 3866 peccatoriiml
2397 3762 2457 3804 in-

2337 3835 2358 3864 „
2380 3843 2400 3852 -
