2638 4204
897 260 1582 389 Colonienfis.

220 414 410 457 virtutum
426 412 620 457 exercitio
636 416 901 465 comparatur.
935 411 1087 452 &cirum
1107 409 1210 451 enim

220 470 320 515 illud
346 472 580 525 August1m3
602 470 790 527 qulfecit
812 478 850 509 tc
862 466 951 522 sine
962 477 1026 513 te,
1052 481 1126 508 non
1140 467 1209 523 ju-

209 530 364 588 sttficat
386 540 423 571 te
435 529 524 584 sine
545 542 608 573 tc:
635 529 702 587 rff·
709 526 832 582 potest
844 524 1003 582 justitia
1032 525 1107 564 Dei
1120 525 1206 577 sine

216 596 414 630 voluntate
430 598 500 631 tua
514 617 527 638 ‚
527 588 604 644 ſsd
612 588 654 628 in
667 597 704 629 te
714 584 782 641 effi:
795 597 868 625 non
873 581 1018 639 potest,
1041 581 1119 637 nisi
1130 592 1206 636 per

219 649 455 690 voluntatem
467 656 588 690 tuam.

272 709 327 748 11.
360 708 500 763 Quare
515 713 606 746 ante
620 703 748 745 omnia
762 699 936 743 orandus
959 696 1101 752 jugiter
1114 723 1129 746 ,
1160 708 1204 737 ac

214 765 362 807 devote
388 765 442 805 est
470 765 577 803 Deus
601 787 615 809 ,
649 772 767 815 atque
796 757 882 811 ejus
915 759 1041 813 gratia
1067 752 1206 795 sedulo

214 825 398 879 precibus
411 817 656 875 imploranda
668 815 791 857 Neri:
807 816 910 855 enim
929 816 948 854 a
962 813 1131 868 quodam
1145 811 1208 851 di—

213 884 321 924 &um
337 880 390 922 est
403 892 418 933 3
432 878 577 921 nullum
590 873 773 920 credimus
785 871 1025 928 adfilutem,
1039 869 1117 925 nisi
1129 872 1209 910 Deo

215 944 432 987 invitante,
453 935 580 977 venire
593 959 608 981 ,
640 932 789 972 nullum
814 929 1023 970 invitazum
1035 928 1210 984 filatem

199 998 337 1055 fitam,
350 993 428 1051 nss
434 992 647 1035 auxiliante
663 992 757 1037 Deo,
771 989 948 1039 operari,
961 988 1124 1032 nullum,
1135 982 1213 1041 nisi

212 1065 386 1098 orantem
401 1080 415 1102 ,
429 1048 618 1091 milium
624 1046 840 1099 promereri
853 1071 866 1084 .

273 1115 350 1154 111.
387 1107 543 1150 Deinde
568 1102 755 1160 frequens
784 1103 860 1144 erit
891 1100 1090 1156 legitimus
1115 1099 1205 1142 usus

214 1173 566 1213 Sacramentorum
591 1189 606 1211 ,
643 1177 716 1219 per
752 1175 835 1217 quae
871 1159 998 1215 gratia
1028 1157 1203 1214 Spiritus

213 1227 340 1274 Sancti
356 1254 370 1277 ,
386 1226 426 1266 δι
440 1222 626 1265 meritum
642 1220 830 1265 Paffionis
855 1217 1005 1261 Christi
1019 1218 1134 1273 ipfius
1149 1217 1205 1259 in-

213 1288 352 1331 stituto
365 1282 478 1324 nobis
491 1278 807 1330 efficacissime&
822 1275 1082 1320 liberalissime
1095 1289 1203 1318 com-

218 1344 449 1389 municatur
462 1356 475 1386 3
503 1338 555 1389 ὠ
560 1349 635 1394 per
648 1351 731 1393 quc
737 1336 897 1393 proinde
913 1339 1029 1377 omnis
1042 1334 1207 1389 veraju-

206 1405 329 1462 stitia
345 1401 406 1441 vel
415 1401 551 1452 incipit
564 1423 579 1446 ,
601 1400 662 1439 vel
672 1405 789 1451 crepta
806 1403 970 1447 augetur
983 1420 998 1443 2
1022 1394 1084 1434 vel
1092 1390 1206 1448 amis:

200 1462 258 1518 fi
283 1467 508 1513 reparatur.

275 1518 347 1559 lV.
380 1517 575 1557 Praeterea
611 1514 650 1555 in
685 1511 854 1555 studium
885 1511 1093 1553 Virtutum
1116 1523 1202 1551 om-

215 1576 323 1619 nium
347 1602 362 1625 ,
392 1587 434 1615 ac
465 1571 701 1629 potiffimum
730 1569 936 1613 charitatis
965 1568 1109 1611 affidue
1142 1568 1202 1609 in·

217 1632 502 1676 cumbendum.

282 1693 329 1733 V.
363 1694 505 1744 Itaque
532 1687 747 1742 spiritualia
774 1685 965 1729 exercitia
982 1712 995 1735 ,
1024 1697 1097 1739 per
1119 1695 1200 1738 quae

219 1750 407 1795 Charitas
431 1747 586 1796 foveri,
604 1746 778 1793 nutriri,
804 1744 1018 1798 augescere
1033 1767 1048 1790 ,
1078 1742 1200 1784 robo-

214 1810 298 1851 rari
312 1822 356 1851 ac
373 1804 598 1850 confirmari
616 1832 629 1854 ,
653 1801 991 1858 familiaritasque,
1006 1800 1199 1842 &intima

212 1869 412 1913 cumDeo
439 1861 663 1917 conjunctio
687 1860 836 1917 acquiri
861 1858 1093 1909 consuevit,
1121 1858 1201 1901 fine

211 1921 494 1966 intermistione
517 1915 762 1974 usurpanda;
788 1929 832 1961 ut
857 1919 943 1960 sunt
965 1919 1118 1973 piorum
1151 1916 1198 1958 li-

212 1984 376 2026 brorum
391 1979 539 2030 le5ti0,
570 1978 799 2020 divinorum
822 1975 1136 2026 beneficiorum,
1161 1978 1201 2017 δε

213 2040 492 2094 mysteriorum
518 2036 618 2092 jugis
641 2036 878 2085 meditatio,
903 2035 1073 2088 vigiliae,
1102 2033 1199 2091 jeju-

214 2099 280 2141 nia
297 2126 312 2149 ‚
335 2095 594 2149 eleemosynae
610 2122 624 2144 ,
655 2093 896 2136 vifitationes
924 2092 1172 2145 hospitalium
1187 2120 1210 2145 ,=

216 2159 498 2210 captivorum,
524 2166 764 2208 pauperum,
799 2166 844 2194 ac
860 2150 1135 2205 infirmorum,
1164 2153 1202 2198 δι,

215 2215 368 2269 reliqua
386 2226 507 2267 opera
519 2210 838 2253 mortificationis
851 2239 863 2251 .

274 2273 348 2314 vt.
382 2272 491 2315 Libri
503 2270 583 2325 pii,
598 2283 764 2325 quorum
783 2270 952 2311 lectione
963 2268 1202 2314 Confi-atres

217 2330 296 2374 sese
320 2329 368 2370 ad
397 2331 590 2384 pietatem
621 2328 884 2378 excitabunt,
913 2326 1000 2371 sunt
1032 2330 1070 2370 hi
1095 2356 1108 2376 ,
1139 2330 1201 2371 Bi-

215 2389 295 2432 blia
310 2393 426 2430 sacra
438 2413 453 2435 ,
477 2386 568 2428 libri
582 2399 754 2438 quatuor
769 2385 819 2427 de
839 2387 1063 2429 imitatione
1078 2387 1203 2429 Chri-

216 2448 288 2494 sti,
324 2449 496 2487 Auctore
519 2446 676 2487 Thoma
704 2446 754 2487 de
773 2444 963 2499 Kempis,
990 2449 1078 2487 Dux
1107 2460 1204 2501 pec-

218 2513 425 2554 catorum,
450 2504 549 2545 item
565 2503 644 2545 vita
662 2503 840 2553 Christi,
865 2503 960 2545 item
986 2504 1205 2546 Memoria-

218 2564 284 2614 le,
313 2564 484 2604 Austore
511 2561 717 2603 Ludovico
743 2563 1001 2611 Granatenfi,
1028 2562 1204 2605 Medita-

216 2624 348 2665 tiones
367 2621 468 2662 Vitae
481 2620 646 2666 Christi,
661 2619 996 2663 Vincentiissruni
1009 2633 1103 2672 ,aut
1123 2624 1204 2664 Lu·

217 2679 354 2721 dovici
368 2678 418 2720 de
434 2680 575 2730 Ponte3
591 2677 872 2722 Meditationes
886 2680 1068 2722 Paffionis
1082 2681 1206 2724 Chri-

220 2738 266 2778 sti
280 2762 294 2785 ,
308 2735 599 2790 chrystophori
616 2737 883 2778 Vezucchrini
898 2740 1032 2792 ,bitem
1050 2739 1209 2781 Franci-

222 2795 274 2837 sci
291 2793 423 2836 Toleti
439 2806 450 2832 ε
464 2792 581 2836 Liber
596 2792 648 2836 de
660 2795 808 2834 Amore
826 2796 925 2845 Dei,
941 2795 1088 2838 Didaci
1102 2795 1213 2837 Stel-

222 2853 270 2895 1ae
283 2865 298 2905 ⁹,
311 2851 446 2893 Praxis
464 2851 707 2906 Spiritualis,
722 2852 888 2894 Antonii
901 2853 955 2895 de
966 2853 1097 2904 Sales,
1115 2853 1214 2908 Epi-

222 2909 331 2964 scopi
347 2909 564 2952 Genuenfis
580 2937 594 2959 ,
617 2910 657 2950 δι
672 2908 832 2950 similes.
1161 2909 1165 2912 “

284 2970 383 3011 V11.
415 2969 581 3010 Externi
597 2967 720 3009 etiam
739 2966 873 3010 Divini
889 2967 1023 3011 cultfis
1039 2966 1138 3023 (qui
1152 2968 1216 3010 in·

227 3035 350 3068 ternae
379 3027 538 3079 pietatis
559 3024 711 3076 custos,
736 3023 893 3075 fomes,
919 3028 1112 3070 indicium
1129 3027 1216 3083 est)

224 3083 448 3128 exafflssimi
470 3083 751 3128 observatores
776 3094 918 3126 erunt.

285 3143 402 3185 v111.
434 3141 660 3185 Affistentes
691 3142 870 3198 quotidie
899 3142 1045 3186 divinis
1072 3141 1217 3198 myste-

227 3202 297 3246 riis
313 3200 353 3241 id
369 3211 514 3255 agent,
541 3210 583 3243 ut
610 3202 648 3240 in
665 3202 703 3243 se
726 3202 925 3249 sentiant,
950 3213 1067 3254 atque
1082 3202 1215 3252 expri-

225 3270 339 3302 mant
363 3261 490 3301 vivam
521 3257 910 3313 repraesentationem
927 3259 1108 3302 Passionis
1127 3260 1217 3305 Filii

228 3318 337 3367 Dei,
356 3315 470 3373 juxta
488 3317 584 3358 illud
602 3317 719 3371 ipsius
733 3326 826 3359 ante
842 3327 1014 3359 mortem
1038 3316 1077 3357 in
1093 3318 1220 3371 prima

231 3389 369 3418 eorum
388 3375 658 3428 institutione;
684 3376 750 3417 boc
762 3373 892 3432 facite
921 3376 966 3416 in
990 3387 1109 3416 meam
1121 3389 1220 3416 com-

231 3435 557 3486 memorationem
569 3435 606 3474 &
617 3435 664 3477 ad
684 3433 891 3487 Apostolos
904 3432 1093 3476 dicentis:
1111 3436 1223 3490 ⁴Quo-

231 3491 448 3546 tiestunque
470 3490 758 3534 manducabitis
776 3503 915 3547 panem
931 3491 1054 3541 bunc,
1085 3492 1132 3538 (5·
1149 3496 1225 3534 Ca-

231 3550 340 3589 licem
351 3548 501 3602 bibetis,
511 3561 671 3593 mortem
689 3554 848 3594 Domini
860 3549 1229 3600 annunciabitis,do-

233 3619 305 3647 mc
324 3610 453 3649 ventat
469 3637 480 3648 .

295 3665 370 3705 tx.
401 3666 446 3706 ln
470 3666 634 3722 reliquis
658 3667 780 3709 etiam
795 3668 988 3710 universis
1012 3666 1088 3709 suis
1105 3665 1227 3707 aetio-

234 3723 353 3763 nibus
366 3722 562 3765 obeundis
575 3753 588 3774 ‚
616 3726 670 3768 ita
692 3726 771 3767 sese
785 3728 1075 3780 comparabunt
1089 3753 1102 3775 ,
1126 3734 1168 3765 ut
1183 3725 1222 3765 &

232 3793 370 3820 coram
389 3782 505 3830 Deo,
527 3782 567 3821 &
581 3796 712 3824 coram
731 3785 954 3826 hominibus
968 3814 983 3835 ,
1009 3797 1088 3825 non
1115 3782 1228 3824 vide·

234 3848 350 3880 antur
362 3838 566 3894 proprium
582 3865 596 3888 ,
623 3841 688 3881 vel
703 3841 947 3884 affefflonem
959 3870 975 3894 ,
995 3842 1060 3884 vel
1074 3840 1227 3883 utilita-

2054 299 2208 384 295

1271 416 1351 448 tem
1365 432 1378 454 ‚
1403 404 1464 444 feu
1481 398 1655 458 gloriam
1673 391 1750 438 Dei
1764 420 1778 447 ,
1795 394 1832 438 δι
1848 395 2085 441 Animarum
2100 403 2266 447 [mutem

1271 458 1508 506 intendere}

1324 523 1376 562 X.
1410 518 1497 564 Post
1515 520 1644 562 Deum
1659 511 1814 569 Celites
1828 526 2084 570 quoquecum
2099 518 2264 560 Christo

1267 590 1481 634 regnantes
1507 574 1690 632 religiose
1717 572 2016 619 venerabuntur
2037 604 2051 626 ‚
2083 575 2261 633 inprimis

1268 637 1477 690 Virginem
1498 634 1711 686 oeiparam
1727 655 1740 678 ⁵
1764 629 1889 669 totius
1917 632 2078 680 humani
2101 635 2262 691 generis

1266 695 1372 747 apud
1386 694 1526 737 Filium
1543 689 1814 738 Advocatam,
1826 691 2024 743 praecipuo
2037 694 2264 745 charitatis,

1266 754 1305 795 &
1321 752 1483 800 pietatis
1496 775 1510 796 ,
1535 747 1674 790 affeetu
1687 745 1829 790 colent
1845 772 1857 784 .
1887 750 2046 791 Deinde
2064 753 2261 796 Beatum„

1266 812 1426 852 Patrem
1455 808 1703 852 Franciicum
1731 831 1747 855 ‚
1788 805 1962 858 aliosque
1982 809 2145 853 Ordinis
2174 812 2261 862 ejus

1267 866 1453 921 speciales
1481 867 1645 907 sanctos
1661 889 1675 911 ,
1707 862 1776 909 fibi
1800 873 1987 920 patronos
2012 867 2231 911 adsciscent
2246 895 2262 921 ,

1267 926 1375 970 omni
1403 925 1556 966 honore
1573 947 1588 970 ,
1614 935 1662 963 ac
1690 920 1908 962 devotione
1937 922 2260 978 prosequentur,

1265 997 1407 1026 eorum
1429 996 1491 1024 res
1509 980 1633 1037 gestas
1647 1008 1663 1032 ,
1687 980 1727 1020 δι
1743 979 1843 1022 vitas
1860 981 2015 1027 attente
2032 981 2196 1037 legent,
2222 986 2262 1028 δε

1266 1041 1439 1086 studiose
1455 1041 1721 1082 imitabuntur
1735 1067 1747 1083 ·.
1964 1075 1967 1079 .
2089 1041 2091 1043 ’

1323 1103 1397 1143 XI.
1424 1103 1564 1142 Mutua
1585 1097 1663 1140 sese
1688 1095 1865 1140 invicem
1877 1097 2094 1142 charitate
2115 1098 2262 1141 arden-

1264 1168 1357 1209 ter,
1382 1160 1421 1199 &
1447 1157 1596 1200 fincere
1612 1154 1938 1213 prosequentur,
1963 1156 2132 1203 scientes
2161 1158 2262 1200 hane

1263 1217 1340 1261 effe
1356 1230 1492 1259 veram
1506 1244 1521 1267 ,
1543 1217 1582 1257 &
1604 1228 1831 1270 germanam
1847 1214 2029 1259 tesseram
2043 1243 2057 1266 ,
2080 1216 2158 1271 qua
2176 1216 2261 1259 veri

1266 1274 1459 1318 Crucifixi
1475 1273 1640 1317 Domini
1666 1273 1789 1316 nostri
1808 1273 1898 1329 Jesu
1915 1273 2064 1316 christi
2086 1272 2261 1330 discipu·

1265 1335 1322 1385 li,
1344 1348 1390 1376 ac
1418 1332 1631 1375 seetatores
1647 1330 1912 1388 agnoscuntur
1927 1361 1943 1385 ,ι
1966 1331 2080 1387 juxta
2096 1333 2198 1378 illud
2211 1333 2262 1375 ab

1265 1407 1315 1435 eo
1328 1392 1404 1447 jam
1418 1402 1504 1436 tum
1518 1391 1567 1433 ad
1581 1402 1754 1434 mortem
1769 1390 1880 1433 ituro
1897 1419 1911 1442 ,
1939 1392 2084 1433 iterum
2101 1419 2115 1442 ,
2140 1402 2262 1446 atque

1266 1452 1410 1493 iterum
1427 1479 1442 1502 ,
1460 1465 1505 1493 ac
1533 1450 1666 1506 saepius
1681 1450 1953 1497 inculcatum:
1984 1452 2261 1495 Mandanen-2

1264 1522 1398 1551 novum
1411 1510 1456 1550 do
1469 1509 1571 1551 vobis
1585 1535 1600 1557 ,
1627 1518 1674 1552 ut
1688 1508 1866 1565 diligatis
1878 1508 2040 1551 invicem
2059 1533 2073 1556 ,
2089 1508 2192 1561 ficut
2202 1509 2264 1549 di-

1259 1567 1340 1611 texi
1351 1581 1413 1609 vor
1426 1595 1437 1608 .
1456 1570 1499 1610 In
1510 1567 1577 1609 hoc
1589 1566 1809 1622 cognostent
1820 1579 1959 1617 omncs,
1973 1565 2078 1622 quod
2092 1566 2262 1624 distipu-

1261 1629 1294 1674 lt‘
1308 1629 1379 1668 mci
1405 1624 1489 1670 eliis
1503 1653 1516 1676 ‚
1531 1624 1829 1677 sidileblt'onem
1855 1623 2073 1668 habueritis
2093 1626 2148 1666 ad
2158 1629 2261 1668 invi-

1261 1699 1351 1728 cem.
1374 1685 1515 1743 Itaque
1529 1683 1794 1729 imitabuntur
1810 1697 1972 1728 veteres
1983 1683 2233 1726 Christianos
2244 1713 2259 1736 ‚

1260 1757 1433 1800 quorum
1449 1750 1559 1788 tanta
1579 1742 1751 1784 invicem
1780 1742 1856 1786 fuit
1871 1773 1885 1795 ‚
1912 1753 2074 1797 tamque
2087 1743 2258 1786 evidens

1259 1802 1430 1846 charitas
1444 1829 1459 1851 ,
1483 1809 1528 1842 ut
1543 1801 1609 1854 ipfi
1627 1801 1748 1842 etiam
1763 1803 1923 1845 Ethnici
1937 1800 2041 1857 quasi
2067 1801 2107 1841 in
2126 1801 2260 1859 stupo-

1261 1874 1345 1903 rem
1371 1858 1500 1914 rapti,
1525 1862 1645 1915 atque
1657 1859 2162 1905 admirabundidicerent:
2198 1861 2260 1904 Vi-

1258 1921 1341 1961 dete
1355 1948 1370 1969 ,
1383 1930 1427 1960 ut
1441 1915 1603 1959 invicem
1615 1917 1666 1974 st
1688 1919 1860 1973 diligunt
1876 1947 1889 1969 ,
1913 1920 2042 1971 &pro
2063 1918 2260 1961 alterutro

1259 1982 1359 2020 mort·
1362 1976 1461 2033 fient
1469 1976 1625 2031 parati,
1642 1980 1677 2018 &
1695 1990 1840 2018 nomen
1858 1977 1983 2031 ipsum
2001 1974 2263 2032 Confratrum

1261 2037 1525 2079 incitamento
1539 2036 1619 2076 erit
1633 2061 1648 2082 ,
1670 2037 1710 2076 δι
1723 2034 1998 2077 adhortationi
2018 2061 2032 2081 ,
2061 2043 2102 2074 ut
2129 2034 2168 2076 se
2184 2048 2263 2077 non

1261 2095 1435 2149 diligant
1450 2094 1576 2137 verbo
1592 2122 1608 2151 ,
1632 2108 1764 2153 neque
1779 2092 1938 2149 lingua,
1952 2092 2032 2149 sed
2042 2101 2178 2148 opere,
2209 2093 2263 2143 ὠή

1262 2163 1432 2200 veritate
1445 2183 1459 2199 .,

1321 2214 1417 2260 ΧΠ.
1451 2215 1505 2255 Et
1521 2212 1612 2268 quia
1640 2212 1876 2269 poti‘ffimum
1904 2210 2122 2259 necessaria
2139 2211 2194 2254 est
2207 2211 2257 2254 ad

1263 2270 1488 2313 institutum
1516 2271 1631 2327 hujus
1649 2271 1934 2314 Fraternitatis
1961 2283 2009 2312 ea
2031 2270 2260 2327 conjunssio

1261 2331 1486 2373 animorum
1509 2329 1548 2371 in
1561 2331 1694 2384 capite
1709 2331 1815 2374 illius
1833 2355 1848 2376 2
1874 2344 1919 2372 ac
1938 2329 2126 2375 membris
2142 2357 2156 2379 ,
2187 2329 2264 2370 {in-

1262 2390 1458 2445 gulariter
1491 2390 1678 2434 amabunt
1708 2402 1844 2431 omnes
1864 2415 1879 2437 ,
1919 2389 1959 2430 &
1991 2388 2267 2432 observabunt

1264 2445 1496 2491 Praefeetum
1507 2475 1520 2498 ,
1535 2446 1718 2504 aliosque,
1730 2448 1966 2502 Superiores
1980 2473 1994 2496 ,
2007 2448 2046 2487 &
2059 2449 2266 2489 cavebunt

1261 2509 1284 2550 ὲ
1301 2506 1524 2548 temerariis
1537 2505 1730 2562 judiciis,
1758 2504 2148 2553 murmurationibus
2165 2535 2178 2556 ,
2193 2507 2268 2548 de·

1263 2564 1522 2607 traftionibus
1538 2593 1552 2615 ‚
1569 2563 1900 2611 susurrationibus
1919 2595 1935 2615 ‚
1959 2565 1999 2605 δι
2026 2564 2145 2605 rebus
2162 2563 2267 2615 aliis,

1265 2638 1349 2678 quae
1372 2623 1536 2665 illorum
1552 2626 1836 2667 auctoritatem
1851 2651 1865 2672 ,
1893 2626 1935 2664 &
1958 2632 2140 2664 mutuam
2154 2625 2267 2669 Cha-

1267 2683 1426 2729 ritatem
1440 2679 1588 2722 laedere
1612 2683 1755 2735 quovis
1768 2680 1892 2721 modo
1908 2678 2065 2735 potsunt
2081 2709 2093 2719 .

1543 2805 1849 2854 CAPUT
1920 2808 2013 2854 tv.

1274 2936 1345 2999 De
1377 2934 1556 2984 motivis
1572 2969 1588 2991 ,
1628 2936 1683 2984 ό·
1715 2935 1860 2985 mediis
1892 2936 1953 2985 ad
1983 2937 2272 2988 Proximorum

1502 3003 1683 3070 fhlutem
1710 3007 2032 3071 promovendam

1607 3075 1893 3146 speHancibus
1910 3114 1922 3127 .

1331 3203 1365 3243 1.
1398 3200 1472 3243 His
1496 3201 1704 3247 virtrtibus
1731 3205 1856 3248 veluti
1891 3205 2116 3248 firmiffimis
2145 3206 2275 3261 praesi-

1274 3260 1350 3303 diis
1365 3260 1508 3302 muniti
1520 3260 1569 3302 ad
1584 3261 1756 3309 aliorum
1767 3259 1937 3307 salutem
1951 3263 2274 3320 promovendam

1279 3318 1358 3361 sese
1374 3318 1605 3362 excitabunt
1619 3351 1639 3373 ,‚
1655 3337 1700 3364 ac
1712 3324 1757 3367 in,
1769 3323 1906 3377 primis
1919 3323 2060 3378 iustum
2076 3351 2090 3373 ‚
2111 3334 2274 3375 atque.)

1280 3377 1486 3431 ingentem
1498 3377 1631 3420 zelum
1644 3382 1859 3425 animarum
1875 3382 2107 3434 concipient
2117 3409 2132 3431 ‚
2154 3379 2273 3421 fove-

1279 3436 1410 3486 bunt,
1436 3436 1760 3489 amplificabunt.
1788 3441 1830 3483 Si
1854 3441 2019 3494 quidem
2044 3437 2277 3493 persuasim-

1282 3507 1386 3537 mum
1415 3493 1482 3535 fibi
1508 3494 1743 3547 habebunt,
1771 3497 1848 3539 sine
1870 3497 2025 3553 ingenti
2053 3497 2146 3539 zelo
2171 3495 2276 3539 nihil

1289 3565 1463 3610 unquam
1488 3555 1558 3594 hac
1585 3555 1624 3597 in
1649 3570 1693 3596 re
1720 3556 1913 3610 praeclare
1941 3554 2046 3597 effici
2070 3555 2200 3610 poffe.
2224 3558 2281 3597 Ut

1288 3619 1420 3656 autem
1442 3611 1482 3652 in
1507 3610 1580 3652 tali
1607 3614 1698 3655 zelo
1721 3614 1938 3656 excitando
1962 3614 2150 3667 juventur
2174 3642 2189 3665 ,
2218 3614 2281 3654 se-

1286 3669 1455 3724 quentia
1471 3669 1603 3722 paucis
1617 3671 1868 3715 confide-rare
1881 3671 1981 3716 utile
1995 3676 2070 3715 erit
2081 3701 2092 3715 .

1339 3730 1395 3768 11.
1427 3727 1680 3781 Cogitabunt
1693 3756 1708 3778 ,
1722 3743 1842 3786 quam
1857 3732 2045 3787 praeclara
2059 3746 2124 3774 res
2140 3731 2183 3772 fit
2197 3727 2281 3770 ani-

1286 3796 1374 3826 ma:
1406 3795 1633 3840 quantaque
1661 3787 1744 3842 ejus
1772 3789 1942 3844 dignitas
1959 3818 1972 3842 ‚
1993 3792 2034 3832 in
2065 3789 2176 3844 cujus
2191 3799 2282 3842 gra·

1287 3842 1436 3885 tiam&
1452 3840 1620 3887 salutem
1637 3847 1745 3888 Deus
1761 3850 1862 3903 Opt.
1875 3852 1981 3892 Max.
1998 3849 2216 3908 mundum,
2239 3844 2281 3883 δέ

2144 3914 2228 3944 um.
