2638 4204
855 192 1602 312 Coloniensi-s.

2046 222 2201 311 305

231 329 423 386 tat,quin
447 330 521 372 hac
546 331 584 373 in
611 346 657 374 re
683 330 722 373 id
747 329 820 372 sint
844 329 1008 379 facturi,
1034 333 1140 386 quod
1162 331 1210 374 ad
1270 329 1397 378 scitu,
1425 321 1641 372 consensu,
1669 332 1716 362 ae
1745 319 1910 362 censura
1931 320 2135 378 evulgmit
2151 350 2165 372 2
2195 335 2263 370 aut

228 389 424 444 majorem
453 390 530 430 Dei
553 390 753 444 gloriam,
775 390 815 429 &
830 389 1106 431 fraternitatis
1134 391 1206 431 ho·

219 460 360 490 norem
375 475 390 500 ,
418 445 669 504 aliorumque
690 444 953 489 Confratrum
975 443 1204 489 aedificatio-

221 517 342 557 nem,
375 504 553 548 viderint
567 506 784 561 expedire.

467 622 774 667 CAPUT
845 620 954 662 XX.

218 738 290 789 De
317 757 413 788 cura
439 756 535 808 erga
563 736 792 804 Convetfis
817 739 862 784 in
880 732 1177 799 Spiritualibus
1191 770 1204 783 .

273 859 308 900 Ι.
341 863 447 903 cum
473 857 521 900 iis
533 882 548 906 ,
577 866 677 914 quos
704 845 1031 896 Confraterm'tas.
1047 849 1204 894 Christo

215 915 295 971 jam
309 917 467 961 lucrata
485 915 541 958 est
554 943 569 966 ,
592 913 630 955 se
643 910 807 953 habebit
822 920 870 952 ut
884 913 944 965 pia
960 920 1085 952 mater
1110 922 1203 962 erga

209 974 339 1026 filios,
365 974 561 1029 precipue
577 968 749 1026 quidem
775 969 813 1008 in
842 965 1141 1022 spiritualibus,
1159 967 1199 1007 in

210 1032 494 1089 temporalibus
521 1030 619 1071 vero
632 1052 648 1075 2
676 1039 755 1067 non
785 1023 852 1066 nisi
881 1025 919 1067 in
947 1023 1170 1067 intentione
1185 1051 1202 1076 ,

218 1090 410 1132 &ordine
425 1086 472 1130 ad
485 1084 707 1140 spiritualia
719 1112 732 1125 .
1041 1113 1043 1115 .

267 1150 324 1189 11.
355 1149 497 1207 Qare
511 1145 565 1195 ii,
583 1143 722 1200 quibus
735 1141 921 1184 commisti
937 1138 1106 1193 fuerint,
1120 1155 1193 1183 cu·

207 1207 355 1250 tabunt
381 1233 397 1255 ,
422 1213 464 1245 ut
486 1203 630 1258 praevia
653 1199 858 1243 sufficienti
887 1199 1192 1250 informatione,

207 1266 249 1306 δι
263 1261 418 1306 matura
435 1261 639 1316 liberaque
650 1259 941 1302 deliberatione
954 1257 1115 1316 publice
1127 1271 1194 1299 co·

206 1337 292 1365 ram
308 1318 488 1365 universa
505 1318 773 1362 Fraternitate
789 1316 1069 1360 Profeffionem
1082 1314 1192 1367 fidei,

208 1381 323 1438 juxta
346 1381 560 1421 decretum
583 1378 642 1418 Pii
657 1377 728 1418 IV.
757 1373 928 1418 faciant:
953 1375 1098 1418 deinde
1118 1374 1191 1415 da-

210 1440 310 1479 bunt
331 1450 495 1491 operam
515 1464 527 1486 ,
552 1446 595 1478 ut
611 1435 660 1477 fic
682 1435 720 1476 in
736 1432 842 1484 fide,
867 1444 986 1490 atque
1001 1434 1191 1488 pietate.)

209 1495 464 1543 solidentur,
490 1508 534 1535 ac
552 1492 866 1543 confirmentur,
892 1503 935 1534 ut
960 1505 1039 1533 non
1067 1491 1188 1533 solum

205 1552 431 1610 periculum
446 1552 646 1594 relabendi
670 1550 898 1593 declinetur
913 1581 927 1602 ,
957 1549 1021 1592 sed
1050 1551 1088 1592 δι
1101 1549 1188 1591 aliis

203 1615 278 1654 sint
305 1610 553 1653 aedificationi
575 1639 589 1661 ,
624 1611 663 1651 δε
687 1608 901 1665 exemplo,
930 1607 1188 1650 Fraternitati

204 1670 376 1718 honori,
405 1683 451 1711 ac
465 1677 704 1710 ornamento
717 1694 729 1707 .

263 1731 344 1770 111.
373 1725 603 1768 Attendent
634 1725 757 1780 igitur
770 1721 1000 1779 quibuscum
1022 1725 1187 1770 vivant,

204 1788 396 1840 &agant‚
420 1797 517 1839 quos
542 1783 580 1824 in
601 1782 776 1824 moribus
800 1784 839 1824 &
861 1782 1004 1824 litteris
1025 1782 1083 1841 (si
1100 1783 1188 1839 qui-

200 1844 292 1885 dem
305 1844 451 1885 litteris
466 1855 625 1896 operam
639 1842 736 1883 dent
753 1839 1188 1897 )progreffiaefaciant‚

201 1915 252 1942 an
278 1915 388 1943 more
415 1899 675 1942 Confratrum
700 1899 785 1956 (de
799 1912 879 1955 quo
907 1897 1016 1954 supra
1041 1915 1128 1956 cap.
1149 1913 1192 1949 ς.>

198 1960 237 2008 ᾖ.
257 1972 296 2014 3.
323 1959 472 2000 dictum
487 1989 498 2000 .
516 1959 537 2014 )
566 1954 797 2014 frequenter
825 1956 1094 2000 confiteantur
1113 1986 1128 2008 ,
1149 1959 1191 1999 &

204 2018 501 2059 communicent
517 2042 531 2064 ,
562 2017 758 2058 utietiam
773 2030 858 2063 cap.
885 2028 930 2058 ιο
960 2016 995 2065 ξ.
1019 2029 1080 2058 ia.
1096 2030 1192 2072 prae<

203 2075 394 2127 scriptum
407 2074 482 2116 est.
516 2076 621 2116 ltem
633 2089 718 2129 cap·
740 2087 751 2114 ι
760 2087 796 2128 9.
816 2074 851 2123 ξ.
871 2085 907 2120 5·
925 2074 1014 2115 &6.

260 2134 336 2174 IV.
371 2134 420 2173 Et
438 2132 549 2180 verb,
562 2141 603 2173 ut
617 2132 798 2188 diligenti
816 2130 1053 2186 inspeclione
1067 2160 1080 2184 ,
1096 2147 1192 2176 cura

203 2193 242 2233 &
254 2191 483 2233 attentione
498 2191 623 2232 bacin
641 2206 684 2234 re
697 2203 796 2244 opus
813 2189 866 2231 est
876 2191 983 2231 circa
997 2205 1068 2232 eos
1081 2221 1095 2242 ,
1120 2193 1189 2246 qui

202 2251 382 2291 Colonia:
403 2249 458 2292 ob
470 2248 608 2290 oculos
636 2249 736 2304 quast
752 2245 1084 2292 Confraternitati
1111 2250 1184 2292 ob-

198 2307 428 2359 versantur3
462 2306 508 2347 (ic
526 2306 663 2349 multo
683 2305 833 2359 majore
854 2319 947 2361 erga
961 2321 1029 2349 eos
1045 2336 1059 2359 ,
1087 2323 1186 2365 quos

199 2377 312 2408 extra
328 2365 544 2408 Coloniam
560 2365 701 2407 vivere·
718 2365 934 2420 contigerit
947 2394 958 2405 .

259 2426 311 2464 V.
346 2424 482 2476 ltaque
500 2425 776 2465 parochorum
791 2451 805 2474 ,
835 2422 1190 2474 Confeffariorum,

206 2479 486 2534 Magistrorum
511 2507 525 2531 ,
564 2483 604 2523 ὃς
635 2481 830 2535 hospitum
857 2482 1077 2525 testimonia
1097 2484 1189 2528 de)

200 2539 500 2582 conversatione
528 2565 542 2588 ,
576 2537 656 2581 vita
670 2566 684 2589 ,
718 2539 754 2580 8ι
784 2540 963 2582 moribus
984 2567 999 2589 ‚
1029 2544 1188 2598 quoties

203 2597 290 2653 ipsis
305 2597 504 2639 dabuntur
516 2596 804 2651 eleemosynae3
815 2599 853 2639 δι
868 2609 1075 2653 praeterea,
1090 2615 1187 2657 quo-

203 2657 279 2698 ties
297 2656 489 2696 neceffum
505 2654 732 2703 videbitur,
762 2666 828 2698 aut
844 2656 945 2698 utile
962 2685 975 2708 ,
990 2669 1189 2711 petentur.

264 2713 338 2751 VI.
370 2709 658 2755 Confesi'arium
682 2713 908 2764 habebunt,
937 2727 1055 2770 quem
1069 2719 1191 2759 Pater

202 2769 418 2826 spiritualis
433 2797 448 2820 ,
479 2780 546 2811 aut
573 2768 778 2812 Praefee'tus
802 2771 1049 2826 affignaverit
1076 2801 1090 2822 ,
1121 2783 1189 2817 aut

201 2830 313 2872 certe
329 2841 406 2869 non
418 2828 485 2868 nisi
501 2827 600 2870 scitu
613 2829 652 2868 δι
666 2827 858 2870 consensu
871 2828 1034 2872 alterius
1048 2844 1190 2873 eorum

201 2887 355 2941 eligent
366 2913 378 2926 .
408 2886 523 2927 Idem
538 2886 695 2939 quoties
708 2899 758 2926 ex
771 2884 888 2928 causa
903 2885 1194 2930 confessarium

206 2945 352 2986 mutari
368 2943 585 2997 contigerit
599 2973 614 2994 ,
651 2943 877 2986 faciendum
893 2971 904 2984 .

263 3004 363 3044 Vn.
395 3001 507 3043 Idem
524 3003 563 3043 in
580 3002 795 3057 diligendis
810 3002 1004 3056 Magius-is
1017 3033 1032 3056 ,
1056 3005 1093 3046 &
1110 3003 1193 3046 hos:

200 3060 352 3117 pitibus
365 3058 656 3102 observandum
669 3091 679 3101 .

260 3119 381 3160 Vnt.
411 3118 521 3174 Qn'a
533 3120 630 3160 vero
644 3118 770 3160 otium
787 3118 948 3162 officina
958 3120 1014 3162 est
1028 3148 1042 3172 ,
1055 3122 1094 3162 δι
1108 3121 1193 3173 pul-

204 3176 317 3219 vinar
333 3174 482 3216 diaboli
498 3171 685 3230 ‚quisque
703 3175 1079 3220 Alumnorumintra
1092 3179 1195 3220 limi—

202 3245 265 3277 tes
279 3234 352 3275 suae
368 3234 587 3275 vocationis
604 3235 666 3282 ,δι
681 3233 927 3286 professionis
945 3236 1107 3278 honeste
1119 3236 1195 3279 sese

205 3291 418 3336 exercebit
431 3317 446 3339 ,
470 3292 736 3346 &occupabit
751 3320 764 3341 ,
793 3291 985 3347 hujusque
1004 3294 1061 3336 rei
1077 3296 1195 3338 ratio·

204 3364 296 3393 nem
326 3350 558 3399 habebunt,
591 3363 761 3404 quorum
789 3363 891 3392 curae
920 3351 959 3391 δι
981 3352 1196 3406 disciplina

206 3407 391 3449 commissi
417 3405 566 3449 fuerint
582 3436 594 3444 -

264 3467 337 3507 IX.
368 3466 455 3520 Qui
469 3468 549 3522 apti
567 3465 843 3515 videbuntur,
877 3466 924 3508 iis
941 3465 1196 3522 injungetur,

208 3530 252 3564 ut
269 3535 342 3575 pro
356 3525 510 3567 honore
528 3525 631 3574 Dei,
644 3527 683 3566 δε
696 3526 956 3568 conversione
973 3526 1194 3569 animarum

205 3580 388 3622 laborent
403 3609 416 3631 ,
428 3584 706 3626 concionando
719 3612 733 3634 ,
747 3584 1059 3634 catechizando,
1074 3584 1197 3626 libros

201 3637 417 3682 scribendo
433 3664 447 3685 ‚
480 3640 619 3696 singuli
644 3656 717 3696 pro
742 3640 917 3695 ipsorum
946 3643 1156 3686 vocatione
1182 3670 1199 3694 ,

203 3698 242 3738 &
257 3695 385 3750 gratia
402 3695 484 3749 ipfis
497 3701 518 3738 a
535 3702 623 3741 Deo
635 3698 820 3742 concessa
836 3728 847 3739 .

261 3755 313 3796 X.
326 3757 635 3857 TNemthamen
658 3757 784 3801 libros
809 3759 890 3814 sine
917 3757 1200 3816 Fraternitatis

357 3825 427 3854 om.
500 3841 512 3853 0

1268 388 1375 442 typis
1398 382 1576 427 mandari
1595 377 1751 420 curabit
1767 407 1778 415 .

1323 446 1395 486 XI.
1428 445 1519 484 Haec
1533 437 1690 486 omnia,
1717 447 1799 490 quae
1823 435 1874 478 de
1890 438 2103 482 Conversis
2125 442 2263 486 dista„

1263 505 1352 545 sunt
1375 530 1391 552 ,
1419 501 1460 541 in
1475 497 1661 540 Alumnis
1692 494 1991 547 Fraternitatis,
2022 498 2087 541 seu
2117 500 2185 555 qui
2212 502 2262 543 ab

1262 574 1308 603 ea
1324 555 1546 614 temporale
1565 552 1887 600 emolumentum
1902 556 2161 612 percipiunt,
2188 571 2261 599 ne-

1263 616 1443 659 cessitatis
1466 623 1584 657 erunt
1602 642 1614 664 ,
1645 612 1685 651 δε
1709 610 1986 664 obligationis:
2017 616 2058 657 in
2083 615 2252 673 reliquis

1265 685 1396 719 autem
1405 670 1563 715 consilii
1576 699 1593 724 ‚
1620 671 1661 712 δι
1673 668 1908 711 directionis
1923 698 1935 710 .

1434 796 1743 840 CAPUT
1827 770 1968 839 >ixa

1307 927 1378 977 De
1409 944 1506 977 cura
1525 926 1829 977 fraternitatis
1852 944 1949 993 erga
1977 926 2207 995 Conserw,

1563 1000 1608 1045 in
1637 996 1933 1062 temporalibus
1948 1032 1961 1046 .

1311 1139 1345 1179 1.
1376 1134 1591 1181 Primarius
1613 1134 1703 1179 finis
1729 1116 2013 1180 Frater-nitatis
2041 1139 2096 1182 est
2115 1166 2128 1190 ,
2158 1151 2254 1179 cura

1256 1195 1512 1251 spiritualium
1539 1207 1554 1248 3
1585 1208 1671 1249 quae
1697 1196 1922 1249 generatim
1952 1196 2036 1238 sunt
2063 1227 2080 1248 ‚
2124 1197 2256 1238 honor

1255 1254 1361 1304 Dei,
1386 1253 1644 1304 amplificatio
1658 1253 1877 1298 Catholieae
1893 1253 2014 1308 fidei,
2048 1254 2149 1297 salus
2165 1253 2258 1296 ani-

1230 1325 1401 1355 ·marurn
1414 1326 1428 1354 ε
1447 1310 1511 1353 sed
1523 1314 1612 1368 quia
1626 1310 1841 1368 spiritualia
1858 1314 1936 1355 fine
1954 1313 2249 1369 temporalibus

1251 1369 1449 1413 sublistere
1475 1372 1538 1412 vix
1552 1397 1566 1417 ,
1594 1384 1638 1412 ac
1656 1385 1705 1414 ne
1726 1373 1792 1413 vix
1814 1373 1977 1427 quidem
1993 1374 2174 1428 poll'unt3
2212 1373 2254 1413 &

1253 1431 1348 1473 vero
1361 1429 1472 1479 usus,
1498 1430 1540 1471 δι
1565 1431 1812 1482 experientia
1837 1431 1987 1481 docet,
2020 1430 2252 1474 defectum..

1250 1487 1539 1544 temporalium
1573 1489 1784 1543 permultis
1817 1488 1895 1531 effe
1920 1490 2252 1544 impedimento,

1248 1562 1330 1602 quo
1344 1548 1469 1588 minus
1493 1547 1544 1588 de
1558 1546 1818 1588 conversione
1842 1546 1935 1594 sua,
1967 1561 2013 1590 ac
2029 1544 2179 1590 aterna
2198 1547 2252 1590 sa-

1248 1608 1332 1649 lute
1364 1603 1468 1647 serio
1493 1606 1670 1658 cogitare
1692 1616 1842 1660 queant
1857 1634 1870 1656 ,
1906 1605 2060 1649 idcirco
2074 1635 2088 1657 ,
2103 1614 2148 1648 ut
2161 1613 2249 1660 cap.

1245 1663 1362 1707 etiam
1378 1676 1418 1704 2.
1432 1661 1470 1711 ἕ.
1486 1675 1524 1716 4.
1549 1661 1666 1717 supra
1684 1664 1875 1716 prolixius
1891 1664 2045 1707 dictum·
2059 1694 2072 1716 ,
2101 1677 2252 1719 propo-

1248 1722 1359 1765 situm
1394 1734 1554 1777 quoque
1597 1721 1653 1764 est
1676 1723 1940 1766 Fraternitati
1968 1753 1986 1776 ,
2014 1723 2201 1766 omnibus
2234 1749 2250 1772 ,

1249 1791 1445 1836 quotquot
1464 1795 1513 1822 ex
1527 1777 1714 1822 haeresum
1728 1782 1906 1823 tenebris
1936 1783 1973 1825 in
1990 1783 2124 1826 lumen
2143 1795 2248 1823 verae

1248 1838 1338 1882 fidei
1357 1837 1435 1881 sese
1450 1839 1554 1882 illi-us
1569 1839 1784 1883 ministerio
1799 1839 1923 1885 educi
1936 1840 2078 1891 sinent,
2099 1842 2142 1882 &⁴
2154 1853 2251 1895 ege-

1248 1899 1371 1948 bunt,
1405 1911 1449 1938 ac
1467 1909 1637 1953 petent,
1677 1897 1963 1947 beneficentia,
1993 1897 2246 1948 clementia,

1227 1959 1287 2010 ¹&t
1301 1957 1527 2012 patrocinio
1538 1958 1719 1998 virorum
1734 1957 1961 2011 Principum
1976 1986 1990 2008 ,
2015 1968 2137 2013 atque
2153 1956 2250 1998 alio-

1250 2029 1335 2057 rum
1354 2018 1642 2059 patronorum„
1656 2015 1694 2056 in
1709 2017 2001 2069 temporalibus
2018 2045 2030 2065 ,
2053 2017 2248 2071 quantum

1250 2074 1412 2128 quidem
1437 2075 1600 2115 omnino
1616 2072 1701 2116 fieri
1724 2075 1882 2128 potest,
1908 2074 2098 2132 cujusque
2126 2073 2244 2116 statui

1250 2143 1523 2187 congruenter
1540 2133 1780 2187 providere-

1305 2194 1361 2233 11.
1395 2192 1455 2232 Ac
1472 2191 1568 2234 licet
1587 2192 1831 2233 Erat-eruitas
1845 2193 2007 2235 Viscera
2022 2191 2250 2234 misericor-

1246 2250 1320 2291 diae
1334 2251 1404 2291 suae
1417 2249 1613 2303 ampliare
1626 2280 1639 2300 ‚
1665 2262 1784 2306 atque
1800 2250 1850 2292 ad
1867 2265 2006 2293 omnes
2024 2250 2254 2293 extendere

1250 2318 1362 2363 optet
1389 2336 1404 2359 ,
1433 2321 1517 2350 cum
1555 2308 1694 2350 bonum
1724 2310 1778 2359 fit
1800 2311 1875 2364 siu?
1906 2309 2128 2367 diff'ufivum
2151 2338 2164 2360 ,
2203 2308 2251 2356 Θ·

1249 2366 1612 2409 ιωηηιιιηὶιαιὶυιινκ
1625 2382 1640 2410 :
1669 2379 1849 2410 attamen
1862 2383 1952 2410 cum
1968 2368 2057 2410 lieri
2070 2365 2254 2421 nonpos-

1250 2424 1323 2476 sit,
1355 2436 1401 2467 ut
1414 2438 1556 2467 omnes
1584 2425 1667 2468 sola
1686 2426 1825 2481 juvet,
1857 2427 2073 2476 statuitur,
2102 2441 2149 2468 ac
2178 2424 2250 2466 de-

1248 2488 1461 2534 cernitur3
1495 2495 1536 2526 ut
1552 2498 1674 2527 nemo
1695 2485 1864 2527 sublidio
1887 2486 2027 2540 aliquo
2041 2495 2244 2539 tempora-

1250 2545 1311 2585 rio
1327 2540 1582 2594 sublevetur,
1614 2543 1716 2592 nili,
1747 2542 1983 2600 quiopera,
2016 2542 2252 2585 acministe-

1251 2603 1311 2644 rio
1326 2602 1613 2644 Fraternitatis
1628 2601 1840 2645 conversus
1868 2600 1991 2645 fuerit
2006 2631 2020 2651 ,
2051 2611 2123 2644 aut,
2137 2611 2250 2643 certe

1251 2661 1275 2702 a
1290 2661 1470 2701 Patronis
1487 2685 1500 2704 ,
1522 2661 1562 2699 δι
1586 2658 1923 2701 Benesaaoribus
1949 2659 2039 2713 ejus.
2049 2659 2252 2712 sigillatim

1253 2715 1564 2758 commendetur
1581 2744 1593 2756 .

1308 2776 1386 2816 lu.
1419 2777 1562 2828 Neque
1578 2773 1662 2821 esti,
1678 2771 1786 2827 quod
1800 2772 2008 2828 quisquam
2034 2774 2103 2815 fibi
2122 2773 2252 2815 statim

1255 2831 1294 2872 in
1310 2829 1393 2883 ipso
1407 2830 1580 2881 ingr-effu
1597 2841 1754 2873 montes
1768 2845 1910 2874 aureos
1923 2862 1939 2884 ,
1969 2843 2040 2875 aut
2066 2847 2140 2888 pro
2158 2843 2254 2875 voto

1255 2889 1322 2929 suo
1347 2887 1607 2944 quascunque·
1622 2889 1782 2933 vivendi
1803 2891 2093 2943 conditiones,
2123 2891 2254 2946 digni-

1255 2946 1410 2988 tate-sve
1429 2945 1672 3002 polliceatur
1691 2977 1709 2999 ,
1737 2960 1913 3000 cum·,ut
1925 2949 1980 2992 est
1995 2949 2226 2992 insatiabilis
2240 2978 2254 3000 ,

1254 3001 1459 3046 &infinita
1476 3005 1678 3047 hominum
1694 3007 1891 3061 cupiditas
1905 3037 1919 3060 ,
1950 3007 2253 3065 &quorundam

1256 3061 1308 3103 de
1322 3060 1359 3103 se
1372 3062 1494 3103 etiam
1510 3064 1625 3118 supra
1637 3063 1674 3107 se
1688 3064 1939 3121 praesumptio
1951 3094 1965 3116 ,
1988 3068 2167 3109 omnium
2181 3081 2255 3108 vo·

1257 3120 1308 3162 tis
1325 3118 1505 3162 satisfieri
1521 3136 1594 3163 non
1611 3122 1743 3177 poffit:
1775 3122 1840 3166 sed
1861 3125 1999 3180 singuli
2022 3125 2193 3167 firmiter
2209 3124 2255 3167 fi,

1258 3180 1296 3221 bi
1313 3177 1579 3232 persuadeant
1592 3208 1614 3231 ,.
1632 3195 1703 3235 pro
1720 3183 1883 3226 ratione
1897 3182 2141 3234 facultatum
2157 3212 2171 3234 ,
2190 3197 2257 3225 re·

1256 3237 1448 3292 gularum
1469 3266 1481 3287 ,
1518 3237 1807 3288 Personarum,
1843 3243 2083 3284 meritorum
2111 3255 2155 3282 ac
2183 3255 2258 3282 ne-

1255 3293 1444 3340 ceffitatis
1471 3310 1563 3338 cum
1589 3298 1804 3348 omnibus,
1832 3300 1950 3354 quam
1978 3298 2256 3354 benignissime

1256 3353 1457 3407 agendum
1470 3381 1483 3403 ,
1501 3369 1574 3397 nec
1588 3355 1758 3398 dandam
1774 3355 2058 3407 forecausam,
2075 3371 2148 3399 cur
2165 3358 2252 3412 quis

1255 3409 1345 3467 jure
1360 3413 1554 3466 conqueri
1569 3413 1681 3468 possit
1699 3442 1711 3454 .

1314 3469 1388 3510 1v.
1420 3471 1632 3513 Nobilibus
1653 3482 1789 3514 tamen
1815 3501 1828 3522 ,
1855 3473 2088 3527 Principum
2115 3475 2257 3517 Consi-

1257 3526 1398 3577 }iariis,
1413 3526 1575 3584 alii-sque
1591 3531 1799 3571 honora-tis
1816 3531 1909 3572 viris
1924 3558 1938 3580 ,
1970 3532 2011 3574 ὃς,
2029 3532 2258 3575 Praedican—

1257 3586 1354 3627 tibts
1373 3584 1519 3628 viscera
1543 3587 1823 3630 misericordiae
1848 3589 1973 3642 magis
1989 3591 2225 3643 aperientur
2244 3618 2260 3640 ,

1257 3643 1351 3699 quia
1366 3657 1506 3685 eorum
1523 3644 1728 3687 necessitas
1764 3647 1920 3688 ratione
1945 3646 2063 3690 status
2094 3651 2132 3691 δι
2155 3663 2255 3691 con-

1261 3700 1358 3758 jugii
1376 3701 1612 3757 plerumque
1626 3702 1752 3759 major
1762 3702 1838 3746 esse
1855 3702 1956 3748 folet
1973 3735 1985 3747 .

1318 3759 1382 3813 γε.
1407 3758 1530 3817 Qod
1547 3758 1794 3875 {aliquibus
1820 3776 1949 3807 annua
1969 3762 2255 3815 eleemosyna..

1613 3832 1638 3874 q
2093 3820 2206 3860 dabi—
