2658 4256
320 307 482 350 ductum
506 304 614 361 sequi
629 321 706 350 non
722 307 920 363 possumus
948 310 987 349 in
1015 305 1350 362 praesentia‚Cu-

317 367 505 416 -stodum,
529 364 887 421 suffugiorumque
913 366 1127 421 paritatem
1151 367 1189 406 in
1215 364 1348 405 divifis

324 423 550 468 Provinciis
572 423 809 466 stabiliendo
822 453 832 464 .
865 429 972 467 Cum
986 425 1091 466 enim
1109 424 1198 465 huic
1214 421 1342 463 consi—

323 485 380 527 lio
403 484 427 525 ἑ
441 484 594 525 directo
610 481 843 525 adversetur
859 497 1052 538 nuperum
1068 482 1138 524 fel.
1153 496 1241 522 ree.
1263 483 1341 522 De-

322 541 483 586 cessoris
499 542 619 583 nostri
636 545 856 583 Decretum
872 570 887 591 ‚
914 551 1102 584 accurato
1116 554 1177 581 res
1198 540 1344 583 exami-

323 617 374 645 ne
402 599 597 658 pensanda
612 599 737 641 Nobis
751 599 934 651 proferte>
963 600 1084 642 fuerit
1102 627 1111 640 .

380 657 614 704 consulturi
633 657 726 699 vero
741 657 980 713 praejudiciis
999 687 1012 710 ,
1042 671 1124 713 quae
1142 658 1251 700 Fidei
1267 660 1346 700 Or-

324 719 506 761 thodoxae
530 716 803 770 propagationi
826 717 989 759 evenire
1005 715 1163 759 fortasse
1191 715 1343 771 poffent

324 793 374 820 ex
391 772 590 819 retardata
606 788 802 816 novorum
817 778 1102 817 conventuum
1118 776 1343 826 erectione,

324 837 401 878 tuis
429 841 645 875 annuentes
661 833 791 880 votis,
825 832 1099 886 praedisstorum
1119 835 1347 889 Capucino-

323 908 414 937 rum
429 890 622 934 Generali
636 919 648 940 ,
676 890 864 946 subjectas
878 890 943 931 fibi
960 893 1193 934 Provincias
1221 891 1350 933 vilita-

326 965 439 1001 turo,
453 949 682 991 facultatem
701 949 973 1005 impartiemur
987 978 999 1000 ,
1014 952 1172 1006 quoties
1188 950 1227 992 id
1243 949 1347 991 divi·

327 1027 380 1055 no
405 1008 530 1051 cultui
560 1006 836 1062 amplificando
860 1019 1131 1061 opportunum
1157 1009 1347 1055 duxerit,

326 1082 450 1115 novas
468 1067 546 1107 istis
564 1068 600 1108 in
620 1067 867 1121 Regionibus
893 1064 949 1107 sui
965 1068 1135 1109 Ordinis
1158 1068 1346 1110 stationes

326 1125 538 1182 erigendi,
569 1139 666 1181 quas
689 1124 842 1165 scilicet
869 1126 1096 1167 Catholicae
1123 1125 1346 1178 Religionis

326 1188 574 1228 incremento
600 1182 811 1225 admodum
829 1180 1059 1237 profuturas
1074 1211 1088 1234 ,
1114 1183 1257 1225 eximia
1275 1183 1345 1226 in..‚

324 1247 429 1286 hunc
454 1241 612 1295 scopum
633 1240 850 1296 Religionis
876 1239 1064 1283 universae
1077 1241 1230 1292 studia,
1262 1244 1347 1285 No·

327 1303 386 1344 bis
417 1302 575 1356 prorsus
606 1302 874 1353 pollicentur.

382 1360 542 1414 Optatis
568 1369 696 1401 autem
724 1357 882 1413 insuper
910 1360 988 1401 tuis
1015 1360 1067 1402 de
1095 1374 1171 1402 non
1203 1361 1348 1417 adjun-

325 1418 462 1473 gendis
478 1417 700 1459 Provinciae
716 1417 941 1470 Tyrolenfis
961 1419 1245 1460 Conventibus
1263 1445 1277 1467 ,
1290 1420 1347 1459 ei-

322 1479 414 1519 dem
435 1475 658 1524 Generali,
691 1469 756 1515 seu
783 1474 852 1514 alii
878 1475 1042 1516 cuilibet
1068 1475 1347 1518 Commissario

323 1538 363 1578 in
392 1534 650 1578 Germaniam
674 1530 929 1587 profecturo,
959 1531 1141 1586 expresse
1166 1534 1348 1588 injunge-

325 1609 411 1635 mus
424 1622 438 1645 ,
470 1592 568 1635 utin
586 1592 659 1632 hac
672 1605 714 1631 re
730 1619 743 1641 ‚
758 1588 948 1645 quantum
963 1587 1049 1631 fieri
1065 1593 1243 1643 poterit,
1259 1595 1348 1632 No-

323 1651 471 1694 bilitati
492 1654 583 1692 Tuae
597 1650 884 1703 obtemperare
898 1659 1011 1689 curet
1024 1677 1034 1688 .
1050 1650 1106 1691 Ut
1123 1649 1350 1703 praedietam

321 1712 399 1751 FF.
426 1710 726 1764 Capucinorum
755 1706 1018 1761 Religionem
1034 1708 1259 1750 continenti
1287 1721 1353 1762 pa-

324 1767 506 1809 trocinio
528 1766 664 1807 foveas
680 1794 694 1815 ‚
725 1777 775 1806 ex
798 1766 931 1805 animo
951 1765 1114 1807 interim
1143 1768 1352 1821 cupimus,

325 1826 450 1874 Tibi,
484 1824 640 1865 Dileete
670 1822 772 1871 Fili,
799 1822 1071 1876 Apostolicam
1100 1826 1350 1868 Benedictio-

319 1898 412 1925 nem
447 1896 497 1924 ex
534 1878 641 1924 omni
684 1879 818 1926 cordis
855 1879 979 1922 nostri
1017 1881 1126 1923 sensu
1163 1883 1347 1938 imperti-

319 1950 461 1984 entes·

381 2002 539 2042 Datum
564 2001 705 2041 Romae
732 1997 837 2053 apud
871 1997 1053 2039 sanctam
1069 1999 1239 2041 Mariam
1262 2003 1350 2043 Ma—

319 2057 453 2114 jorem
484 2057 550 2100 sub
577 2057 741 2100 Annulo
784 2057 998 2098 Piscatoris
1022 2085 1038 2107 ‚
1080 2058 1159 2100 Die
1194 2073 1229 2100 1.
1264 2062 1352 2101 Au-

323 2116 422 2171 gusti
437 2131 471 2158 M
487 2133 515 2159 n
532 2132 551 2159 c
568 2134 587 2159 L
606 2129 631 2157 x
646 2130 672 2158 x
689 2131 722 2160 ι.
739 2112 998 2158 Pontificatfis
1025 2115 1144 2158 nostri
1158 2118 1278 2160 Anno
1289 2117 1351 2159 se-

323 2175 481 2217 eundo.

730 2293 882 2336 Marius
899 2291 1061 2348 Spinula
1079 2295 1242 2337 Secret.

380 2406 630 2462 Autograpb.
671 2411 714 2450 in
745 2412 886 2450 Secrct.
928 2414 1041 2450 Brea.
1079 2410 1127 2452 ad
1144 2411 1350 2466 Principes

436 2465 579 2520 regesto
603 2465 721 2522 mens:
737 2465 783 2512 ἐς
797 2469 893 2507 anni
898 2467 1028 2520 praed.
1041 2466 1122 2524 fol.
1142 2480 1208 2521 55.

325 2600 671 2619 U———ffl
1221 2610 1336 2622 —

582 2712 760 2762 Eodem
790 2726 1067 2781 argumento
1085 2749 1098 2762 .

262 2873 265 2879 .
323 2855 360 2896 A
380 2858 522 2907 tergo:
555 2847 722 2890 Enem-
737 2847 853 2891 Filia
867 2852 909 2890 in
920 2852 1072 2908 Christo
1087 2880 1100 2902 ‚
1115 2852 1251 2896 Nobili
1264 2857 1356 2898 Mu-

410 2912 515 2959 lieri,
531 2907 727 2958 Adelat‘dt',
738 2904 900 2961 Duciffae
911 2912 1118 2959 Bavariae,
1133 2913 1269 2954 Fiet-di..

482 2966 600 3010 nandi
613 2967 760 3008 Mariae
776 2965 895 3005 Ducis
909 2970 1095 3008 Bavariae
1108 2995 1121 3017 ,
1153 2969 1202 3016 θ’

533 3029 573 3066 S.
602 3027 650 3067 R.
681 3028 716 3067 Ι.
752 3026 940 3077 Principis
967 3026 1154 3068 Eleeloris

750 3081 939 3139 Conjugi.

326 3202 838 3255 CLEMENS
927 3205 1199 3253 PAPA
1278 3207 1342 3278 Xe

327 3330 486 3375 DilebJa
499 3332 540 3371 in
557 3328 703 3384 Christo
717 3329 823 3373 Hlia
834 3357 848 3380 ‚
877 3329 1030 3372 Nobilis
1046 3334 1198 3374 Mulier
1212 3358 1226 3382 ,
1236 3298 1352 3390 filu<

439 3398 516 3431 tem
543 3388 595 3438 &
619 3387 873 3445 Apostolicam
894 3389 1198 3433 Benediinoncm
1211 3418 1222 3430 .

425 3517 619 3561 Ontificiae
638 3518 863 3560 Charitatis
882 3516 1021 3562 solatia
1039 3518 1128 3559 sunt
1151 3527 1348 3563 accuratae

441 3575 813 3619 commendationes
825 3576 1064 3620 Nobilitatis
1083 3578 1178 3618 Tuae
1190 3605 1206 3627 ,
1222 3580 1351 3620 ratio-

326 3638 439 3678 nibus
458 3638 624 3677 Parrum
640 3636 942 3690 Capucinorum
959 3635 1133 3677 Bavariae
1145 3664 1161 3685 ,
1181 3649 1253 3677 nec
1270 3652 1349 3679 non

326 3693 556 3747 Tyrolenfis
579 3694 798 3737 Provinciae
817 3692 1078 3748 suffragantes
1095 3721 1109 3743 ‚
1123 3694 1163 3736 in
1180 3692 1225 3736 iis
1239 3697 1350 3737 enim

323 3752 520 3808 praeclaris
540 3750 713 3812 expressa.⁴
742 3755 846 3814 gotis
868 3752 978 3815 illius
1007 3751 1148 3811 elucet
1162 3753 1349 3811 praestan7

1085 175 1710 260 Monumenta

1411 306 1466 347 tia
1481 306 1669 358 pietatis,
1694 317 1778 359 quae
1792 303 1919 347 divini
1940 306 2067 353 cultfis
2090 313 2129 354 in
2152 313 2433 370 amplificatio.

1410 378 1503 404 nem
1527 362 1666 404 sedulo
1689 363 1939 405 incumbenti
1959 366 2207 413 voluntatem
2241 373 2332 414 Tibi
2361 387 2433 415 no·

1403 422 1521 464 stram
1547 421 1724 475 apprime
1740 423 1957 464 conciliat.
1990 425 2095 477 Huic
2106 441 2275 481 autem,
2301 445 2430 487 quan.

1404 480 1490 522 tum
1515 493 1606 520 cum
1623 479 1797 521 Domino
1824 478 2019 535 polsumus
2038 508 2053 532 ,
2083 487 2324 542 respondere
2353 503 2427 532 ex.

1405 549 1594 594 optantes
1610 565 1624 588 ,
1639 538 1888 591 diligentiori
1903 538 2144 584 reservantes
2157 547 2325 589 examini
2340 550 2429 590 Cu-

1405 598 1563 640 ssodum
1590 597 1942 654 suffragiorumque
1963 598 2176 653 paritatem
2199 603 2220 643 ὲ
2234 604 2427 658 praediftis

1404 658 1591 699 Patribus
1617 657 1656 696 in
1683 653 1814 697 divisis
1829 658 2050 698 Provinciis
2069 684 2082 706 ,
2111 671 2188 700 nec
2215 664 2352 705 nonin
2370 663 2429 706 di.-
2476 659 2479 662 ’

1403 714 1592 758 videndis
1619 713 1840 768 expetitam
1871 715 2055 771 (nupero
2084 714 2239 758 scilicet
2262 715 2330 759 fel.
2347 729 2432 763 ree.

1408 772 1640 817 Decefforis
1670 772 1788 814 nostri
1813 774 1850 815 in
1880 776 2124 817 contrarium
2141 777 2326 817 Decreto
2350 777 2390 820 id
2408 778 2430 819 a

1408 835 1540 876 Nobis
1571 835 1731 887 prorsus
1754 832 1975 891 exigente)
2006 832 2257 877 necessariam
2283 835 2322 876 in
2340 846 2434 889 prae-

1406 894 1530 936 sentia
1552 889 1792 932 eorumdem
1804 892 1995 934 Generali
2010 920 2023 942 ‚
2038 891 2231 950 subjectas
2247 892 2314 934 sibi
2331 896 2436 935 Pro-

1406 951 1557 994 vincias
1575 949 2038 1000 vifitaturo,facultatem
2055 951 2358 1006 impertiemur,
2382 947 2435 991 ad

1408 1023 1533 1052 novos
1561 1006 1798 1050 suiOrdinis
1822 1011 2087 1062 Conventus,
2119 1011 2187 1052 ubi
2212 1009 2262 1051 fic
2287 1009 2339 1051 ad
2366 1022 2435 1050 or-

1409 1067 1599 1110 thodoxae
1614 1064 1708 1108 fidei
1726 1069 2058 1123 propagationem
2071 1079 2346 1123 opportunum
2359 1066 2434 1108 du-

1408 1127 1513 1169 xerit
1529 1153 1543 1176 ‚
1568 1126 1715 1180 absque
1739 1125 1818 1168 alio
1840 1127 2073 1181 Apostolico
2095 1128 2328 1181 Diplomate
2355 1125 2434 1167 istis

1408 1188 1448 1228 in
1470 1184 1715 1238 Regionibus
1738 1184 1982 1239 erigendos;
2016 1188 2075 1228 Te
2094 1187 2197 1229 enim
2220 1185 2434 1240 adjuvante

1409 1244 1652 1287 uberrimam
1668 1241 1717 1283 ad
1731 1242 1950 1285 Catholicae
1967 1245 2192 1300 Religionis
2210 1245 2438 1285 incremen-

1410 1314 1493 1346 tum
1529 1302 1576 1343 ab
1613 1301 1767 1343 eximiis
1805 1310 2006 1344 tantorum
2035 1303 2076 1344 in
2105 1301 2235 1345 Vinea
2269 1299 2436 1343 Domini

1408 1361 1697 1416 Operatiorum
1723 1359 1928 1403 laboribus
1949 1361 2112 1404 omnino
2129 1362 2253 1404 Nobis
2279 1356 2436 1401 messem

1408 1419 1672 1475 pollicemur.
1706 1418 1803 1460 ‘ruis
1828 1417 1986 1475 insuper
2003 1420 2107 1461 votis
2123 1418 2173 1461 de
2195 1432 2275 1461 non
2291 1416 2435 1474 adjun-

1407 1478 1546 1532 gendis
1576 1477 1797 1518 Provinciae
1814 1478 2045 1531 Tyrolenfis
2060 1476 2370 1524 Conventibus,
2395 1475 2436 1518 in

1407 1532 1582 1580 Bavariae
1592 1534 1801 1576 Provincia
1814 1535 2088 1586 existentibus,
2105 1535 2300 1578 indulturi
2313 1564 2325 1586 ,
2339 1547 2437 1590 prae-

1408 1594 1505 1634 dieti
1520 1591 1683 1634 Ordinis
1699 1593 1891 1634 Gener-ali
1905 1620 1919 1643 ‚
1934 1593 2000 1635 seu
2013 1592 2292 1636 Commiffario
2307 1593 2436 1635 isthuc

1409 1649 1643 1708 profecturo
1656 1650 1888 1691 mandamus
1905 1679 1920 1700 ,
1946 1662 1990 1692 ut
2006 1651 2043 1692 in
2057 1653 2133 1694 hoc
2149 1651 2337 1704 negotio,
2354 1655 2438 1705 quo

1409 1706 1583 1750 maxime
1600 1707 1780 1761 potuerit
1795 1736 1808 1758 ,
1838 1708 2056 1750 Nobilitati
2075 1711 2167 1750 Tuae
2184 1723 2338 1750 morem
2361 1722 2436 1762 ge-

1412 1781 1504 1812 rere
1522 1765 1732 1815 studeant,
1764 1767 1830 1807 cui
1846 1767 2065 1821 propitium
2082 1768 2237 1808 interea
2253 1795 2267 1818 ,
2294 1765 2437 1807 faven-

1413 1837 1575 1882 temque
1601 1825 1798 1866 bonorum
1823 1827 2000 1867 omnium
2025 1828 2248 1867 Auctorem
2270 1827 2436 1866 Deum..

1411 1897 1653 1941 precamur,
1680 1891 1805 1937 atque
1818 1882 2086 1938 Apostolicam
2111 1882 2436 1925 Benedictionem

1412 1958 1461 1986 ex
1477 1941 1582 1984 omni
1597 1939 1730 1982 cordis
1747 1941 1864 1982 nostri
1881 1942 1989 1984 sensu
2004 1943 2265 1998 impertimur
2278 1969 2293 1985 .

1472 2004 1622 2044 Datum
1637 2001 1774 2042 Romae
1796 2009 1842 2042 ut
1853 1998 1985 2057 stepra
1999 2029 2011 2044 .

1808 2117 1961 2160 Marius
1979 2117 2143 2174 spinula
2164 2121 2324 2161 secret.

1470 2220 1617 2290 Adtog.
1642 2233 1711 2275 ubi
1727 2233 1860 2291 fitpra
1878 2235 1998 2292 fil.5
2004 2249 2046 2290 9.

1412 2371 1643 2387 ——m
1817 2371 1932 2383 ——
2165 2367 2440 2385 uun—n*

1411 2470 1491 2521 Ad
1519 2487 1660 2519 novas
1693 2468 1920 2518 instantias
1936 2503 1951 2526 ,
1979 2468 2154 2519 easdem
2180 2470 2300 2517 circa
2324 2469 2441 2537 pari-

1479 2555 1621 2589 tatem
1655 2555 1872 2588 votorum
1911 2538 2205 2590 difficultates
2240 2537 2440 2587 substste-

1479 2627 1530 2659 re
1545 2646 1560 2667 ,
1587 2608 1922 2730 Aiugigstiffimo
1951 2610 2229 2679 Imperatori
2249 2611 2441 2678 Leopol·

1480 2680 1542 2730 do
1567 2697 1613 2731 re
1638 2683 1701 2730 cri
1736 2681 1799 2729 it.

1442 2809 1480 2851 A
1497 2815 1639 2864 tergo:
1657 2808 1880 2866 Cham'fflmo
1896 2807 1938 2851 in
1955 2808 2106 2862 Christo
2126 2810 2227 2849 Filio
2244 2807 2383 2863 Nostro
2394 2836 2410 2860 ,

1501 2869 1686 2921 Leopoldo
1702 2897 1716 2918 ‚
1749 2867 1964 2921 Hungariae
1980 2868 2026 2914 (9⁶
2055 2866 2243 2908 Bchemzae
2259 2870 2356 2920 Rege·

1570 2925 1721 2980 Illustri
1731 2954 1747 2976 ‚
1775 2927 1817 2965 in
1840 2927 2098 2966 Romanorum
2112 2928 2284 2977 Impera-

1781 2992 1906 3024 torem
1929 2980 2068 3023 eleb‘t‘o.

1414 3100 1930 3151 CLEMENS
2017 3100 2293 3148 PAPA
2374 3102 2438 3150 X.

1478 3223 1698 3283 Charifflme
1722 3229 1765 3269 in
1779 3225 1928 3283 christo
1946 3224 2025 3271 Fili
2054 3224 2175 3280 nester
2186 3226 2303 3282 sblut
2314 3239 2371 3268 em

1598 3285 1646 3332 ζῆ·
1658 3285 1913 3343 Apostolicam
1927 3284 2230 3329 Bencdmionem
2245 3313 2258 3324 .

1530 3402 1640 3447 Avifi
1665 3417 1745 3446 non
1761 3417 1901 3461 parum
1917 3403 2045 3447 {iimus
2069 3416 2119 3445 ex
2143 3402 2289 3445 litteris
2306 3403 2440 3457 Maje³

1549 3463 1657 3505 statis
1673 3464 1766 3505 ‘ruae
1791 3463 1859 3506 die
1885 3461 1990 3506 sexta
2013 3462 2123 3520 Junii
2148 3462 2254 3504 datis
2282 3460 2439 3506 intelli-

1411 3531 1509 3571 gere
1522 3551 1536 3572 ,
1562 3521 1797 3564 divisionem
1815 3523 2035 3564 Provinciae
2052 3521 2272 3563 Bohemicae
2287 3550 2302 3570 ,
2325 3520 2437 3577 juxta

1410 3575 1674 3627 facultatem,
1705 3579 1726 3620 τὶ
1753 3580 1882 3622 Nobis
1911 3580 2091 3623 Ministro
2116 3580 2313 3622 Generali
2345 3581 2438 3623 Fra-

1409 3645 1520 3679 trum
1537 3637 1840 3690 Capucinorum
1857 3639 2101 3695 impertitam
2115 3667 2129 3690 ‚
2145 3639 2296 3692 inopus
2315 3639 2436 3680 reda-

1411 3697 1511 3736 etam
1528 3694 1667 3748 fuiffe3
1693 3697 1848 3752 piorum
1864 3699 1972 3740 enim
1988 3707 2220 3755 optatorum
2238 3705 2436 3739 tuorum-

1408 3752 1565 3812 effed‘tio
1580 3783 1595 3808 ,
1620 3754 1921 3812 propensissimae
1937 3770 2031 3813 erga
2051 3767 2093 3800 te
2108 3754 2330 3855 Charitatg
2348 3757 2437 3796 No-

2319 3826 2384 3854 „rae
