2658 4256
962 193 1558 283 Boemiea.

2075 221 2237 293 177

224 331 391 406 nequent
418 331 544 382 Sam]
579 330 804 399 exorcismo
840 327 1082 392 rompefiens
1114 365 1130 389 ,
1169 330 1234 375 ita
1272 341 1424 392 quoque
1464 340 1566 372 anno
1611 320 1761 367 1680.
1805 319 1900 369 dum
1937 320 2072 387 peslis
2111 325 2295 373 acet-bias

218 405 371 479 fiviit
388 438 406 462 ‚
446 406 499 453 &¹
534 406 827 476 quinquaginta
884 399 1036 463 uinque
1052 397 1224 446 Fratres
1243 397 1288 442 in
1317 394 1502 465 obstquio
1521 392 1745 453 charitatis·
1771 393 1912 460 rapuit
1927 426 1945 451 ,
1972 396 2017 442 in
2032 390 2168 442 Domo
2183 392 2298 443 Lau-¹

224 488 371 529 retana
399 476 571 547 itfiflos
598 470 755 540 affiduc'i
784 485 884 520 cura
908 467 1087 531 adjuvit
1102 501 1115 515 .

502 612 801 684 Compleffltur
821 606 1057 658 Conventus
1089 602 1290 654 Fratrum
1305 637 1318 652 .
1354 621 1465 657 xxx.

631 749 875 820 Refidemia
888 782 902 799 .
927 750 1042 814 {str-

223 937 472 960 *a*
817 935 932 949 —-

218 1041 479 1109 Capucinos
531 1033 652 1099 J‘ussu
708 1030 950 1084 Pontificio
990 1035 1224 1099 Fugam-2
1283 1034 1463 1083 Statuta
1479 1020 1881 1081 Confi-aternitatis
1917 1026 1999 1078 sub
2035 1029 2172 1077 titulo
2193 1026 2298 1078 Pas·

283 1107 523 1160 destinatos
549 1141 566 1164 ,
597 1104 646 1156 ὅτ.-
684 1104 832 1153 itineri
866 1107 960 1164 jam
997 1101 1222 1151 accinstos

286 1175 400 1235 effe,
429 1177 626 1245 Principi
656 1170 1012 1242 Archiepiscopo
1052 1173 1224 1221 nuntia-

288 1262 368 1299 tur
392 1282 406 1296 .

280 1384 518 1434 Per-illustris
542 1410 558 1435 2
582 1398 628 1427 ac
644 1382 955 1441 Reverendffmc
972 1383 1138 1425 Domine
1152 1408 1165 1422 .

359 1506 390 1546 Ε
406 1501 709 1546 introducendis
720 1502 758 1544 in
772 1502 883 1545 istam
894 1501 1119 1544 Civitatem
1130 1500 1227 1541 Pra-

374 1561 534 1618 gensem
554 1561 767 1618 Religiofis
797 1561 878 1603 illis
895 1561 1030 1612 Viris,
1063 1558 1226 1615 quiOr-

221 1624 359 1664 dinem
373 1623 412 1662 δι
427 1620 777 1676 institutun1‚quod
795 1620 916 1675 vulgo
932 1619 1227 1674 Capucinorum

220 1678 402 1731 dicitur,
428 1677 697 1735 profitentur,
729 1675 954 1734 assequetur
987 1675 1226 1731 propediem

219 1737 573 1780 Reverendiffima
615 1736 852 1779 Dominatio
887 1733 1028 1776 Vestra
1064 1734 1225 1788 Superis

219 1795 322 1838 bene
341 1795 568 1839 faventibus
582 1794 622 1835 id
641 1823 657 1845 ‚
686 1794 792 1850 quod
815 1792 880 1849 pie
907 1791 1126 1835 admodum
1149 1791 1228 1832 visa

217 1853 275 1895 est
289 1855 476 1896 haetenus
490 1862 710 1908 expetere,
742 1852 935 1908 siquidem
963 1851 1015 1894 de
1037 1849 1229 1893 Mandato

218 1912 453 1955 Sanstiffimi
469 1911 631 1954 Domini
647 1910 766 1953 nostri
781 1909 938 1966 jamjam
958 1911 1092 1952 itineri
1109 1908 1149 1951 se
1162 1923 1231 1952 ac-

218 1971 385 2025 cingunt
399 1985 450 2013 ex
461 1970 675 2013 eaFamilia
686 1970 819 2013 selec'ti
837 1971 978 2011 Patres
991 1968 1231 2019 duodecim,

219 2038 270 2071 ut
283 2030 323 2071 se
343 2030 393 2072 ad
409 2031 493 2072 Vos
509 2029 707 2084 recipiant
723 2057 737 2080 ‚
751 2028 1050 2085 Vobiscumque
1066 2040 1232 2069 moren-

221 2097 311 2129 tur.
344 2086 491 2129 Vestrae
518 2099 651 2130 autem
675 2088 839 2142 pietatis
865 2089 972 2138 erit,
1004 2100 1147 2129 eorum
1161 2100 1232 2127 cu-

220 2159 306 2189 ram
322 2142 519 2200 suscipere
539 2173 552 2197 ,
583 2146 829 2203 omninoque
865 2146 1092 2202 prospicere
1107 2175 1122 2197 ,
1143 2159 1234 2188 ne,-

221 2202 319 2261 quid
331 2205 420 2260 ipsis
435 2205 475 2246 in
487 2205 632 2246 itinere
646 2203 977 2261 defit‚presertim
991 2216 1101 2247 trans
1110 2203 1234 2247 Oeni-

220 2272 420 2321 pontum,
452 2262 520 2305 ubi
549 2261 669 2304 nullae
695 2262 783 2305 sunt
812 2267 995 2315 Domus,
1027 2261 1094 2304 seu
1117 2265 1232 2306 Con-

223 2330 370 2365 ventus
385 2320 499 2378 hujus
515 2320 682 2363 instituti
697 2349 711 2373 ,
724 2322 764 2362 in
780 2322 922 2377 quibus
934 2322 996 2363 illi
1011 2321 1143 2378 excipi
1155 2349 1169 2372 ,
1184 2334 1231 2363 ac

223 2378 417 2424 diversari
432 2378 595 2435 poffint.
627 2380 715 2421 Hos
740 2381 862 2435 igitur
886 2381 1074 2423 charitati
1094 2380 1230 2423 vestrae

226 2452 467 2493 magnopere
480 2439 733 2481 commendat
753 2445 829 2481 Sua
843 2440 1028 2482 Sanctitas
1041 2468 1054 2491 ,
1068 2452 1144 2493 ego
1159 2452 1231 2481 ve-

225 2500 274 2540 ῐὸ
300 2497 481 2553 pluribus
512 2496 561 2538 ad
587 2497 666 2539 hoc
697 2495 840 2540 Rtiiam
865 2498 1230 2541 nominationem

226 2554 410 2599 vestram
446 2555 599 2598 hortari
637 2554 774 2597 defino
799 2582 814 2603 ,
857 2557 1007 2613 quippe
1052 2558 1120 2612 qui
1147 2555 1233 2610 pla-

223 2611 851 2723 25253122‘022323335331‘1'35
847 2614 1156 2730 pissdin’dffid
1167 2613 1233 2713 sest

227 2729 367 2784 sponte
382 2727 471 2770 satis
480 2728 557 2771 effe
571 2731 804 2785 propensam
818 2760 830 2773 .
863 2735 1003 2788 Itaque
1019 2746 1095 2774 non
1112 2731 1232 2773 omit-

227 2797 292 2829 tet
308 2814 323 2837 ‚
351 2793 399 2828 ut
423 2785 555 2841 aliqua
583 2788 621 2828 in
647 2788 752 2830 reiis
766 2787 933 2832 defuisse
945 2790 1072 2831 videri
1091 2788 1236 2845 possit,

229 2859 330 2902 quos
354 2844 444 2887 hinc
471 2844 735 2886 accersendos
763 2848 953 2898 putavit.
985 2848 1110 2902 Qod
1139 2845 1239 2888 reli-

229 2917 350 2960 quum
372 2901 428 2945 est
445 2900 862 2957 ipfiReverendisfime
879 2903 1241 2945 DominationiVe-

233 2964 316 3006 strae
337 2962 470 3003 omnia
486 2959 635 3010 studia,
668 2970 788 3015 atque
807 2958 937 3002 officia
949 2958 1093 3002 defero
1107 2988 1121 3010 ‚
1155 2962 1240 3000 De-

229 3035 300 3064 um
313 3021 365 3062 0.
380 3021 437 3060 Μ.
452 3029 687 3074 precaturus
702 3044 716 3066 ,
737 3027 780 3059 ut
794 3032 880 3059 eam
893 3018 1011 3073 quam
1026 3015 1243 3059 diutiffime·

232 3078 460 3123 incolumen
473 3085 636 3121 tueatur
649 3105 660 3117 .
692 3078 833 3119 Romae
846 3076 912 3119 die
928 3075 1066 3132 7.Julii
1088 3075 1211 3130 1698.

295 3193 542 3241 Perillustris
555 3208 600 3237 ac
617 3193 730 3236 Rt'i'iae
745 3195 863 3236 Dom.
880 3191 1027 3236 Vestrae
1044 3222 1055 3233 .

492 3308 653 3348 :Amicus
677 3334 692 3354 ,
711 3309 754 3351 (θ’
766 3308 821 3346 κει·
830 3307 952 3347 Frater
966 3308 1218 3359 Studiofiffimus
1234 3335 1242 3345 .

546 3418 741 3469 Cinthius
756 3418 884 3469 Card.
905 3416 950 3466 S.
969 3417 1171 3486 Georgii.

302 3548 456 3604 Exemp.
469 3549 580 3593 autb.
594 3550 637 3592 in
653 3547 773 3593 Arcb.¹
790 3546 1022 3600 Provinc2ae2

303 3866 305 3868 ·
375 3841 477 3881 Tom.
495 3817 559 3883 lif.

1351 1100 1485 1152 fionis
1534 1101 1722 1151 Domini
1769 1096 1932 1149 Nostri
1975 1095 2089 1165 Jesu
2128 1094 2300 1147 Christi

1352 1175 1399 1221 in
1426 1170 1618 1222 Ecclefia
1645 1174 1854 1220 Fratrum
1873 1172 2028 1238 Pragae
2070 1170 2114 1216 in
2147 1167 2301 1218 Hrad-

1351 1240 1499 1300 schin,
1513 1240 1594 1291 sub
1613 1242 1794 1309 Regula
1810 1241 1960 1291 Tertii
1978 1239 2170 1290 Ordinis
2185 1242 2232 1287 S.
2250 1240 2301 1286 P.

1353 1310 1582 1362 Francisc't
1602 1311 1815 1361 institutae
1830 1309 2074 1360 confirmat
2091 1344 2107 1367 ,
2138 1308 2304 1357 eidem-

1354 1400 1442 1451 que
1478 1380 1689 1450 speciales
1727 1381 2030 1451 indulgentias
2066 1381 2301 1448 largitur,

1356 1453 1510 1520 quoad
1527 1450 1798 1504 Confratres
1832 1455 1876 1500 in
1912 1465 2215 1518 perpetuum,
2252 1447 2303 1500 &z

1353 1523 1504 1604 quoad
1546 1525 1659 1572 alios
1697 1519 2020 1573 christifideles
2049 1520 2108 1569 ad
2140 1519 2304 1569 decen-

1357 1610 1486 1642 ntum
1502 1591 1742 1641 duraturas
1758 1626 1772 1640 .

1421 1722 1770 1776 PAULUS
1824 1721 2041 1772 PAPA
2096 1723 2158 1770 V.

1478 1849 1549 1893 Ad
1553 1859 1785 1906 perpetuam
1798 1851 1860 1892 ret·
1873 1851 2098 1893 memoriam
2108 1877 2120 1889 .

1394 1970 1458 2011 Ias
1487 1968 1824 2012 Christifidelium
1851 1968 2074 2014 societates
2113 1963 2308 2010 canonice

1413 2027 1633 2080 institutas,
1649 2043 1694 2071 ac
1708 2029 1869 2083 pietatis
1884 2031 1923 2071 δι
1937 2027 2148 2070 charitatis
2164 2023 2306 2080 operi-

1295 2088 1365 2128 bus
1381 2085 1555 2130 sollicite
1569 2087 1851 2130 incumbentes
1868 2117 1881 2139 ‚
1897 2088 1994 2130 utin
2010 2085 2206 2142 ejusmodi
2221 2083 2309 2138 pio-

1295 2159 1380 2188 rum
1394 2160 1561 2202 operum
1576 2146 1774 2189 exercitio
1789 2148 1910 2202 magis
1928 2144 2248 2190 confoveantur,
2270 2142 2308 2181 δε

1294 2219 1436 2247 eorum
1449 2206 1673 2248 animarum
1691 2205 1788 2248 salus
1803 2215 1998 2260 augeatur
2027 2229 2041 2250 a
2074 2200 2311 2258 specialibus

1293 2262 1498 2307 favoribus
1519 2265 1711 2315 &gratiis
1728 2292 1743 2315 ‚
1773 2278 1818 2306 ac
1835 2263 2045 2320 celestium
2065 2272 2309 2304 munerum-2

1294 2322 1409 2365 donis
1427 2324 1606 2366 libenter
1620 2322 1900 2379 prosequimur
1923 2349 1938 2369 a
1969 2331 2088 2376 prout
2106 2320 2145 2361 in
2162 2318 2308 2360 Domi-

1292 2395 1346 2423 no
1361 2380 1574 2425 salubriter
1585 2381 1848 2436 conspicimus
1863 2380 2056 2434 expedire
2069 2407 2080 2419 .
2111 2381 2217 2420 Cum
2233 2376 2310 2417 ita-

1290 2439 1486 2495 que-,ficut
1500 2440 1745 2496 accepimus,
1762 2441 1800 2482 in
1814 2439 1998 2481 Civitate
2014 2434 2215 2492 Pragenfi,
2231 2449 2309 2477 una

1292 2498 1505 2556 utriusque
1529 2497 1653 2542 Sexfis
1668 2496 2004 2542 Christifidelium
2018 2494 2309 2539 Confraterni-

1293 2567 1355 2599 tas
1385 2559 1451 2600 sub
1479 2558 1740 2599 invocatione
1754 2555 2101 2611 Disciplinantium
2120 2552 2311 2596 Pasfionis

1296 2616 1462 2659 Domini
1477 2615 1710 2671 NostriJesu
1725 2615 1874 2658 Christi
1900 2612 2104 2656 ordinaria
2128 2610 2312 2653 authori·

1293 2684 1378 2717 tate
1402 2673 1600 2716 canonice
1634 2675 1811 2716 instituta
1834 2672 1969 2715 existat
1998 2700 2013 2723 ‚
2056 2671 2166 2728 cujus
2194 2674 2311 2713 Con-

1295 2732 1445 2775 fratres
1463 2732 1502 2774 in
1519 2732 1688 2774 diversis
1704 2732 1864 2786 pietatis
1888 2732 1928 2771 δι
1946 2730 2157 2777 charitatis
2171 2727 2309 2783 operi-

1296 2792 1370 2834 bus
1383 2793 1422 2834 se
1438 2799 1628 2832 exercete
1643 2789 1944 2832 consueverunt
1965 2815 1980 2838 ,
2013 2789 2173 2829 &inter
2188 2797 2308 2828 caete-

1300 2864 1345 2892 ra
1357 2845 1511 2890 soleant
1528 2850 1639 2890 Feria
1653 2861 1690 2888 v.
1705 2847 1746 2887 in
1762 2849 1874 2903 Cena
1894 2846 2060 2888 Domini
2090 2859 2140 2887 ex
2162 2858 2308 2888 eorum

1300 2904 1480 2949 Ecclefia
1505 2932 1520 2954 ‚
1552 2905 1617 2946 seu
1643 2905 1834 2946 Oratorio
1856 2904 2204 2945 Proceffionaliter
2234 2917 2309 2959 per

1301 2963 1525 3005 Civitatem
1541 2961 1769 3016 procedere
1784 2990 1798 3013 ,
1817 2976 1939 3018 seque
1951 2962 2207 3019 disciplinate
2226 2975 2310 3003 ma-

1302 3034 1379 3078 gna
1410 3034 1501 3062 cum
1516 3019 1829 3062 Catholicorum
1856 3019 2148 3073 aedificatione3
2180 3026 2311 3064 Cum-

1300 3093 1379 3135 que
1395 3092 1469 3133 pro
1484 3077 1596 3132 ipfius
1613 3078 1970 3122 Confraternitatis
1991 3081 2182 3135 prospera
2197 3080 2310 3121 dire—

1302 3137 1435 3179 &ione
1447 3134 1692 3192 infrascripta
1707 3138 1901 3193 Capitula
1916 3138 2148 3186 ediderint,
2179 3151 2261 3192 quae
2283 3138 2308 3179 εὶ

1301 3196 1540 3239 Venerabili
1562 3198 1704 3238 Fratre
1719 3198 1935 3253 Zbigneo,
1958 3195 2311 3252 Archi-Episcopo

1301 3253 1739 3309 Pragenfi2confirmata
1753 3257 1792 3297 δι
1803 3257 2020 3310 approbata
2037 3253 2202 3296 fuerunt
2213 3283 2227 3306 2
2241 3268 2310 3296 ea-

1301 3328 1383 3369 que
1405 3326 1512 3354 nunc
1538 3327 1612 3368 pro
1635 3313 1776 3370 majori
1790 3327 1927 3355 eorum
1943 3311 2132 3355 firmitate
2145 3314 2309 3368 cupiant

1302 3370 1539 3426 Apostolicae
1555 3370 1692 3413 nostrae
1707 3370 2021 3414 confirmationis
2038 3372 2183 3413 robore
2196 3385 2309 3412 com-

1301 3429 1473 3472 muniri.
1506 3432 1591 3472 Nos
1605 3430 1767 3473 illorum
1787 3429 1853 3484 pio
1866 3429 2066 3472 defiderio
2080 3428 2311 3471 favorabili-

1302 3498 1368 3530 ter
1380 3501 1560 3532 annuere
1575 3519 1591 3540 ,
1621 3503 1666 3530 ac
1684 3490 1763 3530 illis
1785 3488 1994 3543 specialem
2012 3489 2184 3542 gratiam
2202 3487 2303 3529 facea

1301 3560 1347 3588 re
1362 3545 1564 3599 volentes,
1582 3545 1935 3602 supplicationibus
1952 3560 2088 3588 eorum
2105 3547 2306 3588 nomine.)

1300 3604 1429 3647 Nobis
1442 3603 1559 3661 super
1572 3607 1651 3648 hoc
1669 3603 1877 3655 humiliter
1895 3606 2086 3659 porrectis
2106 3603 2306 3652 inclinati,

1298 3661 1403 3706 infra
1421 3664 1543 3717 posita
1557 3663 1747 3717 Capitula
1765 3676 1855 3704 cum
1869 3663 2054 3706 omnibus
2082 3666 2120 3705 &
2146 3660 2305 3717 singulis

1300 3722 1339 3762 in
1358 3721 1436 3763 illis
1451 3721 1676 3772 contentis,
1688 3721 1947 3764 Aufflsritate
1968 3719 2202 3779 Apostoliczi
2217 3750 2231 3770 ,
2246 3729 2310 3760 te-

1301 3791 1400 3835 nore
1423 3778 1678 3836 praesentium
1703 3783 1911 3838 perpetuo
1931 3780 2214 3841 confirmamus
2231 3808 2243 3827 ‚
2273 3776 2312 3815 &

2115 3850 2261 3895 appro-
