2658 4256
448 227 548 338 36

354 356 395 398 ni
413 353 599 397 fecerunt
616 352 751 395 dilecti
770 354 1124 406 Filii,Univerfitas
1138 379 1152 403 ,
1167 353 1207 394 δε
1221 354 1367 396 Homi-

357 428 427 457 nes
444 415 540 456 Loci
562 413 709 469 Realp‚
727 413 855 456 Vallis
876 412 1029 457 Urscrae
1053 413 1103 454 de
1124 413 1365 454 Andermatt

357 474 529 516 Curien.
562 476 694 513 Dioec.
724 472 790 526 ipsi
818 473 948 530 quoad
976 469 1206 527 Spirituali'a
1236 473 1361 513 Paro-

358 532 477 574 chiali
496 531 680 572 Ecclefiae
702 529 879 586 ejusdem
896 530 1073 581 Urserae‚
1098 543 1185 585 quae
1208 530 1258 571 ab
1275 532 1361 572 An-

357 605 410 633 no
428 603 530 633 ocxi
547 602 580 629 ι.
596 603 668 644 per
682 589 850 634 diienos
868 591 987 635 Filios
1006 591 1224 632 Monachos
1237 587 1360 638 Ordi,

356 649 420 694 nis
435 650 473 689 S.
489 647 692 691 Benedie'ti
711 677 724 699 ,
742 651 973 694 Monasterii
1000 645 1290 691 Dissertinensis
1323 648 1361 689 in

358 708 515 751 Rhaetia
536 706 811 751 administrata
825 737 839 761 ‚
856 708 939 765 post
951 711 1109 751 Annum
1126 719 1357 752 Mcchxvl·

356 767 561 810 Parochos
586 766 708 809 etiam
733 769 997 826 Presbyteros
1028 781 1075 808 ex
1091 766 1217 809 clero
1231 771 1360 811 Saecu-

357 824 433 866 lari
459 825 598 867 habuit
613 823 805 883 ‚subjecti
821 856 835 877 ,
859 831 977 868 Anno
993 839 1137 870 Mnxvt
1153 839 1165 866 ι
1182 839 1212 867 ι.
1234 824 1358 881 operti

355 883 407 925 cl·
424 895 546 924 mem.
563 885 746 928 Matthaei
765 888 804 929 S.
819 887 927 928 R-E-
940 884 1171 928 Cardinalis
1189 885 1357 928 Schiner

358 941 654 994 obtinuerunt,
678 954 725 987 ut
747 944 796 986 ab
807 943 947 988 eadem
965 941 1194 986 Parochiali
1210 943 1355 986 Eccle-

356 999 408 1042 fia
424 998 583 1043 Urserae
609 999 918 1056 separarentur,
942 1004 978 1045 ὃ(
997 999 1243 1050 Ecclesiam,
1272 1002 1357 1044 vul·

356 1060 409 1113 go
432 1058 713 1114 capellaniam
736 1071 918 1103 curatam
940 1089 955 1113 ,
981 1059 1165 1103 Filialem
1190 1070 1356 1105 tamen-2

355 1114 473 1171 ipfius
501 1117 746 1160 Parochialis
781 1119 966 1163 Ecclefiae
999 1120 1152 1163 Urserae
1182 1119 1356 1175 propriis

356 1174 578 1233 sumptibus
605 1174 845 1220 fundandam
871 1179 1111 1233 erigerent,
1151 1177 1358 1219 construe-

354 1247 529 1291 rentque
544 1262 557 1285 ,
574 1245 690 1289 prout
705 1246 938 1287 erexerunt,
953 1235 1357 1291 construxeruntque.

353 1294 505 1336 Praeter
521 1303 659 1334 caetera
673 1303 807 1335 autem
823 1295 861 1335 in
877 1292 997 1351 hujus
1013 1294 1276 1349 separationis
1291 1323 1303 1345 ,
1318 1297 1358 1337 δι

351 1352 561 1394 erectionis
583 1351 864 1404 Cappelluniae
892 1352 1164 1395 Instrumento
1188 1364 1359 1397 conten-

352 1418 390 1453 ta
405 1437 419 1460 ‚
443 1406 546 1450 illud
573 1421 732 1463 quoque
747 1409 976 1452 concesium
994 1409 1072 1452 fuit
1085 1439 1098 1462 ‚
1111 1420 1156 1452 ut
1172 1412 1362 1466 Capella-

350 1483 422 1512 nus
447 1467 496 1509 ab
508 1464 746 1510 Hominibus
763 1469 1051 1523 Realpeusibus
1075 1468 1240 1517 eiectus,
1254 1473 1277 1512 a
1290 1471 1365 1510 Pa·

353 1526 483 1569 rocho
509 1523 687 1581 ejusdem
717 1528 963 1571 Parochialis
995 1526 1182 1572 Ecclefiae
1208 1528 1361 1571 Urserae

351 1585 523 1641 primum
558 1582 786 1627 confirmari
814 1616 830 1638 ,
867 1584 1015 1630 deinde
1045 1587 1095 1628 ab
1120 1585 1318 1641 Episcopo
1342 1616 1356 1638 ‚

355 1658 433 1699 pro
448 1652 630 1699 tempore
648 1644 843 1688 existente
858 1674 871 1697 ,
887 1644 1067 1689 Curienfi
1082 1674 1096 1696 ‚
1120 1643 1221 1688 Loci
1237 1645 1360 1687 Ordi-

356 1702 468 1745 nario
483 1703 697 1757 approbari
716 1702 914 1757 deberet,
938 1713 1062 1761 prout
1079 1705 1120 1747 in
1134 1702 1358 1758 praelauda-

356 1771 402 1803 to
423 1761 694 1803 Instruinento
710 1789 723 1812 ‚
748 1763 863 1819 cujus
892 1775 1076 1805 tenorem
1104 1761 1356 1818 praesentibus

350 1832 427 1875 pro
454 1818 635 1887 expresso
658 1820 791 1863 haberi
811 1822 1021 1877 volumus,
1048 1821 1209 1866 uberius
1224 1819 1356 1865 afferi-

351 1888 421 1920 tur
438 1888 634 1922 contineri
652 1907 680 1925 .,

410 1937 569 1979 Primus
594 1938 726 1991 itaque
741 1965 754 1987 ,
782 1952 902 1993 quem
921 1936 1035 1993 hujus
1063 1951 1175 1980 novae
1189 1938 1359 1993 Cappel.

350 1995 467 2039 laniae
484 1995 778 2050 Cappellanum
791 1998 1050 2040 instituerunt
1064 2025 1077 2047 ,
1100 1994 1177 2039 fuit
1191 1997 1357 2052 quidam

350 2053 553 2096 Sacerdos
582 2056 808 2097 Monachus
836 2056 1028 2102 Ordinis,
1055 2056 1094 2096 &
1121 2054 1352 2098 Monasterii

349 2110 637 2166 praefatorum;
673 2114 756 2169 post
779 2115 884 2156 hunc
900 2113 1135 2168 Presbyteri
1154 2128 1352 2170 quoqu&

350 2169 569 2212 Saecuiares
597 2169 759 2214 fuerunt
773 2201 787 2223 ‚
818 2173 883 2228 qui
900 2183 1071 2227 propter
1086 2171 1355 2227 reddituum,

347 2226 799 2286 emolumentorumque
815 2231 1057 2275 tenuitatem
1070 2260 1085 2283 ,
1107 2231 1187 2273 loci
1201 2230 1352 2287 asperi·

347 2296 472 2329 tatem
486 2313 501 2337 ,
528 2300 574 2328 ac
590 2287 741 2330 nivium
758 2289 938 2343 pericula
964 2291 1046 2344 post
1063 2302 1214 2345 paucos
1229 2304 1354 2333 annos

345 2358 483 2388 curam
508 2345 734 2400 hujusmodi
753 2348 1066 2403 relinquebant,
1089 2347 1220 2399 adeo,
1247 2359 1290 2390 ut
1306 2349 1354 2389 ab

347 2406 469 2446 Anno
485 2418 641 2448 Moccx.
659 2405 707 2446 ad
725 2410 884 2448 Annum
901 2419 1140 2450 mcccxxxv.
1167 2407 1354 2450 undecim

346 2461 639 2517 consequenter
665 2464 907 2518 Cappellani
939 2475 1207 2508 numerentur
1233 2494 1247 2516 ,
1290 2468 1358 2521 qui

345 2520 619 2575 Cappellaniae
634 2534 771 2562 munus
783 2550 798 2573 ,
813 2523 882 2564 vix
896 2523 1052 2565 aditum
1067 2522 1318 2567 dimiserunt.

405 2580 684 2636 Qamobrem
701 2579 751 2620 ad
777 2594 854 2635 pro
881 2590 1064 2637 tempore
1079 2581 1353 2626 existentem„

345 2638 588 2693 Episcopum
603 2638 772 2680 Curien.
799 2639 940 2682 habito
955 2640 1117 2684 recursu
1134 2667 1149 2689 ,
1176 2651 1222 2683 ut
1239 2641 1358 2683 mini-

344 2696 507 2738 sterium
523 2694 794 2750 Cappellaniae
823 2698 1016 2751 praedictae
1042 2698 1064 2741 a
1080 2698 1237 2742 dilectis
1255 2699 1359 2753 pari-

344 2765 406 2796 ter
423 2753 530 2797 Filiis
549 2754 759 2795 Fratribus
775 2755 941 2798 Ordinis
957 2757 1161 2800 Minorum
1178 2761 1219 2799 S.
1235 2760 1355 2801 Fran·

343 2810 435 2856 cisci
459 2810 763 2867 Capucinorum
793 2824 1116 2871 nuncupatorum
1144 2830 1355 2860 exercere·

286 2898 297 2907 ⁴
345 2882 441 2921 tur,
472 2870 520 2910 ab
544 2869 686 2913 eodem
714 2864 911 2926 Episcopo
933 2872 1103 2917 Curien.
1129 2885 1353 2920 votorum...

348 2929 511 2973 suorum
538 2937 745 2982 compotes
760 2927 850 2970 fasti
867 2954 882 2976 ,
902 2929 1171 2975 obtinuerunt
1197 2933 1357 2988 insuper

349 2995 535 3044 patentes
553 2986 731 3029 Litteras
748 3014 762 3035 ‚
794 2988 868 3029 Die
887 3001 933 3030 vt
948 3002 983 3029 ι.
998 2990 1094 3031 Maii
1112 3004 1356 3034 Moccxxxv.

348 3043 552 3101 expeditas
569 3071 582 3093 ,
606 3043 762 3099 adjecta
779 3054 907 3090 tamen
924 3047 1161 3091 conditione
1176 3078 1188 3101 ‚
1216 3061 1260 3093 ut
1275 3048 1356 3090 col-

348 3103 526 3149 laudatio
565 3103 687 3145 etiam
723 3104 928 3147 Saecularis
957 3107 1171 3150 Potestatis
1197 3108 1355 3152 Uraniae

347 3161 588 3213 accederet,
621 3172 742 3217 prout
759 3163 902 3204 fanum
919 3161 1007 3206 fuit.

404 3224 565 3264 Interea
588 3220 686 3263 dum
703 3219 879 3274 suscepto
901 3235 991 3263 cuni
1023 3237 1171 3279 magno
1185 3225 1352 3267 Anima-

347 3294 436 3323 rum
451 3279 617 3329 solatio,
649 3294 694 3322 ac
713 3277 845 3322 fructu
865 3309 878 3331 ,
901 3283 1011 3325 Cura
1042 3282 1273 3338 hujusmodi
1302 3284 1352 3326 ab

347 3338 484 3384 iisdem
514 3338 718 3383 Fratribus
733 3339 957 3395 Capucinis
977 3340 1324 3385 administraretur
1338 3371 1352 3393 ,

348 3408 547 3455 quatuor,
575 3407 643 3439 aut
670 3397 844 3453 quinque
860 3399 1072 3453 Capeliani
1104 3401 1143 3442 in
1170 3400 1353 3457 Ospital‚

347 3458 441 3501 disti
459 3459 565 3501 Clero
581 3457 792 3513 Uranienst»
804 3486 818 3507 ,
833 3468 878 3500 ut
893 3485 907 3506 ,
930 3457 1026 3501 iude
1043 3460 1253 3503 Fratribus
1269 3463 1354 3501 Ca·

350 3517 508 3574 pucinis
533 3515 742 3558 antedictis
770 3515 938 3572 expulsis
961 3543 976 3566 ‚
1014 3530 1113 3559 unus
1140 3518 1351 3574 ipsorum..

351 3578 663 3630 subrogaretur,
689 3575 793 3630 apud
809 3576 997 3618 eumdem
1015 3575 1255 3632 Episcopum
1267 3581 1352 3620 Cu-

351 3633 784 3685 rienseminstiterunt‚
809 3634 1023 3677 acinsimul
1040 3664 1053 3685 ,
1077 3644 1124 3676 ut
1151 3636 1356 3679 biniverfi.

349 3693 423 3736 tati
442 3720 456 3742 ,
477 3695 515 3734 δι
531 3693 772 3735 Hominibus
791 3693 922 3748 Realp
944 3694 1126 3748 praedic‘ta
1146 3709 1352 3736 commen·

1134 219 1703 306 Provincia

1425 367 1516 395 cum
1544 361 1640 393 tunc
1667 347 1862 401 temporis
1886 351 2066 398 nostrum
2085 355 2188 410 apud
2203 356 2418 399 Helvetios

1426 411 1628 454 Nuntium
1654 411 1871 459 adierunt,
1895 412 2275 470 quiNuntiusjuxta
2300 430 2425 471 expo-

1421 470 1490 513 fita
1527 471 1577 512 ab
1603 467 1744 513 iisdem
1772 467 2002 522 Capelianis
2031 469 2265 515 sententiam
2294 475 2425 523 tulit,

1420 529 1535 585 cujus
1550 529 1669 571 causa
1685 526 1884 570 nonnullis
1900 524 2068 569 subortis
2083 528 2344 583 diffidiis‚non
2359 532 2426 574 so-

1424 587 1507 630 lum
1543 589 1818 636 Universum,
1849 586 1890 627 δε
1922 586 2118 628 Homines
2147 589 2265 632 Villae
2295 592 2429 648 Realp

1423 645 1593 704 praesatae
1611 674 1625 697 ,
1657 645 1724 688 sed
1755 646 1881 688 etiam
1906 645 2005 701 Pagi
2033 643 2194 688 Altorffi
2221 649 2430 704 Magistra-

1421 702 1495 756 tu,
1521 715 1721 748 revocato
1743 704 1918 760 quodam
1947 705 1984 745 in
1999 702 2252 746 contrarium
2267 705 2427 758 senten-

1420 767 1484 808 tiae
1500 763 1691 819 praedictae
1705 764 1820 806 edito
1836 766 2015 806 Decreto
2029 790 2043 812 ,
2072 762 2198 811 Nobis
2222 763 2426 808 humiliter

1395 822 1631 880 'supplicari
1663 821 1885 872 fecerunt,
1916 832 1959 864 ut
1988 821 2038 865 ad
2066 819 2212 863 eadem
2240 819 2425 868 diffidit,

1419 881 1667 938 praecidenda
1693 911 1707 933 ‚
1734 881 2047 936 &imposterum
2071 878 2209 935 procul
2236 889 2427 922 averten-

1418 941 1496 993 da,
1526 939 1974 996 tranquillitatemque,
2003 938 2080 995 qua
2109 939 2178 982 sub
2194 937 2429 993 regimine,

1421 1002 1608 1044 Fratrum
1636 1000 1941 1055 Capucinorum
1978 996 2208 1055 hujusmodi
2245 995 2434 1041 frueban-

1419 1068 1487 1102 tur
1501 1088 1517 1110 ‚
1543 1056 1882 1110 conservandam,
1907 1068 2025 1114 atque
2045 1056 2240 1100 Divinum
2257 1057 2434 1100 Cultum

1417 1117 1697 1174 adaugendum
1724 1118 1765 1159 iii
1800 1115 1997 1172 praemiisis
2012 1115 2227 1172 providere
2243 1145 2256 1166 ,
2278 1117 2317 1158 δι
2331 1144 2346 1167 ,
2385 1123 2430 1159 ut

1418 1171 1521 1218 infra
1539 1203 1553 1224 ,
1579 1177 1632 1220 de
1645 1177 1899 1232 Benignitate
1913 1175 2145 1233 Apostolica
2172 1173 2431 1231 indulgere-a

1419 1234 1708 1289 dignaremur.

1478 1296 1565 1337 Nos
1583 1293 1720 1349 igitur,
1734 1291 1877 1349 praeviri
1893 1294 2131 1337 avocatione
2145 1293 2194 1336 ad
2213 1295 2300 1335 Nos
2313 1290 2434 1334 causae

1424 1352 1678 1407 hujusmodi,
1709 1354 1748 1394 δι
1773 1353 2036 1395 revocatione
2064 1351 2274 1395 sententia:
2302 1349 2434 1407 cujus—

1423 1425 1584 1467 cunque
1616 1411 1789 1467 dcfiipei·
1814 1412 1930 1456 editae
1956 1440 1971 1463 ,
2004 1413 2268 1467 Exponentes
2290 1407 2435 1465 ptaedi·

1425 1473 1509 1510 &os
1533 1469 1767 1526 specialibus
1782 1469 2013 1519 favoribus,
2038 1469 2232 1525 &gratiis
2248 1465 2432 1525 prosequi

1425 1527 1611 1570 volentes
1624 1557 1637 1579 ,
1662 1531 1700 1570 &
1719 1530 1739 1570 a
1756 1529 1961 1585 quibusvis
1978 1526 2428 1572 excommunicationis,

1422 1580 1676 1642 suspensionis
1692 1614 1706 1638 ,
1731 1587 1991 1630 &interdicti
2017 1615 2031 1638 ,
2054 1585 2217 1642 aliisque
2229 1585 2433 1628 Ecclesia-

1420 1644 1523 1687 sticis
1550 1644 1791 1697 sententiis,
1817 1644 1995 1688 censuris
2012 1672 2025 1695 ,
2051 1645 2264 1699 &poenis,
2294 1643 2315 1684 a
2343 1643 2431 1700 jure

1419 1703 1482 1745 vel
1509 1705 1557 1746 ab
1574 1704 1735 1745 homine
1757 1705 1898 1759 quavis
1912 1705 2122 1746 occasione
2151 1703 2215 1746 vel
2233 1699 2347 1745 causa
2370 1701 2431 1743 la·-

1417 1762 1497 1810 tis,
1508 1763 1532 1803 fi
1547 1761 1692 1818 quibus
1706 1761 2022 1817 quomodolibet
2037 1761 2222 1803 innodati
2233 1759 2428 1811 existunt,

1420 1819 1469 1864 ad
1485 1820 1670 1864 effestum
1696 1818 1944 1876 praesentium
1970 1818 2166 1862 duntaxat
2185 1817 2431 1874 consequen·

1420 1879 1518 1922 dum
1534 1907 1548 1930 ,
1581 1880 1724 1922 harum
1747 1876 1846 1920 serie
1861 1877 2113 1921 absolventes
2129 1906 2144 1929 ,
2170 1879 2211 1920 δε
2226 1875 2431 1919 absolutos

1421 1936 1514 1981 fore
1541 1937 1778 1984 censentes,
1808 1936 2034 1993 hujusmodi
2065 1934 2430 1992 supplicationibus

1420 1998 1634 2049 inclinati,
1660 2007 1703 2039 ut
1726 1997 1778 2038 de
1794 2009 1940 2038 caetero
1961 2007 2244 2051 quemcunque
2258 1993 2431 2039 Saecula·

1415 2061 1530 2107 rem,
1563 2058 1642 2098 sive
1667 2056 1707 2097 in
1734 2053 1948 2097 subsidium
1963 2053 2228 2096 Sacerdotem
2253 2052 2424 2106 cujusvis

1414 2113 1578 2158 Ordinis
1594 2142 1609 2164 ‚
1634 2127 1680 2155 ac
1705 2115 1918 2167 praesertim
1933 2112 2028 2154 disti
2043 2112 2205 2154 Ordinis
2237 2114 2274 2154 S.
2293 2114 2424 2153 Fran-

1415 2174 1512 2217 cisci
1541 2173 1846 2227 Capucinorum
1877 2171 2155 2225 Regularem,
2185 2169 2237 2212 de
2267 2168 2427 2212 suorum

1418 2231 1877 2286 Superioruni'flicentia-
1895 2232 1918 2273 ὲ
1940 2245 2014 2285 pro
2029 2240 2213 2282 tempore
2239 2227 2431 2270 existente

1417 2292 1591 2332 Rectore
1607 2315 1619 2338 ,
1652 2286 1721 2331 seu
1745 2289 1929 2329 Parocho
1945 2286 2131 2330 Ecclefiae
2149 2284 2426 2330 Parrochialis

1416 2348 1544 2391 Vallis
1561 2346 1719 2390 Urserae
1730 2347 1921 2401 praedic'tae
1937 2347 2052 2389 unice
2066 2343 2393 2388 confirmandum
2408 2370 2424 2394 ‚

1419 2409 1460 2449 ἃ.
1491 2408 1514 2450 a
1538 2421 1611 2462 pro
1631 2417 1813 2461 tempore
1839 2405 1991 2461 pariter
2014 2403 2212 2447 existente
2231 2403 2431 2458 Episcopo

1418 2464 1604 2509 Curienfi
1642 2468 1691 2507 ad
1727 2468 2079 2507 §aeramentorum
2118 2461 2433 2505 administratio-

1419 2538 1510 2568 nem
1539 2538 1613 2578 pro
1630 2523 1885 2573 idoneitate,
1913 2523 2190 2577 &capacitate
2202 2521 2434 2576 approban-

1418 2583 1513 2625 duin
1533 2581 1794 2626 Univerfitati
1810 2611 1823 2633 ,
1849 2583 1885 2622 ὃς
1904 2581 2128 2623 bominibus
2143 2580 2338 2637 praedictis
2354 2577 2432 2621 eli-

1418 2640 1541 2697 gendi
1558 2669 1572 2691 ,
1599 2643 1638 2683 &
1652 2641 1887 2684 nominandi
1902 2639 2137 2683 facultatem
2153 2670 2167 2690 ,
2194 2638 2433 2682 Auc'torita-

1419 2711 1460 2743 te
1492 2699 1723 2756 Apostolica
1744 2729 1759 2750 ,
1789 2711 1932 2742 tenore
1961 2698 2213 2756 praeseutium
2240 2693 2432 2739 concedi-

1418 2773 1506 2802 mus
1523 2788 1537 2809 ,
1567 2760 1607 2801 &
1622 2758 1876 2814 impertimur
1895 2788 1907 2800 .
2330 2771 2332 2774 ·

1486 2820 1772 2861 Decet-nentes
1811 2816 1972 2859 easdem
2019 2814 2228 2871 praesentes
2272 2813 2432 2856 litteras

1417 2874 1574 2931 semper
1590 2874 1723 2918 firmas
1736 2905 1752 2926 ,
1778 2874 1931 2918 validas
1948 2903 1961 2924 ‚
1981 2875 2020 2915 δι
2034 2872 2217 2917 efficaces
2233 2870 2432 2922 existere,

1417 2932 1563 2975 &fore
1579 2962 1591 2984 ,
1616 2933 1778 2987 suosque
1801 2933 2034 2987 plenarios,
2062 2933 2104 2975 δι
2130 2933 2309 2985 integros
2336 2929 2435 2973 effe·

1416 2995 1501 3032 etus
1522 2990 1685 3043 sortiri,
1699 2993 1738 3033 &
1754 2991 1942 3034 obtinere
1955 3019 1969 3041 ‚
1984 3003 2030 3031 ac
2045 2989 2145 3037 illis,
2163 2990 2214 3032 ad
2230 3001 2332 3044 quos
2349 2989 2434 3043 spe-

1416 3052 1526 3102 Ctat,
1553 3050 1593 3091 δι’.
1616 3063 1690 3104 pro
1716 3061 1899 3103 tempore
1925 3048 2265 3103 quandocumque
2280 3046 2429 3100 speeta-

1415 3108 1506 3159 bit,
1537 3107 1757 3162 plenissime
1771 3106 2004 3162 suffragari,
2034 3107 2075 3148 δι
2100 3108 2148 3149 ab
2164 3107 2221 3149 eis
2241 3104 2429 3160 respecti-

1417 3166 1468 3208 ve
1486 3164 1777 3210 inviolabiliter
1804 3164 2040 3216 observari;
2075 3165 2223 3220 Sicque
2249 3165 2288 3204 &
2311 3177 2427 3207 non..-

1414 3224 1536 3267 aliter
1564 3226 1604 3266 in
1632 3225 1829 3280 praemiffis
1864 3239 1934 3281 pei·
1964 3221 2237 3280 quoscumque
2261 3222 2425 3279 Judices

1415 3283 1654 3326 Ordinarios
1670 3311 1684 3333 ,
1716 3285 1754 3326 δε
1773 3283 1996 3339 Delegatos
2012 3308 2027 3330 ,
2052 3282 2180 3324 etiam
2204 3279 2429 3325 Causarum

1416 3342 1565 3387 Palatii
1580 3342 1799 3397 Apostolici
1817 3343 2039 3385 Auditores
2053 3370 2067 3392 ,
2099 3355 2143 3383 ac
2163 3341 2316 3383 S.R.E.
2332 3343 2430 3382 Car.

1412 3401 1570 3446 dinales
1584 3429 1599 3451 ,
1630 3402 1753 3444 etiam
1781 3401 1833 3445 de
1861 3404 2008 3445 Latere
2026 3402 2202 3455 Legatos
2218 3429 2232 3450 ,
2258 3400 2297 3440 ὅτ.
2314 3398 2428 3441 Sedis

1413 3461 1653 3516 Apostolicae
1666 3461 1844 3504 Nuntios
1858 3489 1873 3511 ,
1887 3458 2064 3515 aliosque
2079 3459 2289 3515 quoslibet
2302 3485 2316 3507 ,
2327 3471 2428 3513 qua-

1414 3534 1588 3574 cumque
1616 3518 1940 3573 praeminentia,
1965 3519 2004 3559 &
2031 3516 2232 3572 potestate
2257 3514 2427 3571 fungen-

1414 3587 1475 3621 tes
1488 3605 1501 3626 ,
1535 3581 1574 3620 &
1590 3578 1789 3619 functurus
1804 3605 1818 3628 ,
1839 3575 1990 3619 sublata
2005 3577 2060 3619 eis
2076 3604 2090 3626 ,
2127 3576 2166 3616 &
2180 3588 2320 3618 eoi-uni
2342 3575 2428 3617 cui-

1414 3637 1514 3680 libet
1533 3634 1674 3692 quavis
1701 3635 1824 3678 aliter
1838 3634 2042 3690 judicandi
2061 3663 2074 3683 ‚
2098 3635 2137 3675 δι
2152 3636 2428 3689 interpretan-

1413 3696 1455 3738 di
1482 3695 1698 3743 facultate,
1729 3695 1770 3735 δι
1788 3693 2036 3736 auctoritate
2054 3692 2223 3748 judicari
2238 3722 2252 3743 .,
2273 3694 2310 3733 δι
2325 3691 2427 3736 defi-

347 3753 542 3795 darentur
557 3776 570 3797 a
598 3753 799 3804 petierunt
814 3781 827 3802 ,
854 3752 906 3793 ob
921 3753 1230 3806 incapacitatem
1249 3755 1348 3796 vero
1407 3754 1483 3796 niri
1499 3753 1650 3796 debere
1665 3781 1679 3804 ,
1710 3768 1755 3795 ac
1776 3753 1984 3795 irritum&
2008 3753 2127 3794 inane
2143 3780 2156 3802 ,
2190 3753 2213 3794 fi
2239 3751 2350 3798 secus
2370 3749 2427 3791 su-

351 3812 401 3855 ab
424 3810 507 3867 ipso
530 3810 728 3869 Episcopo
754 3809 934 3855 Curiensi
956 3810 1117 3870 rejecti,
1145 3812 1346 3870 Apostoli·
1405 3827 1478 3869 per
1492 3813 1582 3863 his,
1611 3814 1633 3856 a
1649 3826 1869 3870 quoquam,
1882 3812 2025 3869 quavis
2041 3813 2278 3855 auctoritate
2305 3811 2430 3854 stien-

2287 3878 2378 3919 ter,
