2658 4256
925 174 1501 289 Apostolica.
2084 220 2188 293 -17

208 315 274 346 em
301 304 410 342 altera
425 303 523 342 Fidei
538 305 739 348 catholica,
763 306 806 349 ῤ’
813 306 967 354 pradiffii
979 308 1127 344 Ordinis
1147 317 1363 356 augmentum
1374 305 1554 354 impediat.
1580 302 1680 352 Qu
1692 303 1772 339 vero
1786 304 1847 340 hac
1869 305 1980 354 nostra
1986 308 2047 354 pia
2057 314 2242 358 petitione,

187 364 266 392 cm
282 376 296 395 ,
320 354 363 393 ὠ·
379 353 611 400 sollicitudine
636 357 673 389 in
688 355 854 391 Ordinem
869 356 1120 402 Capucinorum
1144 357 1264 403 (quem
1281 356 1319 390 ob
1338 355 1448 390 vitam
1460 350 1678 398 exemplarem
1691 374 1702 393 ‚
1727 352 1930 398 &sedulum
1941 356 1979 389 in
1995 353 2106 392 Vinea
2122 360 2243 409 Christi

176 401 328 444 *laborem
341 401 456 438 tenere
468 402 642 448 diligimus
653 427 665 446 ‚
686 415 726 439 ac
742 403 931 440 Sanfflitati
946 402 1066 452 Vestrae
1080 403 1179 451 quam
1191 401 1335 451 impense
1347 399 1634 443 commendamus)
1645 398 1736 432 nihil
1748 400 1844 435 aliud
1858 425 1867 438 ,
1883 401 1983 448 quam
1996 403 2062 438 Dei
2070 404 2182 450 gloria
2192 421 2222 442 m
2231 432 2244 443 .

177 449 230 489 ,ὁὶ
236 446 419 486 Catholicae
430 449 620 497 Religionis
632 451 885 487 emolumentum
901 452 1143 498 praetendimus
1155 475 1167 493 ‚
1179 452 1396 500 desideratum
1417 448 1439 485 ὰ
1455 446 1644 486 Sanctitate
1661 444 1775 494 Vestra
1788 447 1931 496 eff'efilum
1934 449 2041 495 filiali
2056 452 2244 499 obfitrvan-

166 494 234 543 &tia
249 494 358 544 nostra
379 498 539 534 continuo
565 498 796 534 demerendum
810 521 823 541 ,
840 498 930 534 certo
953 510 1011 533 nos
1026 499 1220 534 obtenturos
1239 497 1434 544 confidimus
1453 511 1461 529 e
1483 494 1600 543 Qm
1623 496 1660 528 in
1674 494 1814 541 Ecclefiae
1828 497 1949 534 bonum
1962 499 2024 537 diu
2037 498 2183 536 incolum
2190 512 2240 538 em

171 542 319 599 Jnrvari
330 544 432 581 unice
447 547 624 593 cupimus,>
644 547 844 584 ‘Dabuntur
872 547 911 586 in
936 545 1093 584 civitate
1108 546 1216 602 nostra
1231 544 1375 595 Vienna
1398 545 1467 583 Die
1479 554 1517 595 4.
1529 540 1741 581 Novembris
1762 543 1858 593 1677.

323 655 609 722 Leopoldus.

265 744 290 771 ru
1400 762 1402 764 .
1841 767 1843 769 .

271 791 365 828 Aliae
389 791 523 831 Litterae
547 789 706 829 Caesareae
733 791 777 828 ad
798 794 941 830 eundem
969 792 1376 850 Summuquontiflce‘m
1403 802 1468 838 pro
1496 791 1612 828 eadem
1627 800 1789 826 votorum
1817 790 1983 838 paritate.

790 895 1303 954 BEATISSIME
1345 900 1623 948 PATER.

262 1025 382 1063 *Pleno
403 1026 506 1062 dubio
520 1012 644 1074 pro'eul
657 1026 842 1074 informata
869 1026 911 1076 est
935 1026 1130 1064 ‘Beatitudo
1144 1023 1260 1075 Vestra
1282 1025 1323 1061 de
1341 1026 1472 1072 negotio
1491 1023 1654 1061 Fratrum
1673 1023 1768 1061 Min·
1796 1023 1835 1060 S.
1847 1022 2021 1072 Francisci
2044 1025 2243 1073 Capucino

175 1086 251 1113 rum
275 1077 369 1111 circa
392 1073 585 1122 divisionem
611 1074 808 1112 Provinciae
825 1073 961 1110 Illorum
976 1075 1176 1117 Bohemicae,
1201 1084 1303 1120 atque
1316 1074 1505 1123 Austriacae
1526 1075 1564 1108 in
1577 1074 1670 1109 vrbe
1695 1070 1831 1119 aliquot
1851 1081 1931 1108 ante
1951 1075 2056 1108 annos
2082 1074 2212 1121 agitato
2229 1100 2241 1120 ‚

171 1124 210 1158 in
234 1134 335 1170 quam
349 1121 511 1170 piiffimus
534 1123 738 1160 Sanf‘t'itatis
763 1119 801 1158 V
797 1121 884 1170 estrat
904 1121 1133 1172 ‘Praedeceffor
1147 1148 1156 1163 ‚
1177 1121 1246 1170 post
1259 1123 1404 1158 iteratas
1428 1120 1570 1169 efficaces
1589 1120 1769 1172 instantias
1785 1118 1910 1170 nostras
1923 1144 1935 1164 ‚
1959 1121 2097 1157 tandem
2119 1123 2239 1159 conde·

161 1171 324 1220 stendit,
350 1168 477 1218 adjecta
503 1179 616 1207 tamen
642 1169 753 1218 quoad
777 1169 911 1218 reliqua
929 1170 995 1207 duo
1012 1174 1123 1218 petita
1146 1169 1254 1218 nostra
1268 1193 1280 1212 ,
1300 1169 1545 1219 suffragiorum
1568 1170 1732 1205 nimirum
1747 1168 1950 1204 Paritatem
1974 1167 2045 1204 unci
2063 1171 2241 1206 conceden-

120 1234 122 1236 ’
165 1219 242 1254 dam
257 1243 268 1261 ‚
293 1220 335 1261 ὡ·
361 1229 525 1255 novorum
549 1219 782 1256 Coenobiorum
795 1220 834 1253 in
849 1217 948 1254 dietis
969 1218 1165 1255 Provinciis
1189 1219 1326 1253 noviter
1354 1218 1467 1266 divisis
1493 1218 1615 1267 absque
1641 1216 1806 1266 peculiari
1835 1217 1964 1253 Santiae
1974 1218 2074 1253 Sedis
2098 1217 2239 1254 licentia

167 1265 365 1303 erefii'onem
390 1265 587 1352 dligzcultate
599 1292 611 1309 ,
637 1269 695 1303 cui
716 1265 796 1304 licet
818 1265 992 1303 Sanfiiitas
1012 1269 1087 1305 Sua
1106 1279 1173 1302 non
1191 1275 1325 1302 attenta
1345 1266 1525 1314 officiorum
1550 1265 1734 1315 nostrorum
1759 1265 1972 1314 affiduitate,
1990 1267 2240 1314 gravitateque

164 1316 340 1352 rationum
367 1313 387 1350 ὰ
452 1316 522 1351 obis
545 1315 766 1351 adductarum
789 1314 1002 1362 aliquamdiu
1021 1316 1144 1351 innixa
1161 1316 1226 1363 fit,
1254 1314 1335 1350 Eam
1350 1323 1464 1350 tamen
1484 1314 1623 1362 eousque
1639 1315 1769 1355 demum
1788 1315 2037 1361 permovimus,
2065 1313 2107 1351 itt
2130 1315 2242 1362 quoad

162 1364 314 1412 primum
343 1362 511 1411 reservati
534 1387 547 1403 ‚
574 1364 637 1410 seu
666 1365 870 1411 exceptionis
903 1371 1004 1410 caput
1030 1386 1043 1405 ,
1069 1365 1257 1411 paritatem
1273 1362 1408 1410 scilicet
1429 1372 1584 1399 votorum
1608 1363 1853 1411 dispensaverit
1870 1385 1883 1405 ,
1907 1373 2044 1410 eamque
2071 1363 2239 1409 antefatis

170 1411 372 1451 Provinciis
393 1409 495 1458 paulo
517 1420 598 1447 ante
623 1411 737 1459 divisis
756 1419 819 1458 per
834 1410 983 1458 speciale
996 1412 1110 1448 Breve
1122 1411 1346 1460 Apostolicum
1365 1422 1418 1456 ις.
1432 1409 1644 1448 Novembris
1658 1412 1757 1458 1675.
1776 1419 1968 1446 emanatum
1990 1410 2035 1445 ad
2055 1409 2239 1457 exemplum

167 1459 317 1495 aliarum
334 1459 603 1497 Provinciarum
619 1467 699 1495 ante
712 1459 774 1494 hac
787 1459 978 1507 divisarum
991 1461 1165 1508 impertita
1178 1462 1223 1508 sit
1236 1485 1248 1503 ,
1273 1461 1313 1495 ed
1334 1470 1446 1500 tamen
1468 1460 1662 1495 conditione
1673 1483 1685 1502 ‚
1713 1469 1754 1495 ut
1765 1458 1833 1493 haec
1845 1457 2004 1505 ejusmodi
2021 1460 2167 1506 conceffio
2175 1467 2238 1505 pro

159 1507 229 1556 solo
253 1507 413 1555 Capitulo
428 1506 590 1543 Generali
608 1506 759 1555 proxime?
772 1506 969 1544 celebrando
994 1508 1243 1555 intelligenda,
1265 1509 1351 1544 ineo
1371 1506 1473 1550 vero,
1499 1507 1586 1553 quid
1608 1507 1762 1552 deinceps
1786 1504 1848 1540 hac
1872 1506 1911 1539 in
1928 1514 2029 1551 parte
2048 1505 2233 1552 observan-

166 1556 245 1592 dum
261 1556 328 1604 fit,
354 1556 514 1592 ulteriori
540 1557 689 1592 examini
701 1556 958 1602 subiiciendum
969 1557 1014 1604 sit
1031 1569 1040 1591 ε
1064 1557 1151 1591 hanc
1174 1565 1286 1591 autem
1307 1566 1431 1590 novam
1448 1556 1500 1589 rei
1519 1554 1764 1601 discussionem,
1787 1552 1845 1587 vel
1859 1563 1899 1587 ex
1924 1553 2082 1588 eominus
2097 1552 2240 1603 nec-effit-

166 1606 256 1640 riam
269 1626 281 1647 ,
299 1604 369 1640 imo
386 1602 474 1651 pur&
491 1603 702 1653 superfluam
714 1604 891 1647 ducimus,
916 1605 1007 1651 quod.
1007 1604 1248 1652 superioribus
1270 1605 1372 1637 annis
1382 1600 1458 1649 plus
1471 1602 1669 1649 qudmsatis
1682 1599 1919 1649 accuratiffime
1946 1600 2149 1649 investigata
2163 1625 2175 1644 ‚
2197 1602 2240 1642 ὠ·

166 1652 308 1700 expensa
327 1652 464 1700 fuerit,
492 1650 633 1698 Nosque
658 1662 727 1686 non
752 1652 814 1699 nisi
835 1651 1098 1698 majoremstei
1125 1650 1275 1692 cultum,
1300 1649 1621 1697 emolumentumque
1645 1648 1764 1687 Sancti·
1784 1648 1888 1698 hujus
1911 1648 2057 1687 Ordinis
2079 1652 2118 1685 in
2142 1649 2240 1687 hocce

164 1700 322 1748 desiderio
344 1700 448 1748 nostro
457 1698 654 1746 spetiemus,
688 1710 793 1744 neque
820 1700 914 1735 tanti
926 1701 1083 1736 momenti
1110 1700 1280 1747 negotium
1302 1707 1518 1746 expetamus,
1539 1697 1627 1746 quod
1638 1707 1690 1735 tot
1701 1720 1713 1740 ,
1731 1700 1908 1745 tantosque
1921 1699 2028 1733 obices
2040 1709 2210 1735 mereatur
2225 1723 2240 1741 ,

168 1749 212 1789 ὠ·
233 1747 568 1796 inexspefi‘atiffiinum
580 1745 696 1784 Nobis
717 1746 912 1784 accideret.
929 1748 968 1783 id
985 1747 1098 1786 Nobis
1126 1749 1164 1783 in
1187 1746 1392 1796 quaestionem
1418 1747 1626 1794 dubiumque
1653 1746 1771 1788 trahi,
1800 1746 1890 1793 quod
1903 1745 1981 1781 aliis
1994 1745 2168 1794 Regibus,
2194 1747 2236 1789 ὠ·

172 1796 403 1844 Principibus
426 1797 464 1831 in
482 1796 564 1843 pari
585 1795 717 1831 omnino
739 1795 839 1842 causa
859 1795 950 1832 ultro
974 1796 1241 1833 concedebatur.
1284 1796 1354 1833 Cui
1377 1794 1530 1837 accedit,
1558 1794 1646 1842 quod
1669 1796 1826 1842 aequitati
1846 1793 1945 1842 plene
1970 1805 2152 1841 congruum
2163 1795 2210 1842 stt
2221 1820 2238 1839 ,v

169 1844 308 1893 ejufique
331 1845 421 1881 ratio
447 1842 602 1893 postulet,
629 1852 669 1879 ut
682 1841 844 1891 Religiosi
862 1844 1006 1892 ejusdem
1031 1845 1195 1884 Ordinis,
1222 1844 1264 1884 ὠ·
1279 1845 1346 1892 sub
1373 1843 1485 1880 eadem
1509 1842 1647 1890 Regulae
1673 1843 1888 1891 observantia
1915 1844 2100 1885 viventes,
2122 1844 2238 1890 iisdem

170 1894 271 1929 etiam
286 1892 492 1939 Privilegiis
507 1917 515 1932 ,
539 1893 581 1933 ὠ·
597 1893 838 1939 praerogatIvis
863 1891 1051 1941 indistinfie
1067 1894 1271 1941 potiantur:
1296 1894 1509 1941 &proptera
1528 1901 1598 1929 tam
1612 1892 1786 1940 consuetus
1812 1902 1914 1938 atque
1929 1893 2109 1927 communis
2126 1891 2240 1940 Custo-

167 1941 246 1977 dum
258 1965 271 1985 ,
295 1950 516 1988 votorumque
541 1951 720 1980 numerus,
747 1938 847 1987 quom
870 1952 972 1977 novos
986 1941 1183 1978 Conventus
1201 1940 1391 1988 aedificandi
1411 1939 1489 1988 usus
1500 1968 1510 1982 ‚
1537 1939 1633 1978 velut
1645 1939 1792 1977 aliarum
1803 1937 1999 1978 Nationum
2013 1939 2212 1977 Provinciis
2224 1964 2240 1985 ,

167 1991 221 2026 ita
248 1990 350 2026 etiam
363 1990 554 2026 Germaniae
574 1988 776 2024 concedatur
791 2016 799 2024 .
826 1989 912 2026 Cum
933 1991 1050 2037 itaque
1075 1990 1273 2038 Capitulum
1289 1989 1457 2027 Generale
1469 1989 1555 2038 saepe
1577 1988 1678 2026 libati
1699 1988 1848 2024 Ordinis
1864 1986 2015 2036 proxime
2039 1989 2212 2025 imminere
2225 2014 2239 2033 ,

166 2047 269 2084 atque
285 2046 346 2085 pro
374 2038 446 2086 ejus
468 2033 637 2087 congreffu
649 2037 832 2085 vigesimam
837 2038 1015 2086 septimam
1030 2039 1125 2075 Maii
1144 2039 1246 2074 Anni
1257 2038 1404 2088 fluentis
1417 2037 1577 2074 inditium
1599 2036 1657 2088 effi
1672 2036 1925 2084 intelligamus,
1947 2034 2025 2074 Nos
2044 2045 2105 2084 pro
2118 2037 2218 2085 singu
2229 2058 2245 2083 ·.

168 2083 237 2121 lari
262 2085 401 2136 affeiiu,
423 2087 466 2127 &⁸
489 2084 746 2127 benevolentia,
771 2088 838 2133 qua
851 2085 1035 2134 Religiosos
1048 2086 1140 2134 hosce
1163 2087 1202 2122 ob
1227 2086 1444 2134 exemplarem
1465 2087 1611 2123 vivendi
1634 2086 1906 2133 consuetudinem
1932 2083 2031 2120 unice
2057 2083 2238 2132 compleaei‘.

168 2145 246 2170 mur
261 2157 273 2175 ,
300 2145 366 2169 nou
388 2131 550 2184 possumus
575 2145 642 2168 non
662 2132 794 2180 causam
811 2133 899 2170 hanc
924 2146 1038 2171 eorum
1057 2134 1263 2183 aequiffimam
1274 2136 1417 2182 fovere,
1438 2135 1624 2172 Sanfiiitati
1641 2132 1678 2171 V
1674 2133 1761 2183 estrae
1786 2135 1874 2170 omni
1890 2133 2021 2170 meliori
2032 2134 2123 2170 modo
2135 2157 2150 2176 ‚
2170 2145 2237 2179 quo

162 2180 351 2232 poffumus,
375 2181 662 2219 recommendare,
690 2182 832 2229 impenso
849 2182 998 2219 Eandem
1007 2183 1152 2230 proinde
1167 2182 1291 2229 filialis
1312 2183 1662 2234 observantiae-studio
1678 2191 1877 2231 precantes,
1901 2182 2065 2228 dignetur
2083 2180 2232 2228 sepositis

167 2229 376 2277 quibuslibet
399 2230 590 2266 rationibus
604 2256 612 2269 ,
626 2229 669 2264 Ei
675 2228 769 2276 forte
788 2231 825 2264 in
849 2233 1060 2267 contrarium
1075 2229 1215 2267 aliunde
1236 2231 1515 2280 repraesentandis
1529 2256 1542 2275 ‚
1558 2231 1682 2280 sanfiiae
1695 2231 1898 2268 intentionis
1922 2228 2035 2277 noflrae
2052 2240 2124 2265 eam
2137 2228 2237 2278 habe.

172 2289 212 2313 re
223 2279 393 2315 rationem
407 2301 420 2322 ,
445 2289 544 2325 quam
557 2275 673 2315 Nobis
686 2277 727 2313 de
734 2277 979 2362 perspefiadsua
991 2279 1145 2317 Paterna
1161 2281 1199 2314 in
1213 2277 1292 2317 Nos
1302 2304 1314 2323 ,
1337 2289 1510 2328 totumque
1523 2279 1691 2317 Ordinem
1710 2281 1737 2316 S
1739 2278 1931 2326 erophicum
1956 2277 2085 2324 pietate
2096 2275 2239 2324 pollice..

178 2337 275 2369 mur,
298 2327 340 2367 &¹
362 2325 578 2362 Auctoritas-e
602 2326 677 2362 Sua
690 2325 878 2374 Aposlolica
915 2328 1096 2364 emandare
1111 2351 1122 2370 ,
1145 2337 1186 2364 ut
1196 2328 1363 2376 sepediffie
1386 2329 1575 2377 provincie
1597 2330 1636 2363 in
1658 2327 1775 2377 nostris
1799 2326 2028 2362 haereditariis
2052 2323 2163 2372 aequi’,
2195 2337 2235 2370 ac

170 2373 318 2411 Romani
334 2375 470 2422 Imperii
494 2374 683 2410 ditionibus
703 2374 902 2423 existentes,
929 2388 995 2411 non
1011 2375 1103 2411 modo
1128 2377 1166 2410 in
1186 2377 1358 2423 proxima,
1384 2377 1502 2412 verum
1527 2378 1630 2413 etiam
1656 2375 1776 2423 quovis
1799 2373 2007 2426 imposterum
2034 2373 2233 2411 celebrando

169 2421 330 2469 Capitulo
344 2422 508 2460 Generali
520 2424 558 2457 in
572 2421 750 2471 Custodum
766 2446 779 2465 ,
804 2431 1025 2472 votorumque
1047 2435 1184 2460 numero
1196 2447 1208 2466 ,
1233 2435 1359 2461 necnon
1382 2426 1420 2459 in
1439 2425 1585 2471 antiqua
1600 2435 1702 2460 novos
1716 2424 1915 2461 Conventus
1927 2421 2083 2468 erigendi
2097 2420 2236 2469 consue-

170 2471 293 2507 tudine
307 2498 317 2512 ,
341 2471 482 2519 aliisque
502 2470 645 2520 ejusdem
658 2469 806 2507 Ordinis
818 2472 1018 2509 Provinciis
1028 2481 1130 2520 pares
1151 2471 1342 2508 habeantur
1360 2487 1368 2506 ε
1393 2481 1496 2520 atque
1497 2472 1686 2520 suprafatae
1707 2472 1779 2507 duae
1802 2472 1839 2506 in
1855 2470 2012 2507 Decretis
2032 2471 2166 2506 ratione
2179 2470 2234 2506 di-

169 2519 303 2567 visionis
316 2519 640 2567 emanatisappositae
654 2519 793 2567 onerosae
807 2521 1015 2557 conditiones
1028 2544 1040 2564 ,
1065 2532 1210 2567 quarum
1230 2522 1344 2568 prima
1365 2519 1526 2569 religiosa
1540 2521 1732 2562 charitati,
1755 2518 1865 2557 altera
1888 2517 1976 2561 vero*
1993 2516 2090 2553 Fidei
2103 2517 2234 2554 Ortho-

165 2567 258 2603 doxae
275 2594 282 2601 .
309 2568 521 2619 Ordinisque
545 2569 754 2617 incremento
768 2568 851 2618 obest
862 2593 873 2611 ‚
894 2570 1033 2617 penitus
1046 2567 1215 2605 tollantur
1229 2592 1242 2611 ,
1266 2569 1308 2610 εἷς·
1323 2569 1533 2617 abrogentur
1547 2594 1557 2605 .
1582 2569 1691 2619 Cujus
1703 2565 1849 2617 effcfflum
1863 2566 1899 2604 eo
1918 2567 2044 2603 certius
2066 2565 2086 2601 ὰ
2098 2565 2218 2602 δαηέίὶ
2228 2587 2237 2594 -

168 2623 240 2651 tate
257 2614 372 2664 Vestra
389 2616 531 2664 sperare
541 2614 619 2653 Nos
635 2616 768 2664 juvat,
794 2617 883 2664 quod
902 2618 1190 2666 aequanimitatem
1201 2617 1302 2665 suam
1321 2619 1373 2655 ita
1390 2626 1615 2665 comparatam
1628 2615 1687 2668 effe
1704 2618 1881 2663 sciamus,
1905 2624 1946 2651 ut
1967 2613 2060 2650 nihil
2068 2614 2230 2650 admitte-

167 2673 207 2697 re
227 2665 317 2713 poffit
332 2689 345 2708 ,
370 2677 429 2700 nec
443 2664 528 2701 velit
541 2687 555 2707 ,
581 2665 669 2711 quod
686 2664 825 2713 justitia
843 2665 911 2703 ulla
933 2666 1027 2702 modio
1039 2666 1254 2713 refragetur:
1282 2676 1348 2701 non
1376 2664 1544 2702 deerimus
1558 2666 1716 2714 ejusmodi
1724 2664 1875 2712 propenfi
1892 2663 1998 2699 animi
2009 2661 2238 2711 testimonium-

168 2712 374 2755 quibuslibet
389 2712 510 2759 filialis
534 2713 755 2760 observantia
767 2713 895 2762 studiis
919 2716 1130 2762 reciprocare
1146 2738 1157 2754 ,
1182 2724 1254 2760 quae
1273 2713 1460 2750 Sanetitan·
1471 2712 1591 2764 Vestrae
1622 2714 1756 2761 rursum
1777 2711 1969 2761 offerentes,
1989 2710 2128 2747 eandem
2144 2709 2232 2751 diu,

173 2758 379 2806 multumque
391 2760 526 2807 salvam
539 2785 548 2799 ‚
572 2760 780 2807 &sospitem
806 2763 844 2797 in
863 2763 970 2811 majus
997 2760 1206 2808 universalis
1222 2760 1367 2812 Ecclestae
1392 2762 1647 2801 emolumentum
1653 2763 1795 2811 servari
1810 2770 1850 2798 ex
1864 2760 1984 2796 intimo
2006 2757 2234 2804 auspicamur..

262 2807 375 2843 ‘Dm
401 2806 574 2856 Neostadii
596 2808 650 2844 die
665 2817 720 2853 27.
735 2807 908 2857 ‘Januarii
924 2809 1045 2849 eAnno
1061 2809 1159 2857 1678·
2027 2830 2030 2833 '

303 2903 563 2971 Leopoldus
583 2940 594 2952 .

260 3024 392 3060 Litterae
422 3021 580 3059 Caeiareae
601 3021 636 3057 in
654 3021 894 3058 eademeausa
917 3023 960 3058 ad
986 3022 1092 3058 Emin.
1124 3022 1170 3056 D.
1187 3015 1525 3069 Cardinalem'Cybo
1553 3021 1661 3058 datae:

782 3162 1452 3216 LEOPOLDUS
1525 3160 1615 3212 ἃς.

263 3297 397 3345 Optime
426 3304 596 3344 compertae
613 3296 700 3344 sunt
723 3296 816 3333 Ram
839 3299 1055 3337 Pater-nitati
1078 3298 1198 3349 Vestrae
1215 3301 1366 3348 repetitae
1388 3299 1556 3349 instantia
1570 3299 1702 3350 nostrat,
1728 3301 1851 3348 quibus
1871 3298 2018 3346 defun‘c‘ii
2042 3294 2232 3346 ‘Pontificis

171 3346 426 3383 Beatitudinem
449 3353 644 3392 permovere
659 3346 735 3382 nixi
751 3346 870 3393 sumus
882 3371 894 3390 ,
918 3357 959 3384 ut
972 3348 1166 3385 Provinciae
1180 3349 1343 3384 Bohemiae
1355 3373 1368 3391 ,
1388 3358 1491 3396 atque
1503 3347 1691 3396 Austriacae
1705 3348 1853 3385 Ordinis
1871 3348 2047 3385 Minorum
2070 3350 2109 3385 S.
2124 3347 2232 3385 Fran·

170 3395 251 3442 cisci
266 3396 516 3441 Capucinorum
540 3393 579 3428 ob
605 3405 720 3429 earum
739 3394 1016 3442 arnplitudinem‚
1045 3396 1086 3435 (ς’
1111 3397 1300 3446 vastitatem
1314 3420 1326 3439 ‚
1349 3395 1459 3443 primi
1471 3397 1608 3444 'quidem
1630 3397 1821 3446 divisionem
1838 3421 1846 3431 .
1867 3396 1989 3432 deinde
2010 3396 2088 3433 vero
2115 3396 2230 3444 divisis

172 3451 327 3478 votorum
344 3444 550 3490 paritatem,
577 3451 680 3489 atque
694 3454 795 3478 novos
811 3444 1008 3480 Conventus
1033 3443 1154 3490 absque
1174 3443 1342 3490 peculiari
1364 3446 1403 3482 S.
1414 3444 1515 3482 Sedis
1534 3444 1673 3482 licentia
1694 3444 1848 3492 erigendi
1860 3442 2060 3493 facultatem
2080 3445 2124 3481 ad
2150 3455 2230 3479 ηυν-

169 3501 252 3525 mam
265 3515 275 3531 ,
301 3491 342 3531 ὼ·
353 3489 533 3537 exemplum
556 3488 704 3526 aliarum
715 3491 980 3528 Provinciarum
1003 3491 1146 3540 ejusdem
1160 3493 1307 3528 Ordinis
1330 3491 1519 3540 divisarum
1546 3492 1737 3530 concederet
1750 3517 1759 3528 .
1788 3493 1833 3529 Et
1846 3504 2043 3540 quamquam
2056 3494 2129 3530 Sua
2142 3494 2230 3530 San·

170 3536 265 3573 &itas
286 3537 440 3585 desiderio
466 3537 571 3587 nostro
598 3539 637 3573 in
651 3548 788 3575 tantnm
808 3539 994 3582 detulerit,
1018 3549 1059 3575 ut
1081 3540 1250 3585 inprimis
1274 3542 1312 3575 in
1329 3550 1541 3577 memoratam
1564 3541 1755 3590 divisionem
1781 3539 1979 3587 consenserit
1989 3540 2105 3588 statim
2127 3542 2231 3577 etiam

169 3584 294 3632 effefiiui
308 3587 533 3635 mancipatam
545 3609 556 3628 ‚
579 3589 726 3633 paritati
740 3588 819 3623 vero
833 3597 987 3624 votorum
1002 3588 1181 3623 nonnullas
1200 3588 1387 3635 opposuerit
1398 3588 1610 3637 difficultates
1624 3612 1637 3632 ,
1657 3590 1699 3630 (ς’
1712 3588 1847 3625 tandem
1856 3589 1961 3624 etiam
1971 3588 2066 3625 illam
2090 3587 2229 3636 admise-

167 3634 220 3667 rit
234 3655 244 3673 ‚
267 3633 400 3680 prosola
425 3645 536 3670 tamen
551 3634 710 3681 Capitulo
726 3635 887 3671 Generali
902 3634 1052 3682 proxim&
1076 3636 1272 3672 celebrando
1284 3635 1521 3684 restrinxerit:
1549 3648 1623 3672 cum
1646 3646 1758 3673 autem
1779 3634 1958 3683 exemplum
1985 3633 2130 3674 aliarum
2145 3636 2229 3675 Pro·

171 3680 368 3716 vinciarum
382 3682 572 3728 divisarum
596 3683 711 3730 iisdem
734 3685 972 3730 praerogativis
986 3683 1201 3731 jampridiem
1209 3684 1435 3732 gaudentium
1449 3707 1462 3724 ,
1485 3684 1563 3723 Nos
1583 3687 1621 3719 in
1635 3684 1783 3721 limitata
1799 3684 1860 3728 hac
1874 3683 2076 3734 dispositione
2086 3696 2157 3729 ,·ac
2171 3683 2229 3720 ine'

167 3726 490 3814 dultoqchulilsscere
507 3730 641 3769 minime
653 3733 745 3781 sinat
758 3755 770 3777 ,
787 3731 899 3781 stante
906 3733 1094 3782 prasertim
1108 3731 1342 3771 Generalitate
1361 3732 1502 3771 Decreti
1517 3731 1702 3779 ‘Pontificii
1720 3732 1862 3773 antehac
1877 3735 2024 3772 manati
2036 3758 2049 3780 ,
2071 3732 2230 3817 quciffcuag

295 3788 354 3812 om.
423 3803 430 3813 .
1487 3782 1520 3818 C
1799 3781 1801 3785 '
1999 3785 2002 3791 “
2159 3782 2188 3815 is
