<?xml version="1.0" encoding="UTF-8"?>
<!DOCTYPE html PUBLIC "-//W3C//DTD XHTML 1.0 Transitional//EN"
    "http://www.w3.org/TR/xhtml1/DTD/xhtml1-transitional.dtd">
<html xmlns="http://www.w3.org/1999/xhtml" xml:lang="en" lang="en">
 <head>
  <title>
</title>
<meta http-equiv="Content-Type" content="text/html;charset=utf-8" />
  <meta name='ocr-system' content='tesseract 3.04.00' />
  <meta name='ocr-capabilities' content='ocr_page ocr_carea ocr_par ocr_line ocrx_word'/>
</head>
<body>
  <div class='ocr_page' id='page_1' title='image "./bullariumordinis04cath_0075.png"; bbox 0 0 2658 4256; ppageno 0'>
   <div class='ocr_carea' id='block_1_1' title="bbox 965 171 1574 263">
    <p class='ocr_par' dir='ltr' id='par_1_1' title="bbox 965 171 1574 263">
     <span class='ocr_line' id='line_1_1' title="bbox 965 171 1574 263; baseline -0.02 0"><span class='ocrx_word' id='word_1_1' title='bbox 965 171 1574 263; x_wconf 53' lang='lat' dir='ltr'>&#39;Helveticffi</span> 
     </span>
    </p>
   </div>
   <div class='ocr_carea' id='block_1_2' title="bbox 235 299 1258 1001">
    <p class='ocr_par' dir='ltr' id='par_1_2' title="bbox 235 299 1258 1001">
     <span class='ocr_line' id='line_1_2' title="bbox 257 299 1249 358; baseline -0.005 -8"><span class='ocrx_word' id='word_1_2' title='bbox 257 308 356 349; x_wconf 73' lang='lat' dir='ltr'>lium</span> <span class='ocrx_word' id='word_1_3' title='bbox 378 299 670 344; x_wconf 68' lang='lat' dir='ltr'>Defimdorum</span> <span class='ocrx_word' id='word_1_4' title='bbox 693 302 712 343; x_wconf 72' lang='lat' dir='ltr'>a</span> <span class='ocrx_word' id='word_1_5' title='bbox 737 302 869 358; x_wconf 83' lang='lat' dir='ltr'>poenis</span> <span class='ocrx_word' id='word_1_6' title='bbox 897 303 1123 357; x_wconf 82' lang='lat' dir='ltr'>Purgatorii</span> <span class='ocrx_word' id='word_1_7' title='bbox 1149 306 1249 346; x_wconf 81' lang='lat' dir='ltr'>libe-</span> 
     </span>
     <span class='ocr_line' id='line_1_3' title="bbox 254 360 1256 418; baseline 0.005 -17"><span class='ocrx_word' id='word_1_8' title='bbox 254 360 387 408; x_wconf 55' lang='lat' dir='ltr'>randis·</span> <span class='ocrx_word' id='word_1_9' title='bbox 402 387 416 410; x_wconf 90' lang='lat'>,</span> <span class='ocrx_word' id='word_1_10' title='bbox 440 372 515 414; x_wconf 91' lang='lat' dir='ltr'>per</span> <span class='ocrx_word' id='word_1_11' title='bbox 530 361 758 414; x_wconf 69' lang='lat' dir='ltr'>praedid&#39;tum</span> <span class='ocrx_word' id='word_1_12' title='bbox 777 361 1041 418; x_wconf 70' lang='lat' dir='ltr'>Clementem</span> <span class='ocrx_word' id='word_1_13' title='bbox 1054 391 1067 413; x_wconf 88' lang='lat'>‚</span> <span class='ocrx_word' id='word_1_14' title='bbox 1098 374 1140 404; x_wconf 90' lang='lat' dir='ltr'>ut</span> <span class='ocrx_word' id='word_1_15' title='bbox 1157 376 1256 418; x_wconf 76' lang='lat' dir='ltr'>pra:-</span> 
     </span>
     <span class='ocr_line' id='line_1_4' title="bbox 250 417 1258 474; baseline -0.001 -11"><span class='ocrx_word' id='word_1_16' title='bbox 250 421 382 463; x_wconf 73' lang='lat' dir='ltr'>fertur</span> <span class='ocrx_word' id='word_1_17' title='bbox 395 445 411 468; x_wconf 84' lang='lat'>‚</span> <span class='ocrx_word' id='word_1_18' title='bbox 426 417 663 471; x_wconf 75' lang='lat' dir='ltr'>concessum,</span> <span class='ocrx_word' id='word_1_19' title='bbox 678 420 728 462; x_wconf 89' lang='lat' dir='ltr'>ad</span> <span class='ocrx_word' id='word_1_20' title='bbox 744 420 884 463; x_wconf 76' lang='lat' dir='ltr'>Altare</span> <span class='ocrx_word' id='word_1_21' title='bbox 901 423 1081 462; x_wconf 56' lang='lat' dir='ltr'>suzaria</span> <span class='ocrx_word' id='word_1_22' title='bbox 1096 421 1258 474; x_wconf 83' lang='lat' dir='ltr'>Magda-</span> 
     </span>
     <span class='ocr_line' id='line_1_5' title="bbox 249 475 1255 528; baseline -0.002 -6"><span class='ocrx_word' id='word_1_23' title='bbox 249 479 347 522; x_wconf 81' lang='lat' dir='ltr'>lenae</span> <span class='ocrx_word' id='word_1_24' title='bbox 360 476 400 518; x_wconf 82' lang='lat' dir='ltr'>&#39;m</span> <span class='ocrx_word' id='word_1_25' title='bbox 418 490 521 518; x_wconf 87' lang='lat' dir='ltr'>nova</span> <span class='ocrx_word' id='word_1_26' title='bbox 541 477 714 522; x_wconf 85' lang='lat' dir='ltr'>Ecclefia</span> <span class='ocrx_word' id='word_1_27' title='bbox 730 505 743 526; x_wconf 68' lang='lat'>2</span> <span class='ocrx_word' id='word_1_28' title='bbox 772 478 871 521; x_wconf 87' lang='lat' dir='ltr'>ficut</span> <span class='ocrx_word' id='word_1_29' title='bbox 886 475 1064 519; x_wconf 84' lang='lat' dir='ltr'>asseritur</span> <span class='ocrx_word' id='word_1_30' title='bbox 1077 506 1091 528; x_wconf 87' lang='lat'>‚</span> <span class='ocrx_word' id='word_1_31' title='bbox 1115 490 1255 520; x_wconf 81' lang='lat' dir='ltr'>extru-</span> 
     </span>
     <span class='ocr_line' id='line_1_6' title="bbox 246 534 1255 592; baseline -0.003 -14"><span class='ocrx_word' id='word_1_32' title='bbox 246 539 355 578; x_wconf 68' lang='lat' dir='ltr'>c‘tum</span> <span class='ocrx_word' id='word_1_33' title='bbox 373 563 387 586; x_wconf 88' lang='lat'>‚</span> <span class='ocrx_word' id='word_1_34' title='bbox 409 534 564 578; x_wconf 71' lang='lat' dir='ltr'>servata</span> <span class='ocrx_word' id='word_1_35' title='bbox 587 547 718 579; x_wconf 80' lang='lat' dir='ltr'>tamen</span> <span class='ocrx_word' id='word_1_36' title='bbox 745 538 784 578; x_wconf 90' lang='lat' dir='ltr'>in</span> <span class='ocrx_word' id='word_1_37' title='bbox 810 537 975 592; x_wconf 86' lang='lat' dir='ltr'>reliquis</span> <span class='ocrx_word' id='word_1_38' title='bbox 992 538 1255 578; x_wconf 77' lang='lat' dir='ltr'>Literarum...</span> 
     </span>
     <span class='ocr_line' id='line_1_7' title="bbox 243 588 1254 644; baseline -0.002 -7"><span class='ocrx_word' id='word_1_39' title='bbox 243 594 460 637; x_wconf 86' lang='lat' dir='ltr'>memorati</span> <span class='ocrx_word' id='word_1_40' title='bbox 484 594 709 639; x_wconf 87' lang='lat' dir='ltr'>Clementis</span> <span class='ocrx_word' id='word_1_41' title='bbox 724 592 1024 638; x_wconf 84' lang='lat' dir='ltr'>Praedecefforis</span> <span class='ocrx_word' id='word_1_42' title='bbox 1048 588 1175 635; x_wconf 69' lang='lat' dir='ltr'>forma</span> <span class='ocrx_word' id='word_1_43' title='bbox 1189 623 1202 644; x_wconf 90' lang='lat'>,</span> <span class='ocrx_word' id='word_1_44' title='bbox 1215 591 1254 635; x_wconf 75' lang='grc' dir='ltr'>’δε</span> 
     </span>
     <span class='ocr_line' id='line_1_8' title="bbox 235 653 1248 708; baseline -0.002 -13"><span class='ocrx_word' id='word_1_45' title='bbox 235 653 503 708; x_wconf 69' lang='lat' dir='ltr'>dispositione</span> <span class='ocrx_word' id='word_1_46' title='bbox 517 681 532 705; x_wconf 88' lang='lat'>,</span> <span class='ocrx_word' id='word_1_47' title='bbox 549 653 803 696; x_wconf 69' lang='lat' dir='ltr'>Austoritate</span> <span class='ocrx_word' id='word_1_48' title='bbox 818 653 1048 707; x_wconf 86' lang='lat' dir='ltr'>Apostolica</span> <span class='ocrx_word' id='word_1_49' title='bbox 1064 679 1079 703; x_wconf 92' lang='lat'>,</span> <span class='ocrx_word' id='word_1_50' title='bbox 1095 662 1248 696; x_wconf 71' lang='lat' dir='ltr'>,tenore</span> 
     </span>
     <span class='ocr_line' id='line_1_9' title="bbox 241 710 1248 768; baseline -0.002 -15"><span class='ocrx_word' id='word_1_51' title='bbox 241 710 497 768; x_wconf 72' lang='lat' dir='ltr'>praesentium</span> <span class='ocrx_word' id='word_1_52' title='bbox 526 713 722 767; x_wconf 78' lang='lat' dir='ltr'>perpetuo</span> <span class='ocrx_word' id='word_1_53' title='bbox 755 711 1059 760; x_wconf 78' lang='lat' dir='ltr'>transferimus,</span> <span class='ocrx_word' id='word_1_54' title='bbox 1086 710 1124 751; x_wconf 90' lang='lat' dir='ltr'>in</span> <span class='ocrx_word' id='word_1_55' title='bbox 1150 723 1248 752; x_wconf 90' lang='lat' dir='ltr'>con·</span> 
     </span>
     <span class='ocr_line' id='line_1_10' title="bbox 242 768 1244 823; baseline -0.004 -11"><span class='ocrx_word' id='word_1_56' title='bbox 242 772 413 812; x_wconf 87' lang='lat' dir='ltr'>trarium</span> <span class='ocrx_word' id='word_1_57' title='bbox 442 768 684 812; x_wconf 71' lang='lat' dir='ltr'>facientibus</span> <span class='ocrx_word' id='word_1_58' title='bbox 713 782 790 810; x_wconf 89' lang='lat' dir='ltr'>non</span> <span class='ocrx_word' id='word_1_59' title='bbox 816 768 1062 811; x_wconf 87' lang='lat' dir='ltr'>obstantibus</span> <span class='ocrx_word' id='word_1_60' title='bbox 1088 768 1244 823; x_wconf 86' lang='lat' dir='ltr'>quibus-</span> 
     </span>
     <span class='ocr_line' id='line_1_11' title="bbox 242 825 1246 885; baseline -0.004 -14"><span class='ocrx_word' id='word_1_61' title='bbox 242 843 399 885; x_wconf 88' lang='lat' dir='ltr'>cunque</span> <span class='ocrx_word' id='word_1_62' title='bbox 416 857 427 868; x_wconf 85' lang='lat'><strong>.</strong></span> <span class='ocrx_word' id='word_1_63' title='bbox 460 829 608 870; x_wconf 86' lang='lat' dir='ltr'>Datum</span> <span class='ocrx_word' id='word_1_64' title='bbox 634 829 772 869; x_wconf 83' lang='lat' dir='ltr'>Romae</span> <span class='ocrx_word' id='word_1_65' title='bbox 791 825 894 880; x_wconf 87' lang='lat' dir='ltr'>apud</span> <span class='ocrx_word' id='word_1_66' title='bbox 913 831 951 867; x_wconf 67' lang='lat'>5.</span> <span class='ocrx_word' id='word_1_67' title='bbox 969 828 1140 867; x_wconf 84' lang='lat' dir='ltr'>Mariam</span> <span class='ocrx_word' id='word_1_68' title='bbox 1156 829 1246 868; x_wconf 88' lang='lat' dir='ltr'>Ma-</span> 
     </span>
     <span class='ocr_line' id='line_1_12' title="bbox 240 882 1243 945; baseline -0.004 -16"><span class='ocrx_word' id='word_1_69' title='bbox 240 887 373 945; x_wconf 86' lang='lat' dir='ltr'>jorem</span> <span class='ocrx_word' id='word_1_70' title='bbox 393 885 461 928; x_wconf 87' lang='lat' dir='ltr'>sub</span> <span class='ocrx_word' id='word_1_71' title='bbox 482 884 644 927; x_wconf 80' lang='lat' dir='ltr'>Annulo</span> <span class='ocrx_word' id='word_1_72' title='bbox 666 883 876 927; x_wconf 81' lang='lat' dir='ltr'>Piscatoris</span> <span class='ocrx_word' id='word_1_73' title='bbox 899 882 966 924; x_wconf 85' lang='lat' dir='ltr'>die</span> <span class='ocrx_word' id='word_1_74' title='bbox 989 896 1158 924; x_wconf 77' lang='lat' dir='ltr'>xxviii.</span> <span class='ocrx_word' id='word_1_75' title='bbox 1175 887 1243 926; x_wconf 86' lang='lat' dir='ltr'>Se-</span> 
     </span>
     <span class='ocr_line' id='line_1_13' title="bbox 241 939 1247 1001; baseline -0.002 -15"><span class='ocrx_word' id='word_1_76' title='bbox 241 944 434 1001; x_wconf 84' lang='lat' dir='ltr'>ptembris</span> <span class='ocrx_word' id='word_1_77' title='bbox 451 952 718 987; x_wconf 76' lang='lat' dir='ltr'>moccxxtv.</span> <span class='ocrx_word' id='word_1_78' title='bbox 736 939 1154 984; x_wconf 74' lang='lat' dir='ltr'>PontificanisNostri</span> <span class='ocrx_word' id='word_1_79' title='bbox 1167 944 1247 984; x_wconf 88' lang='lat' dir='ltr'>An-</span> 
     </span>
    </p>
   </div>
   <div class='ocr_carea' id='block_1_3' title="bbox 239 1003 1127 1160">
    <p class='ocr_par' dir='ltr' id='par_1_3' title="bbox 239 1003 1127 1160">
     <span class='ocr_line' id='line_1_14' title="bbox 239 1003 476 1059; baseline -0.021 -12"><span class='ocrx_word' id='word_1_80' title='bbox 239 1018 294 1047; x_wconf 89' lang='lat' dir='ltr'>no</span> <span class='ocrx_word' id='word_1_81' title='bbox 317 1003 449 1059; x_wconf 85' lang='lat' dir='ltr'>primo</span> <span class='ocrx_word' id='word_1_82' title='bbox 462 1029 476 1043; x_wconf 84' lang='lat'><strong>.</strong></span> 
     </span>
     <span class='ocr_line' id='line_1_15' title="bbox 639 1100 1127 1160; baseline -0.006 0"><span class='ocrx_word' id='word_1_83' title='bbox 639 1115 865 1160; x_wconf 84' lang='lat' dir='ltr'>Cardinalis</span> <span class='ocrx_word' id='word_1_84' title='bbox 880 1116 1089 1160; x_wconf 80' lang='lat' dir='ltr'>oliverius</span> <span class='ocrx_word' id='word_1_85' title='bbox 1106 1100 1127 1157; x_wconf 11' lang='grc' dir='ltr'>,Ἰ</span> 
     </span>
    </p>
   </div>
   <div class='ocr_carea' id='block_1_4' title="bbox 292 1233 1152 1293">
    <p class='ocr_par' dir='ltr' id='par_1_4' title="bbox 292 1233 1152 1293">
     <span class='ocr_line' id='line_1_16' title="bbox 292 1233 1152 1293; baseline -0.001 -13"><span class='ocrx_word' id='word_1_86' title='bbox 292 1240 414 1281; x_wconf 73' lang='lat' dir='ltr'>Breve</span> <span class='ocrx_word' id='word_1_87' title='bbox 427 1233 653 1293; x_wconf 77' lang='lat' dir='ltr'>formatum</span> <span class='ocrx_word' id='word_1_88' title='bbox 669 1235 712 1277; x_wconf 82' lang='lat' dir='ltr'>in</span> <span class='ocrx_word' id='word_1_89' title='bbox 727 1234 900 1279; x_wconf 68' lang='lat' dir='ltr'>Archiae</span> <span class='ocrx_word' id='word_1_90' title='bbox 915 1238 1128 1279; x_wconf 65' lang='lat' dir='ltr'>Provincia·</span> <span class='ocrx_word' id='word_1_91' title='bbox 1141 1262 1152 1274; x_wconf 90' lang='lat'>-</span> 
     </span>
    </p>
   </div>
   <div class='ocr_carea' id='block_1_5' title="bbox 1018 1370 1247 1386">
    <p class='ocr_par' dir='ltr' id='par_1_5' title="bbox 1018 1370 1247 1386">
     <span class='ocr_line' id='line_1_17' title="bbox 1018 1370 1247 1386; baseline 0 2870"><span class='ocrx_word' id='word_1_92' title='bbox 1018 1370 1247 1386; x_wconf 95' lang='lat' dir='ltr'> </span> 
     </span>
    </p>
   </div>
   <div class='ocr_carea' id='block_1_6' title="bbox 235 1371 670 1390">
    <p class='ocr_par' dir='ltr' id='par_1_6' title="bbox 235 1371 670 1390">
     <span class='ocr_line' id='line_1_18' title="bbox 235 1371 670 1390; baseline 0 2866"><span class='ocrx_word' id='word_1_93' title='bbox 235 1371 670 1390; x_wconf 95' lang='lat' dir='ltr'> </span> 
     </span>
    </p>
   </div>
   <div class='ocr_carea' id='block_1_7' title="bbox 232 1468 1245 1679">
    <p class='ocr_par' dir='ltr' id='par_1_7' title="bbox 232 1468 1245 1679">
     <span class='ocr_line' id='line_1_19' title="bbox 232 1468 1245 1538; baseline -0.004 -16"><span class='ocrx_word' id='word_1_94' title='bbox 232 1470 428 1522; x_wconf 83' lang='lat' dir='ltr'>Instante</span> <span class='ocrx_word' id='word_1_95' title='bbox 456 1468 724 1529; x_wconf 85' lang='lat' dir='ltr'>Ludovico,</span> <span class='ocrx_word' id='word_1_96' title='bbox 753 1472 1015 1521; x_wconf 87' lang='lat' dir='ltr'>Galliarum</span> <span class='ocrx_word' id='word_1_97' title='bbox 1047 1474 1206 1538; x_wconf 55' lang='lat' dir='ltr'>Rege„</span> <span class='ocrx_word' id='word_1_98' title='bbox 1228 1505 1245 1527; x_wconf 89' lang='lat'>,</span> 
     </span>
     <span class='ocr_line' id='line_1_20' title="bbox 299 1538 1244 1606; baseline -0.003 -16"><span class='ocrx_word' id='word_1_99' title='bbox 299 1544 568 1590; x_wconf 88' lang='lat' dir='ltr'>Conventus</span> <span class='ocrx_word' id='word_1_100' title='bbox 597 1538 782 1590; x_wconf 82' lang='lat' dir='ltr'>Alsatiae</span> <span class='ocrx_word' id='word_1_101' title='bbox 809 1543 835 1589; x_wconf 68' lang='lat' dir='ltr'>a</span> <span class='ocrx_word' id='word_1_102' title='bbox 865 1544 1101 1592; x_wconf 80' lang='lat' dir='ltr'>Provincia</span> <span class='ocrx_word' id='word_1_103' title='bbox 1127 1539 1244 1606; x_wconf 88' lang='lat' dir='ltr'>sepa-</span> 
     </span>
     <span class='ocr_line' id='line_1_21' title="bbox 296 1606 1242 1679; baseline 0 -19"><span class='ocrx_word' id='word_1_104' title='bbox 296 1624 487 1667; x_wconf 82' lang='lat' dir='ltr'>rantur,</span> <span class='ocrx_word' id='word_1_105' title='bbox 513 1606 562 1659; x_wconf 73' lang='lat' dir='ltr'>&lt;St</span> <span class='ocrx_word' id='word_1_106' title='bbox 585 1609 632 1658; x_wconf 86' lang='lat' dir='ltr'>in</span> <span class='ocrx_word' id='word_1_107' title='bbox 657 1612 946 1661; x_wconf 86' lang='lat' dir='ltr'>Provinciam</span> <span class='ocrx_word' id='word_1_108' title='bbox 975 1613 1242 1679; x_wconf 84' lang='lat' dir='ltr'>eriguntur.</span> 
     </span>
    </p>
   </div>
   <div class='ocr_carea' id='block_1_8' title="bbox 230 1711 1241 1803">
    <p class='ocr_par' dir='ltr' id='par_1_8' title="bbox 230 1711 1241 1803">
     <span class='ocr_line' id='line_1_22' title="bbox 230 1711 1241 1803; baseline -0.004 0"><span class='ocrx_word' id='word_1_109' title='bbox 230 1711 772 1803; x_wconf 23' lang='lat' dir='ltr'>BENED‘ICTUs*</span> <span class='ocrx_word' id='word_1_110' title='bbox 807 1752 898 1799; x_wconf 81' lang='grc' dir='ltr'>ΡΑ</span> <span class='ocrx_word' id='word_1_111' title='bbox 920 1751 1010 1799; x_wconf 89' lang='lat' dir='ltr'>PA</span> <span class='ocrx_word' id='word_1_112' title='bbox 1055 1751 1241 1800; x_wconf 87' lang='lat' dir='ltr'><strong>x111.</strong></span> 
     </span>
    </p>
   </div>
   <div class='ocr_carea' id='block_1_9' title="bbox 400 1877 1068 1933">
    <p class='ocr_par' dir='ltr' id='par_1_9' title="bbox 400 1877 1068 1933">
     <span class='ocr_line' id='line_1_23' title="bbox 400 1877 1068 1933; baseline -0.001 -12"><span class='ocrx_word' id='word_1_113' title='bbox 400 1877 468 1921; x_wconf 75' lang='lat' dir='ltr'>Ad</span> <span class='ocrx_word' id='word_1_114' title='bbox 484 1884 711 1933; x_wconf 79' lang='lat' dir='ltr'>perpetuam</span> <span class='ocrx_word' id='word_1_115' title='bbox 736 1879 796 1919; x_wconf 82' lang='lat' dir='ltr'>rei</span> <span class='ocrx_word' id='word_1_116' title='bbox 823 1879 1068 1920; x_wconf 77' lang='lat' dir='ltr'><em>memoriam.</em></span> 
     </span>
    </p>
   </div>
   <div class='ocr_carea' id='block_1_10' title="bbox 228 1993 1244 3800">
    <p class='ocr_par' dir='ltr' id='par_1_10' title="bbox 331 1993 1241 2050">
     <span class='ocr_line' id='line_1_24' title="bbox 331 1993 1241 2050; baseline 0.001 -14"><span class='ocrx_word' id='word_1_117' title='bbox 331 1993 521 2038; x_wconf 85' lang='lat' dir='ltr'>Astoralis</span> <span class='ocrx_word' id='word_1_118' title='bbox 534 1994 665 2038; x_wconf 88' lang='lat' dir='ltr'>Officii</span> <span class='ocrx_word' id='word_1_119' title='bbox 682 2023 696 2046; x_wconf 92' lang='lat'>,</span> <span class='ocrx_word' id='word_1_120' title='bbox 722 2009 801 2050; x_wconf 91' lang='lat' dir='ltr'>quo</span> <span class='ocrx_word' id='word_1_121' title='bbox 815 1995 1041 2038; x_wconf 69' lang='lat' dir='ltr'>Catholicae</span> <span class='ocrx_word' id='word_1_122' title='bbox 1061 1993 1241 2038; x_wconf 79' lang='lat' dir='ltr'>Ecclefiae</span> 
     </span>
    </p>

    <p class='ocr_par' dir='ltr' id='par_1_11' title="bbox 228 2052 1244 3800">
     <span class='ocr_line' id='line_1_25' title="bbox 350 2052 1241 2106; baseline -0.002 -10"><span class='ocrx_word' id='word_1_123' title='bbox 350 2069 420 2106; x_wconf 87' lang='lat' dir='ltr'>per</span> <span class='ocrx_word' id='word_1_124' title='bbox 447 2053 677 2096; x_wconf 80' lang='lat' dir='ltr'>universum</span> <span class='ocrx_word' id='word_1_125' title='bbox 699 2064 763 2095; x_wconf 82' lang='lat' dir='ltr'>ter</span> <span class='ocrx_word' id='word_1_126' title='bbox 780 2068 911 2097; x_wconf 83' lang='lat' dir='ltr'>rarum</span> <span class='ocrx_word' id='word_1_127' title='bbox 926 2057 1080 2096; x_wconf 84' lang='lat' dir='ltr'>Orbem</span> <span class='ocrx_word' id='word_1_128' title='bbox 1096 2052 1241 2094; x_wconf 87' lang='lat' dir='ltr'>diffusae</span> 
     </span>
     <span class='ocr_line' id='line_1_26' title="bbox 230 2109 1237 2167; baseline -0.004 -12"><span class='ocrx_word' id='word_1_129' title='bbox 230 2113 413 2167; x_wconf 85' lang='lat' dir='ltr'>regimini</span> <span class='ocrx_word' id='word_1_130' title='bbox 443 2109 587 2154; x_wconf 66' lang='lat' dir='ltr'>Divina</span> <span class='ocrx_word' id='word_1_131' title='bbox 602 2111 862 2155; x_wconf 60' lang='lat' dir='ltr'>Providentia</span> <span class='ocrx_word' id='word_1_132' title='bbox 878 2113 1124 2167; x_wconf 72' lang='lat' dir='ltr'>praesidemus</span> <span class='ocrx_word' id='word_1_133' title='bbox 1138 2137 1151 2159; x_wconf 83' lang='lat'>,</span> <span class='ocrx_word' id='word_1_134' title='bbox 1178 2110 1220 2152; x_wconf 92' lang='lat' dir='ltr'>so</span> <span class='ocrx_word' id='word_1_135' title='bbox 1229 2133 1237 2143; x_wconf 37' lang='grc' dir='ltr'>ι’</span> 
     </span>
     <span class='ocr_line' id='line_1_27' title="bbox 233 2170 1243 2226; baseline -0.001 -14"><span class='ocrx_word' id='word_1_136' title='bbox 233 2171 406 2213; x_wconf 87' lang='lat' dir='ltr'>licitudo</span> <span class='ocrx_word' id='word_1_137' title='bbox 424 2174 512 2212; x_wconf 91' lang='lat' dir='ltr'>Nos</span> <span class='ocrx_word' id='word_1_138' title='bbox 533 2171 722 2213; x_wconf 85' lang='lat' dir='ltr'>admonet</span> <span class='ocrx_word' id='word_1_139' title='bbox 734 2200 751 2222; x_wconf 88' lang='lat'>,</span> <span class='ocrx_word' id='word_1_140' title='bbox 778 2183 823 2215; x_wconf 93' lang='lat' dir='ltr'>ut</span> <span class='ocrx_word' id='word_1_141' title='bbox 843 2170 950 2215; x_wconf 86' lang='lat' dir='ltr'>felici</span> <span class='ocrx_word' id='word_1_142' title='bbox 972 2171 1243 2226; x_wconf 86' lang='lat' dir='ltr'>prosperoque</span> 
     </span>
     <span class='ocr_line' id='line_1_28' title="bbox 230 2228 1242 2283; baseline -0.002 -12"><span class='ocrx_word' id='word_1_143' title='bbox 230 2228 533 2283; x_wconf 83' lang='lat' dir='ltr'>Religiosorum</span> <span class='ocrx_word' id='word_1_144' title='bbox 551 2230 745 2272; x_wconf 85' lang='lat' dir='ltr'>Virorum</span> <span class='ocrx_word' id='word_1_145' title='bbox 758 2259 773 2281; x_wconf 87' lang='lat'>,</span> <span class='ocrx_word' id='word_1_146' title='bbox 802 2231 956 2273; x_wconf 81' lang='lat' dir='ltr'>Divinis</span> <span class='ocrx_word' id='word_1_147' title='bbox 973 2228 1123 2271; x_wconf 82' lang='lat' dir='ltr'>officiis</span> <span class='ocrx_word' id='word_1_148' title='bbox 1139 2255 1153 2275; x_wconf 60' lang='grc' dir='ltr'>ι,</span> <span class='ocrx_word' id='word_1_149' title='bbox 1173 2228 1242 2270; x_wconf 84' lang='lat' dir='ltr'>sub</span> 
     </span>
     <span class='ocr_line' id='line_1_29' title="bbox 231 2287 1238 2343; baseline -0.002 -14"><span class='ocrx_word' id='word_1_150' title='bbox 231 2287 461 2329; x_wconf 79' lang='lat' dir='ltr'>austerioris</span> <span class='ocrx_word' id='word_1_151' title='bbox 507 2290 597 2328; x_wconf 85' lang='lat' dir='ltr'>vitae</span> <span class='ocrx_word' id='word_1_152' title='bbox 640 2288 846 2342; x_wconf 84' lang='lat' dir='ltr'>disciplina</span> <span class='ocrx_word' id='word_1_153' title='bbox 877 2289 1198 2343; x_wconf 88' lang='lat' dir='ltr'>mancipatorum</span> <span class='ocrx_word' id='word_1_154' title='bbox 1223 2315 1238 2338; x_wconf 88' lang='lat'>,</span> 
     </span>
     <span class='ocr_line' id='line_1_30' title="bbox 229 2345 1240 2401; baseline -0.001 -13"><span class='ocrx_word' id='word_1_155' title='bbox 229 2346 415 2401; x_wconf 81' lang='lat' dir='ltr'>suavique</span> <span class='ocrx_word' id='word_1_156' title='bbox 429 2345 578 2387; x_wconf 89' lang='lat' dir='ltr'>Christi</span> <span class='ocrx_word' id='word_1_157' title='bbox 593 2345 720 2390; x_wconf 88' lang='lat' dir='ltr'>odore</span> <span class='ocrx_word' id='word_1_158' title='bbox 735 2346 786 2388; x_wconf 91' lang='lat' dir='ltr'>de</span> <span class='ocrx_word' id='word_1_159' title='bbox 803 2348 905 2389; x_wconf 90' lang='lat' dir='ltr'>bona</span> <span class='ocrx_word' id='word_1_160' title='bbox 933 2345 1240 2388; x_wconf 82' lang='lat' dir='ltr'>conversatione</span> 
     </span>
     <span class='ocr_line' id='line_1_31' title="bbox 231 2403 1239 2461; baseline 0.001 -16"><span class='ocrx_word' id='word_1_161' title='bbox 231 2403 498 2458; x_wconf 86' lang='lat' dir='ltr'>fragrantium</span> <span class='ocrx_word' id='word_1_162' title='bbox 525 2403 640 2446; x_wconf 88' lang='lat' dir='ltr'>statui</span> <span class='ocrx_word' id='word_1_163' title='bbox 665 2432 680 2456; x_wconf 93' lang='lat'>,</span> <span class='ocrx_word' id='word_1_164' title='bbox 720 2406 900 2461; x_wconf 84' lang='lat' dir='ltr'>regimini</span> <span class='ocrx_word' id='word_1_165' title='bbox 929 2407 969 2446; x_wconf 72' lang='grc' dir='ltr'>δε</span> <span class='ocrx_word' id='word_1_166' title='bbox 989 2403 1208 2461; x_wconf 69' lang='lat' dir='ltr'>progrelsui</span> <span class='ocrx_word' id='word_1_167' title='bbox 1226 2430 1239 2452; x_wconf 84' lang='lat'>,</span> 
     </span>
     <span class='ocr_line' id='line_1_32' title="bbox 230 2461 1240 2519; baseline 0.002 -15"><span class='ocrx_word' id='word_1_168' title='bbox 230 2462 433 2504; x_wconf 89' lang='lat' dir='ltr'>interdum</span> <span class='ocrx_word' id='word_1_169' title='bbox 450 2463 570 2505; x_wconf 86' lang='lat' dir='ltr'>etiarn</span> <span class='ocrx_word' id='word_1_170' title='bbox 587 2477 661 2519; x_wconf 91' lang='lat' dir='ltr'>per</span> <span class='ocrx_word' id='word_1_171' title='bbox 678 2476 874 2508; x_wconf 78' lang='lat' dir='ltr'>novarum</span> <span class='ocrx_word' id='word_1_172' title='bbox 895 2461 1240 2506; x_wconf 59' lang='lat' dir='ltr'>provinciarum</span> 
     </span>
     <span class='ocr_line' id='line_1_33' title="bbox 228 2521 1238 2577; baseline 0 -14"><span class='ocrx_word' id='word_1_173' title='bbox 228 2521 529 2564; x_wconf 85' lang='lat' dir='ltr'>Institutionem</span> <span class='ocrx_word' id='word_1_174' title='bbox 553 2522 768 2577; x_wconf 86' lang='lat' dir='ltr'>providere</span> <span class='ocrx_word' id='word_1_175' title='bbox 785 2522 1009 2566; x_wconf 80' lang='lat' dir='ltr'>studeamus</span> <span class='ocrx_word' id='word_1_176' title='bbox 1025 2552 1038 2574; x_wconf 86' lang='lat'>,</span> <span class='ocrx_word' id='word_1_177' title='bbox 1065 2521 1160 2564; x_wconf 88' lang='lat' dir='ltr'>ficut</span> <span class='ocrx_word' id='word_1_178' title='bbox 1180 2521 1238 2563; x_wconf 90' lang='lat' dir='ltr'>su-</span> 
     </span>
     <span class='ocr_line' id='line_1_34' title="bbox 229 2580 1239 2639; baseline -0.002 -16"><span class='ocrx_word' id='word_1_179' title='bbox 229 2580 413 2623; x_wconf 88' lang='lat' dir='ltr'>blimium</span> <span class='ocrx_word' id='word_1_180' title='bbox 444 2580 671 2636; x_wconf 72' lang='lat' dir='ltr'>Principum</span> <span class='ocrx_word' id='word_1_181' title='bbox 701 2582 752 2624; x_wconf 79' lang='lat' dir='ltr'>de</span> <span class='ocrx_word' id='word_1_182' title='bbox 779 2581 957 2624; x_wconf 80' lang='lat' dir='ltr'>Ecclesia</span> <span class='ocrx_word' id='word_1_183' title='bbox 979 2582 1052 2624; x_wconf 77' lang='lat' dir='ltr'>Dei</span> <span class='ocrx_word' id='word_1_184' title='bbox 1086 2580 1239 2639; x_wconf 70' lang='lat' dir='ltr'>optime</span> 
     </span>
     <span class='ocr_line' id='line_1_35' title="bbox 228 2639 1239 2697; baseline 0.003 -17"><span class='ocrx_word' id='word_1_185' title='bbox 228 2639 465 2697; x_wconf 85' lang='lat' dir='ltr'>meritorum</span> <span class='ocrx_word' id='word_1_186' title='bbox 482 2648 577 2680; x_wconf 82' lang='lat' dir='ltr'>vota</span> <span class='ocrx_word' id='word_1_187' title='bbox 591 2641 813 2696; x_wconf 81' lang='lat' dir='ltr'>postulant,</span> <span class='ocrx_word' id='word_1_188' title='bbox 841 2654 886 2684; x_wconf 87' lang='lat' dir='ltr'>ac</span> <span class='ocrx_word' id='word_1_189' title='bbox 904 2654 1064 2692; x_wconf 84' lang='lat' dir='ltr'>rerum,</span> <span class='ocrx_word' id='word_1_190' title='bbox 1079 2651 1239 2694; x_wconf 88' lang='lat' dir='ltr'>tempo-</span> 
     </span>
     <span class='ocr_line' id='line_1_36' title="bbox 229 2696 1239 2753; baseline 0.001 -14"><span class='ocrx_word' id='word_1_191' title='bbox 229 2707 335 2746; x_wconf 86' lang='lat' dir='ltr'>rum,</span> <span class='ocrx_word' id='word_1_192' title='bbox 349 2696 487 2739; x_wconf 85' lang='lat' dir='ltr'>locoru</span> <span class='ocrx_word' id='word_1_193' title='bbox 495 2699 588 2748; x_wconf 84' lang='lat' dir='ltr'>m,&amp;</span> <span class='ocrx_word' id='word_1_194' title='bbox 601 2698 865 2742; x_wconf 84' lang='lat' dir='ltr'>Personarum</span> <span class='ocrx_word' id='word_1_195' title='bbox 879 2699 1139 2753; x_wconf 83' lang='lat' dir='ltr'>qualitatibus</span> <span class='ocrx_word' id='word_1_196' title='bbox 1156 2712 1239 2740; x_wconf 87' lang='lat' dir='ltr'>ma-</span> 
     </span>
     <span class='ocr_line' id='line_1_37' title="bbox 229 2755 1236 2813; baseline 0.003 -18"><span class='ocrx_word' id='word_1_197' title='bbox 229 2755 321 2796; x_wconf 75' lang='lat' dir='ltr'>ture</span> <span class='ocrx_word' id='word_1_198' title='bbox 339 2756 553 2807; x_wconf 77' lang='lat' dir='ltr'>perpensis,</span> <span class='ocrx_word' id='word_1_199' title='bbox 568 2757 616 2797; x_wconf 90' lang='lat' dir='ltr'>ad</span> <span class='ocrx_word' id='word_1_200' title='bbox 635 2758 933 2812; x_wconf 84' lang='lat' dir='ltr'>Omnipotentis</span> <span class='ocrx_word' id='word_1_201' title='bbox 951 2758 1025 2798; x_wconf 86' lang='lat' dir='ltr'>Dei</span> <span class='ocrx_word' id='word_1_202' title='bbox 1043 2758 1236 2813; x_wconf 84' lang='lat' dir='ltr'>gloriam,</span> 
     </span>
     <span class='ocr_line' id='line_1_38' title="bbox 229 2811 1239 2871; baseline 0.005 -17"><span class='ocrx_word' id='word_1_203' title='bbox 229 2815 271 2854; x_wconf 73' lang='grc' dir='ltr'>δε</span> <span class='ocrx_word' id='word_1_204' title='bbox 290 2811 512 2871; x_wconf 72' lang='lat' dir='ltr'>Religionis</span> <span class='ocrx_word' id='word_1_205' title='bbox 539 2813 857 2865; x_wconf 82' lang='lat' dir='ltr'>incrementum,</span> <span class='ocrx_word' id='word_1_206' title='bbox 884 2825 1005 2870; x_wconf 89' lang='lat' dir='ltr'>atque</span> <span class='ocrx_word' id='word_1_207' title='bbox 1032 2816 1239 2858; x_wconf 56' lang='lat' dir='ltr'>salutem</span> 
     </span>
     <span class='ocr_line' id='line_1_39' title="bbox 230 2868 1235 2924; baseline 0.001 -13"><span class='ocrx_word' id='word_1_208' title='bbox 230 2870 467 2914; x_wconf 81' lang='lat' dir='ltr'>Animarum</span> <span class='ocrx_word' id='word_1_209' title='bbox 493 2868 682 2924; x_wconf 84' lang='lat' dir='ltr'>expedire</span> <span class='ocrx_word' id='word_1_210' title='bbox 707 2874 746 2911; x_wconf 85' lang='lat' dir='ltr'>in</span> <span class='ocrx_word' id='word_1_211' title='bbox 772 2871 948 2913; x_wconf 85' lang='lat' dir='ltr'>Domino</span> <span class='ocrx_word' id='word_1_212' title='bbox 964 2875 1235 2914; x_wconf 79' lang='lat' dir='ltr'>arbitramur.</span> 
     </span>
     <span class='ocr_line' id='line_1_40' title="bbox 287 2925 1238 2982; baseline -0.001 -12"><span class='ocrx_word' id='word_1_213' title='bbox 287 2927 465 2970; x_wconf 86' lang='lat' dir='ltr'>Nomine</span> <span class='ocrx_word' id='word_1_214' title='bbox 481 2925 671 2982; x_wconf 82' lang='lat' dir='ltr'>liquidem</span> <span class='ocrx_word' id='word_1_215' title='bbox 685 2927 908 2970; x_wconf 84' lang='lat' dir='ltr'>Chariffimi</span> <span class='ocrx_word' id='word_1_216' title='bbox 924 2930 961 2970; x_wconf 88' lang='lat' dir='ltr'>in</span> <span class='ocrx_word' id='word_1_217' title='bbox 972 2932 1135 2972; x_wconf 83' lang='lat' dir='ltr'>Christo</span> <span class='ocrx_word' id='word_1_218' title='bbox 1147 2930 1238 2971; x_wconf 83' lang='lat' dir='ltr'>Filii</span> 
     </span>
     <span class='ocr_line' id='line_1_41' title="bbox 229 2984 1239 3039; baseline -0.003 -10"><span class='ocrx_word' id='word_1_219' title='bbox 229 2986 367 3036; x_wconf 81' lang='lat' dir='ltr'>Nostri</span> <span class='ocrx_word' id='word_1_220' title='bbox 381 2984 578 3037; x_wconf 84' lang='lat' dir='ltr'>Ludovici</span> <span class='ocrx_word' id='word_1_221' title='bbox 592 2987 835 3027; x_wconf 85' lang='lat' dir='ltr'>Francorum</span> <span class='ocrx_word' id='word_1_222' title='bbox 853 2985 974 3039; x_wconf 88' lang='lat' dir='ltr'>Regis</span> <span class='ocrx_word' id='word_1_223' title='bbox 988 2984 1239 3027; x_wconf 85' lang='lat' dir='ltr'>Christianis-</span> 
     </span>
     <span class='ocr_line' id='line_1_42' title="bbox 230 3040 1239 3098; baseline -0.005 -11"><span class='ocrx_word' id='word_1_224' title='bbox 230 3045 314 3087; x_wconf 75' lang='lat' dir='ltr'>fimi</span> <span class='ocrx_word' id='word_1_225' title='bbox 332 3045 461 3088; x_wconf 87' lang='lat' dir='ltr'>Nobis</span> <span class='ocrx_word' id='word_1_226' title='bbox 477 3040 601 3097; x_wconf 86' lang='lat' dir='ltr'>nuper</span> <span class='ocrx_word' id='word_1_227' title='bbox 618 3044 836 3098; x_wconf 79' lang='lat' dir='ltr'>expolitum</span> <span class='ocrx_word' id='word_1_228' title='bbox 852 3042 926 3085; x_wconf 76' lang='lat' dir='ltr'>fuit</span> <span class='ocrx_word' id='word_1_229' title='bbox 943 3073 954 3092; x_wconf 83' lang='lat'>,</span> <span class='ocrx_word' id='word_1_230' title='bbox 978 3043 1085 3098; x_wconf 90' lang='lat' dir='ltr'>quod</span> <span class='ocrx_word' id='word_1_231' title='bbox 1106 3070 1120 3092; x_wconf 81' lang='lat'>,</span> <span class='ocrx_word' id='word_1_232' title='bbox 1146 3055 1239 3083; x_wconf 87' lang='lat' dir='ltr'>cum</span> 
     </span>
     <span class='ocr_line' id='line_1_43' title="bbox 228 3101 1239 3153; baseline -0.008 -4"><span class='ocrx_word' id='word_1_233' title='bbox 228 3103 442 3148; x_wconf 82' lang='lat' dir='ltr'>Provincia</span> <span class='ocrx_word' id='word_1_234' title='bbox 470 3102 668 3144; x_wconf 78' lang='lat' dir='ltr'>Helvetia:</span> <span class='ocrx_word' id='word_1_235' title='bbox 682 3130 695 3153; x_wconf 86' lang='lat'>,</span> <span class='ocrx_word' id='word_1_236' title='bbox 710 3101 874 3144; x_wconf 85' lang='lat' dir='ltr'>Ordinis</span> <span class='ocrx_word' id='word_1_237' title='bbox 890 3103 1076 3142; x_wconf 81' lang='lat' dir='ltr'>Fratrum</span> <span class='ocrx_word' id='word_1_238' title='bbox 1103 3101 1239 3142; x_wconf 84' lang='lat' dir='ltr'>Mino-</span> 
     </span>
     <span class='ocr_line' id='line_1_44' title="bbox 228 3161 1241 3216; baseline -0.006 -11"><span class='ocrx_word' id='word_1_239' title='bbox 228 3177 321 3205; x_wconf 85' lang='lat' dir='ltr'>rum</span> <span class='ocrx_word' id='word_1_240' title='bbox 337 3161 577 3205; x_wconf 76' lang='lat' dir='ltr'>§.Francisci</span> <span class='ocrx_word' id='word_1_241' title='bbox 592 3163 893 3216; x_wconf 89' lang='lat' dir='ltr'>Capucinorum</span> <span class='ocrx_word' id='word_1_242' title='bbox 905 3171 1241 3215; x_wconf 84' lang='lat' dir='ltr'>nuncupatorum,</span> 
     </span>
     <span class='ocr_line' id='line_1_45' title="bbox 232 3218 1242 3277; baseline -0.006 -14"><span class='ocrx_word' id='word_1_243' title='bbox 232 3235 317 3277; x_wconf 87' lang='lat' dir='ltr'>quae</span> <span class='ocrx_word' id='word_1_244' title='bbox 328 3218 608 3269; x_wconf 82' lang='lat' dir='ltr'>Conventibus</span> <span class='ocrx_word' id='word_1_245' title='bbox 626 3220 743 3261; x_wconf 88' lang='lat' dir='ltr'>variis</span> <span class='ocrx_word' id='word_1_246' title='bbox 760 3218 1034 3260; x_wconf 87' lang='lat' dir='ltr'>inDitionibus</span> <span class='ocrx_word' id='word_1_247' title='bbox 1051 3219 1130 3259; x_wconf 86' lang='lat' dir='ltr'>fitis</span> <span class='ocrx_word' id='word_1_248' title='bbox 1148 3231 1242 3258; x_wconf 91' lang='lat' dir='ltr'>con-</span> 
     </span>
     <span class='ocr_line' id='line_1_46' title="bbox 233 3275 1241 3330; baseline -0.005 -10"><span class='ocrx_word' id='word_1_249' title='bbox 233 3279 378 3329; x_wconf 85' lang='lat' dir='ltr'>stabat,</span> <span class='ocrx_word' id='word_1_250' title='bbox 391 3278 496 3319; x_wconf 85' lang='lat' dir='ltr'>inter</span> <span class='ocrx_word' id='word_1_251' title='bbox 511 3277 608 3319; x_wconf 86' lang='lat' dir='ltr'>alios</span> <span class='ocrx_word' id='word_1_252' title='bbox 625 3282 862 3320; x_wconf 85' lang='lat' dir='ltr'>Conventus</span> <span class='ocrx_word' id='word_1_253' title='bbox 879 3275 1241 3330; x_wconf 83' lang='lat' dir='ltr'>hujusmodi,etiam</span> 
     </span>
     <span class='ocr_line' id='line_1_47' title="bbox 235 3332 1241 3390; baseline -0.005 -11"><span class='ocrx_word' id='word_1_254' title='bbox 235 3337 326 3379; x_wconf 87' lang='lat' dir='ltr'>illos</span> <span class='ocrx_word' id='word_1_255' title='bbox 357 3336 719 3390; x_wconf 65' lang='lat' dir='ltr'>complecteretur,</span> <span class='ocrx_word' id='word_1_256' title='bbox 746 3334 813 3390; x_wconf 82' lang='lat' dir='ltr'>qui</span> <span class='ocrx_word' id='word_1_257' title='bbox 841 3335 877 3374; x_wconf 90' lang='lat' dir='ltr'>in</span> <span class='ocrx_word' id='word_1_258' title='bbox 904 3332 1056 3377; x_wconf 79' lang='lat' dir='ltr'>Al&#39;satia</span> <span class='ocrx_word' id='word_1_259' title='bbox 1073 3363 1087 3385; x_wconf 90' lang='lat'>,</span> <span class='ocrx_word' id='word_1_260' title='bbox 1109 3334 1241 3375; x_wconf 89' lang='lat' dir='ltr'>domi·</span> 
     </span>
     <span class='ocr_line' id='line_1_48' title="bbox 235 3390 1239 3449; baseline -0.007 -12"><span class='ocrx_word' id='word_1_261' title='bbox 235 3396 303 3437; x_wconf 83' lang='lat' dir='ltr'>nio</span> <span class='ocrx_word' id='word_1_262' title='bbox 332 3391 507 3449; x_wconf 83' lang='lat' dir='ltr'>ejusdem</span> <span class='ocrx_word' id='word_1_263' title='bbox 544 3394 738 3437; x_wconf 86' lang='lat' dir='ltr'>Ludovici</span> <span class='ocrx_word' id='word_1_264' title='bbox 770 3394 896 3447; x_wconf 87' lang='lat' dir='ltr'>Regis</span> <span class='ocrx_word' id='word_1_265' title='bbox 929 3390 1239 3436; x_wconf 80' lang='lat' dir='ltr'>Christianiffimi</span> 
     </span>
     <span class='ocr_line' id='line_1_49' title="bbox 235 3450 1241 3508; baseline -0.003 -14"><span class='ocrx_word' id='word_1_266' title='bbox 235 3451 394 3495; x_wconf 86' lang='lat' dir='ltr'>subsunt</span> <span class='ocrx_word' id='word_1_267' title='bbox 410 3482 424 3503; x_wconf 92' lang='lat'>,</span> <span class='ocrx_word' id='word_1_268' title='bbox 440 3450 687 3508; x_wconf 55' lang='lat' dir='ltr'>*multiplicia</span> <span class='ocrx_word' id='word_1_269' title='bbox 705 3451 918 3493; x_wconf 76' lang='lat' dir='ltr'>incomoda</span> <span class='ocrx_word' id='word_1_270' title='bbox 933 3477 947 3496; x_wconf 66' lang='lat' dir='ltr'>a</span> <span class='ocrx_word' id='word_1_271' title='bbox 976 3450 1241 3492; x_wconf 87' lang='lat' dir='ltr'>detrimenta-</span> 
     </span>
     <span class='ocr_line' id='line_1_50' title="bbox 238 3509 1240 3566; baseline -0.005 -13"><span class='ocrx_word' id='word_1_272' title='bbox 238 3523 316 3561; x_wconf 79' lang='lat' dir='ltr'>que</span> <span class='ocrx_word' id='word_1_273' title='bbox 331 3511 498 3566; x_wconf 83' lang='lat' dir='ltr'>praefatis</span> <span class='ocrx_word' id='word_1_274' title='bbox 514 3512 793 3553; x_wconf 88' lang='lat' dir='ltr'>Conventibus</span> <span class='ocrx_word' id='word_1_275' title='bbox 809 3509 966 3551; x_wconf 85' lang='lat' dir='ltr'>Alsatiae</span> <span class='ocrx_word' id='word_1_276' title='bbox 982 3538 996 3560; x_wconf 87' lang='lat'>,</span> <span class='ocrx_word' id='word_1_277' title='bbox 1020 3522 1240 3564; x_wconf 89' lang='lat' dir='ltr'>eorumque</span> 
     </span>
     <span class='ocr_line' id='line_1_51' title="bbox 240 3566 1239 3622; baseline -0.002 -14"><span class='ocrx_word' id='word_1_278' title='bbox 240 3568 442 3617; x_wconf 66' lang='lat' dir='ltr'>fratribus</span> <span class='ocrx_word' id='word_1_279' title='bbox 461 3580 578 3611; x_wconf 85' lang='lat' dir='ltr'>enata</span> <span class='ocrx_word' id='word_1_280' title='bbox 605 3566 787 3619; x_wconf 79' lang='lat' dir='ltr'>fuissent,</span> <span class='ocrx_word' id='word_1_281' title='bbox 813 3582 859 3610; x_wconf 90' lang='lat' dir='ltr'>ac</span> <span class='ocrx_word' id='word_1_282' title='bbox 887 3567 1053 3622; x_wconf 88' lang='lat' dir='ltr'>proinde</span> <span class='ocrx_word' id='word_1_283' title='bbox 1083 3571 1239 3610; x_wconf 82' lang='lat' dir='ltr'>Fratres</span> 
     </span>
     <span class='ocr_line' id='line_1_52' title="bbox 238 3623 1240 3682; baseline 0 -17"><span class='ocrx_word' id='word_1_284' title='bbox 238 3623 393 3680; x_wconf 79' lang='lat' dir='ltr'>praefati</span> <span class='ocrx_word' id='word_1_285' title='bbox 419 3627 660 3670; x_wconf 84' lang='lat' dir='ltr'>Definitorio</span> <span class='ocrx_word' id='word_1_286' title='bbox 674 3627 856 3682; x_wconf 82' lang='lat' dir='ltr'>Capituli</span> <span class='ocrx_word' id='word_1_287' title='bbox 871 3626 1083 3669; x_wconf 88' lang='lat' dir='ltr'>Generalis</span> <span class='ocrx_word' id='word_1_288' title='bbox 1111 3626 1147 3666; x_wconf 91' lang='lat' dir='ltr'>in</span> <span class='ocrx_word' id='word_1_289' title='bbox 1167 3625 1240 3666; x_wconf 87' lang='lat' dir='ltr'>Al-</span> 
     </span>
     <span class='ocr_line' id='line_1_53' title="bbox 240 3682 1244 3738; baseline 0 -15"><span class='ocrx_word' id='word_1_290' title='bbox 240 3698 301 3723; x_wconf 86' lang='lat' dir='ltr'>ma</span> <span class='ocrx_word' id='word_1_291' title='bbox 322 3684 431 3726; x_wconf 89' lang='lat' dir='ltr'>Urbe</span> <span class='ocrx_word' id='word_1_292' title='bbox 450 3687 579 3728; x_wconf 80' lang='lat' dir='ltr'>nostra</span> <span class='ocrx_word' id='word_1_293' title='bbox 603 3686 804 3729; x_wconf 74' lang='lat' dir='ltr'>noviffime</span> <span class='ocrx_word' id='word_1_294' title='bbox 827 3685 1016 3727; x_wconf 88' lang='lat' dir='ltr'>celebrati</span> <span class='ocrx_word' id='word_1_295' title='bbox 1043 3682 1244 3738; x_wconf 80' lang='lat' dir='ltr'>exposuis-</span> 
     </span>
     <span class='ocr_line' id='line_1_54' title="bbox 233 3740 1241 3800; baseline 0.002 -18"><span class='ocrx_word' id='word_1_296' title='bbox 233 3740 322 3786; x_wconf 88' lang='lat' dir='ltr'>sent</span> <span class='ocrx_word' id='word_1_297' title='bbox 339 3768 353 3791; x_wconf 88' lang='lat'>,</span> <span class='ocrx_word' id='word_1_298' title='bbox 382 3742 538 3785; x_wconf 90' lang='lat' dir='ltr'>nullum</span> <span class='ocrx_word' id='word_1_299' title='bbox 552 3745 659 3789; x_wconf 87' lang='lat' dir='ltr'>aliud</span> <span class='ocrx_word' id='word_1_300' title='bbox 675 3743 874 3793; x_wconf 73' lang='lat' dir='ltr'>efficacius</span> <span class='ocrx_word' id='word_1_301' title='bbox 890 3742 1112 3800; x_wconf 86' lang='lat' dir='ltr'>hujusmodi</span> <span class='ocrx_word' id='word_1_302' title='bbox 1127 3742 1241 3797; x_wconf 80' lang='lat' dir='ltr'>dam-¹</span> 
     </span>
    </p>
   </div>
   <div class='ocr_carea' id='block_1_11' title="bbox 1299 300 2323 3851">
    <p class='ocr_par' dir='ltr' id='par_1_12' title="bbox 1305 300 2323 1289">
     <span class='ocr_line' id='line_1_55' title="bbox 1328 300 2323 357; baseline 0.004 -12"><span class='ocrx_word' id='word_1_303' title='bbox 1328 306 1388 346; x_wconf 86' lang='lat' dir='ltr'>nis</span> <span class='ocrx_word' id='word_1_304' title='bbox 1417 300 1655 351; x_wconf 85' lang='lat' dir='ltr'>sarciendis,</span> <span class='ocrx_word' id='word_1_305' title='bbox 1677 300 1840 356; x_wconf 71' lang='lat' dir='ltr'>aliilqtie‘</span> <span class='ocrx_word' id='word_1_306' title='bbox 1856 301 2110 357; x_wconf 74' lang='lat' dir='ltr'>imposterum</span> <span class='ocrx_word' id='word_1_307' title='bbox 2135 319 2323 355; x_wconf 63' lang='lat' dir='ltr'>averten-v</span> 
     </span>
     <span class='ocr_line' id='line_1_56' title="bbox 1316 357 2316 419; baseline 0 -15"><span class='ocrx_word' id='word_1_308' title='bbox 1316 362 1378 403; x_wconf 90' lang='lat' dir='ltr'>dis</span> <span class='ocrx_word' id='word_1_309' title='bbox 1403 362 1622 404; x_wconf 89' lang='lat' dir='ltr'>remedium</span> <span class='ocrx_word' id='word_1_310' title='bbox 1638 357 1873 412; x_wconf 84' lang='lat' dir='ltr'>suppetere,</span> <span class='ocrx_word' id='word_1_311' title='bbox 1890 364 2157 418; x_wconf 68' lang='lat' dir='ltr'>quam-,quod</span> <span class='ocrx_word' id='word_1_312' title='bbox 2179 370 2316 419; x_wconf 63' lang='lat' dir='ltr'>pr-aedi,</span> 
     </span>
     <span class='ocr_line' id='line_1_57' title="bbox 1317 416 2319 465; baseline 0.003 -4"><span class='ocrx_word' id='word_1_313' title='bbox 1317 422 1367 461; x_wconf 77' lang='lat' dir='ltr'>c&#39;ti</span> <span class='ocrx_word' id='word_1_314' title='bbox 1386 423 1621 463; x_wconf 82' lang='lat' dir='ltr'>Conventus</span> <span class='ocrx_word' id='word_1_315' title='bbox 1636 416 1794 459; x_wconf 77' lang='lat' dir='ltr'>Alsatiae</span> <span class='ocrx_word' id='word_1_316' title='bbox 1810 432 1887 459; x_wconf 90' lang='lat' dir='ltr'>non</span> <span class='ocrx_word' id='word_1_317' title='bbox 1909 420 2034 464; x_wconf 76' lang='lat' dir='ltr'>modo</span> <span class='ocrx_word' id='word_1_318' title='bbox 2060 423 2109 462; x_wconf 87' lang='lat' dir='ltr'>ab</span> <span class='ocrx_word' id='word_1_319' title='bbox 2133 423 2319 465; x_wconf 84' lang='lat' dir='ltr'>Helveti-</span> 
     </span>
     <span class='ocr_line' id='line_1_58' title="bbox 1315 476 2317 536; baseline 0.003 -17"><span class='ocrx_word' id='word_1_320' title='bbox 1315 479 1372 519; x_wconf 92' lang='lat' dir='ltr'>cis</span> <span class='ocrx_word' id='word_1_321' title='bbox 1388 478 1508 536; x_wconf 75' lang='lat' dir='ltr'>plene</span> <span class='ocrx_word' id='word_1_322' title='bbox 1533 476 1860 531; x_wconf 79' lang='lat' dir='ltr'>segregarentur,</span> <span class='ocrx_word' id='word_1_323' title='bbox 1884 476 1950 520; x_wconf 93' lang='lat' dir='ltr'>sed</span> <span class='ocrx_word' id='word_1_324' title='bbox 1972 481 2092 521; x_wconf 86' lang='lat' dir='ltr'>etiam</span> <span class='ocrx_word' id='word_1_325' title='bbox 2116 480 2156 520; x_wconf 88' lang='lat' dir='ltr'>in</span> <span class='ocrx_word' id='word_1_326' title='bbox 2177 494 2317 522; x_wconf 86' lang='lat' dir='ltr'>novam</span> 
     </span>
     <span class='ocr_line' id='line_1_59' title="bbox 1315 534 2317 591; baseline 0.002 -13"><span class='ocrx_word' id='word_1_327' title='bbox 1315 536 1573 579; x_wconf 88' lang='lat' dir='ltr'>Provinciam</span> <span class='ocrx_word' id='word_1_328' title='bbox 1599 534 1875 590; x_wconf 85' lang='lat' dir='ltr'>erigerentur.</span> <span class='ocrx_word' id='word_1_329' title='bbox 1909 535 2190 581; x_wconf 88' lang='lat' dir='ltr'>Definitorium</span> <span class='ocrx_word' id='word_1_330' title='bbox 2217 552 2317 591; x_wconf 88' lang='lat' dir='ltr'>ergo</span> 
     </span>
     <span class='ocr_line' id='line_1_60' title="bbox 1313 591 2317 651; baseline 0.002 -15"><span class='ocrx_word' id='word_1_331' title='bbox 1313 591 1464 649; x_wconf 84' lang='lat' dir='ltr'>praefati</span> <span class='ocrx_word' id='word_1_332' title='bbox 1480 592 1889 648; x_wconf 83' lang='lat' dir='ltr'>CapituliGeneralis</span> <span class='ocrx_word' id='word_1_333' title='bbox 1910 593 1976 636; x_wconf 90' lang='lat' dir='ltr'>die</span> <span class='ocrx_word' id='word_1_334' title='bbox 1994 609 2088 639; x_wconf 81' lang='lat' dir='ltr'>xxv.</span> <span class='ocrx_word' id='word_1_335' title='bbox 2110 597 2215 651; x_wconf 91' lang='lat' dir='ltr'>Junii</span> <span class='ocrx_word' id='word_1_336' title='bbox 2232 599 2317 638; x_wconf 83' lang='lat' dir='ltr'>An-</span> 
     </span>
     <span class='ocr_line' id='line_1_61' title="bbox 1311 648 2317 698; baseline 0.003 -5"><span class='ocrx_word' id='word_1_337' title='bbox 1311 666 1365 693; x_wconf 90' lang='lat' dir='ltr'>no</span> <span class='ocrx_word' id='word_1_338' title='bbox 1380 666 1554 695; x_wconf 76' lang='lat' dir='ltr'>moccv.</span> <span class='ocrx_word' id='word_1_339' title='bbox 1567 650 1744 696; x_wconf 78' lang='lat' dir='ltr'>censuit,</span> <span class='ocrx_word' id='word_1_340' title='bbox 1758 650 1798 694; x_wconf 88' lang='lat'>&amp;</span> <span class='ocrx_word' id='word_1_341' title='bbox 1811 648 2024 696; x_wconf 83' lang='lat' dir='ltr'>decrevit:</span> <span class='ocrx_word' id='word_1_342' title='bbox 2039 664 2084 697; x_wconf 91' lang='lat' dir='ltr'>ut</span> <span class='ocrx_word' id='word_1_343' title='bbox 2101 655 2196 698; x_wconf 70' lang='lat' dir='ltr'>dicti</span> <span class='ocrx_word' id='word_1_344' title='bbox 2207 658 2317 697; x_wconf 90' lang='lat' dir='ltr'>Con-</span> 
     </span>
     <span class='ocr_line' id='line_1_62' title="bbox 1310 702 2313 763; baseline 0.006 -14"><span class='ocrx_word' id='word_1_345' title='bbox 1310 717 1457 753; x_wconf 85' lang='lat' dir='ltr'>ventus</span> <span class='ocrx_word' id='word_1_346' title='bbox 1482 708 1643 751; x_wconf 83' lang='lat' dir='ltr'>Alsatiae</span> <span class='ocrx_word' id='word_1_347' title='bbox 1656 708 1706 751; x_wconf 86' lang='lat' dir='ltr'>ab</span> <span class='ocrx_word' id='word_1_348' title='bbox 1723 702 1800 763; x_wconf 80' lang='lat' dir='ltr'>ipsa</span> <span class='ocrx_word' id='word_1_349' title='bbox 1827 709 2039 754; x_wconf 86' lang='lat' dir='ltr'>Provincia</span> <span class='ocrx_word' id='word_1_350' title='bbox 2066 712 2313 755; x_wconf 48' lang='lat' dir='ltr'>Helveticae·</span> 
     </span>
     <span class='ocr_line' id='line_1_63' title="bbox 1309 764 2313 828; baseline 0.005 -20"><span class='ocrx_word' id='word_1_351' title='bbox 1309 767 1466 822; x_wconf 87' lang='lat' dir='ltr'>penitus</span> <span class='ocrx_word' id='word_1_352' title='bbox 1492 767 1530 806; x_wconf 91' lang='lat'>&amp;</span> <span class='ocrx_word' id='word_1_353' title='bbox 1559 767 1744 810; x_wconf 80' lang='lat' dir='ltr'>totaliter</span> <span class='ocrx_word' id='word_1_354' title='bbox 1764 764 2022 821; x_wconf 84' lang='lat' dir='ltr'>separentur,</span> <span class='ocrx_word' id='word_1_355' title='bbox 2049 785 2094 812; x_wconf 90' lang='lat' dir='ltr'>ac</span> <span class='ocrx_word' id='word_1_356' title='bbox 2122 781 2313 828; x_wconf 84' lang='lat' dir='ltr'>tanquam</span> 
     </span>
     <span class='ocr_line' id='line_1_64' title="bbox 1309 824 2314 884; baseline 0.003 -16"><span class='ocrx_word' id='word_1_357' title='bbox 1309 824 1500 868; x_wconf 83' lang='lat' dir='ltr'>Custodia</span> <span class='ocrx_word' id='word_1_358' title='bbox 1525 827 1545 864; x_wconf 78' lang='lat' dir='ltr'>a</span> <span class='ocrx_word' id='word_1_359' title='bbox 1575 824 1787 867; x_wconf 77' lang='lat' dir='ltr'>Provincia</span> <span class='ocrx_word' id='word_1_360' title='bbox 1804 824 2018 869; x_wconf 86' lang='lat' dir='ltr'>Helvetica</span> <span class='ocrx_word' id='word_1_361' title='bbox 2033 828 2314 884; x_wconf 80' lang='lat' dir='ltr'>independens</span> 
     </span>
     <span class='ocr_line' id='line_1_65' title="bbox 1310 881 2315 941; baseline 0.005 -17"><span class='ocrx_word' id='word_1_362' title='bbox 1310 891 1499 941; x_wconf 88' lang='lat' dir='ltr'>protunc</span> <span class='ocrx_word' id='word_1_363' title='bbox 1517 910 1530 932; x_wconf 95' lang='lat'>,</span> <span class='ocrx_word' id='word_1_364' title='bbox 1545 881 1673 924; x_wconf 83' lang='lat' dir='ltr'>donec</span> <span class='ocrx_word' id='word_1_365' title='bbox 1689 881 1948 924; x_wconf 75' lang='lat' dir='ltr'>sufficientem</span> <span class='ocrx_word' id='word_1_366' title='bbox 1962 913 1978 934; x_wconf 89' lang='lat'>,</span> <span class='ocrx_word' id='word_1_367' title='bbox 2001 886 2038 925; x_wconf 88' lang='lat'>&amp;</span> <span class='ocrx_word' id='word_1_368' title='bbox 2056 884 2315 929; x_wconf 71' lang='lat' dir='ltr'>necessarium</span> 
     </span>
     <span class='ocr_line' id='line_1_66' title="bbox 1308 942 2315 992; baseline 0.003 -9"><span class='ocrx_word' id='word_1_369' title='bbox 1308 944 1497 985; x_wconf 81' lang='lat' dir='ltr'>Fratrum</span> <span class='ocrx_word' id='word_1_370' title='bbox 1514 969 1526 988; x_wconf 79' lang='lat'><em>‚</em></span> <span class='ocrx_word' id='word_1_371' title='bbox 1550 942 1589 982; x_wconf 75' lang='grc' dir='ltr'>δι</span> <span class='ocrx_word' id='word_1_372' title='bbox 1603 943 1893 983; x_wconf 82' lang='lat' dir='ltr'>conventuum</span> <span class='ocrx_word' id='word_1_373' title='bbox 1909 956 2116 986; x_wconf 88' lang='lat' dir='ltr'>numerum</span> <span class='ocrx_word' id='word_1_374' title='bbox 2132 944 2315 992; x_wconf 81' lang='lat' dir='ltr'>haberet,</span> 
     </span>
     <span class='ocr_line' id='line_1_67' title="bbox 1305 998 2320 1056; baseline 0.004 -16"><span class='ocrx_word' id='word_1_375' title='bbox 1305 998 1378 1040; x_wconf 86' lang='lat' dir='ltr'>soli</span> <span class='ocrx_word' id='word_1_376' title='bbox 1394 998 1769 1041; x_wconf 85' lang='lat' dir='ltr'>MinistroGenerali</span> <span class='ocrx_word' id='word_1_377' title='bbox 1785 998 2130 1055; x_wconf 82' lang='lat' dir='ltr'>ejusdemOrdinis</span> <span class='ocrx_word' id='word_1_378' title='bbox 2147 1002 2320 1056; x_wconf 81' lang='lat' dir='ltr'>subjace-</span> 
     </span>
     <span class='ocr_line' id='line_1_68' title="bbox 1305 1057 2319 1112; baseline 0.002 -12"><span class='ocrx_word' id='word_1_379' title='bbox 1305 1060 1428 1110; x_wconf 84' lang='lat' dir='ltr'>ret,&amp;</span> <span class='ocrx_word' id='word_1_380' title='bbox 1442 1057 1683 1112; x_wconf 74' lang='lat' dir='ltr'>alias,prout</span> <span class='ocrx_word' id='word_1_381' title='bbox 1701 1058 1738 1098; x_wconf 91' lang='lat' dir='ltr'>in</span> <span class='ocrx_word' id='word_1_382' title='bbox 1757 1060 1941 1102; x_wconf 89' lang='lat' dir='ltr'>Decreto</span> <span class='ocrx_word' id='word_1_383' title='bbox 1957 1057 2319 1102; x_wconf 82' lang='lat' dir='ltr'>DefinitoriiGene-</span> 
     </span>
     <span class='ocr_line' id='line_1_69' title="bbox 1306 1115 2316 1173; baseline 0.002 -15"><span class='ocrx_word' id='word_1_384' title='bbox 1306 1117 1402 1162; x_wconf 86' lang='lat' dir='ltr'>ralis</span> <span class='ocrx_word' id='word_1_385' title='bbox 1417 1116 1596 1173; x_wconf 77' lang='lat' dir='ltr'>Capituli</span> <span class='ocrx_word' id='word_1_386' title='bbox 1615 1115 1841 1173; x_wconf 85' lang='lat' dir='ltr'>hujusmodi</span> <span class='ocrx_word' id='word_1_387' title='bbox 1854 1117 2023 1172; x_wconf 89' lang='lat' dir='ltr'>desuper</span> <span class='ocrx_word' id='word_1_388' title='bbox 2047 1118 2158 1160; x_wconf 90' lang='lat' dir='ltr'>edito</span> <span class='ocrx_word' id='word_1_389' title='bbox 2171 1147 2185 1169; x_wconf 88' lang='lat'>,</span> <span class='ocrx_word' id='word_1_390' title='bbox 2200 1117 2316 1172; x_wconf 85' lang='lat' dir='ltr'>cujus</span> 
     </span>
     <span class='ocr_line' id='line_1_70' title="bbox 1306 1174 2317 1232; baseline 0 -14"><span class='ocrx_word' id='word_1_391' title='bbox 1306 1186 1490 1218; x_wconf 90' lang='lat' dir='ltr'>tenorem</span> <span class='ocrx_word' id='word_1_392' title='bbox 1508 1174 1763 1230; x_wconf 80' lang='lat' dir='ltr'>praesentibus</span> <span class='ocrx_word' id='word_1_393' title='bbox 1779 1190 1857 1229; x_wconf 89' lang='lat' dir='ltr'>pro</span> <span class='ocrx_word' id='word_1_394' title='bbox 1876 1177 1996 1232; x_wconf 76' lang='lat' dir='ltr'>plene</span> <span class='ocrx_word' id='word_1_395' title='bbox 2017 1181 2055 1219; x_wconf 88' lang='lat'>&amp;</span> <span class='ocrx_word' id='word_1_396' title='bbox 2076 1175 2317 1218; x_wconf 86' lang='lat' dir='ltr'>sufficienter</span> 
     </span>
     <span class='ocr_line' id='line_1_71' title="bbox 1306 1234 2318 1289; baseline -0.002 -12"><span class='ocrx_word' id='word_1_397' title='bbox 1306 1235 1488 1289; x_wconf 83' lang='lat' dir='ltr'>expresso</span> <span class='ocrx_word' id='word_1_398' title='bbox 1503 1234 1644 1276; x_wconf 88' lang='lat' dir='ltr'>haberi</span> <span class='ocrx_word' id='word_1_399' title='bbox 1663 1234 1846 1278; x_wconf 84' lang='lat' dir='ltr'>volumus</span> <span class='ocrx_word' id='word_1_400' title='bbox 1858 1265 1875 1287; x_wconf 90' lang='lat'>,</span> <span class='ocrx_word' id='word_1_401' title='bbox 1888 1236 2051 1278; x_wconf 78' lang='lat' dir='ltr'>uberius</span> <span class='ocrx_word' id='word_1_402' title='bbox 2077 1235 2318 1278; x_wconf 88' lang='lat' dir='ltr'>continetur.</span> 
     </span>
    </p>

    <p class='ocr_par' dir='ltr' id='par_1_13' title="bbox 1299 1292 2322 3388">
     <span class='ocr_line' id='line_1_72' title="bbox 1363 1292 2314 1351; baseline -0.001 -16"><span class='ocrx_word' id='word_1_403' title='bbox 1363 1295 1469 1335; x_wconf 89' lang='lat' dir='ltr'>Cum</span> <span class='ocrx_word' id='word_1_404' title='bbox 1483 1302 1617 1334; x_wconf 85' lang='lat' dir='ltr'>autem</span> <span class='ocrx_word' id='word_1_405' title='bbox 1633 1321 1647 1343; x_wconf 89' lang='lat'>,</span> <span class='ocrx_word' id='word_1_406' title='bbox 1664 1292 1764 1335; x_wconf 75' lang='lat' dir='ltr'>ficut</span> <span class='ocrx_word' id='word_1_407' title='bbox 1787 1293 1930 1339; x_wconf 86' lang='lat' dir='ltr'>eadem</span> <span class='ocrx_word' id='word_1_408' title='bbox 1944 1294 2141 1351; x_wconf 80' lang='lat' dir='ltr'>expolitio</span> <span class='ocrx_word' id='word_1_409' title='bbox 2156 1292 2314 1347; x_wconf 85' lang='lat' dir='ltr'>subjun-</span> 
     </span>
     <span class='ocr_line' id='line_1_73' title="bbox 1306 1349 2317 1409; baseline 0.001 -18"><span class='ocrx_word' id='word_1_410' title='bbox 1306 1351 1456 1408; x_wconf 80' lang='lat' dir='ltr'>gebat,</span> <span class='ocrx_word' id='word_1_411' title='bbox 1479 1365 1555 1406; x_wconf 84' lang='lat' dir='ltr'>per</span> <span class='ocrx_word' id='word_1_412' title='bbox 1574 1360 1804 1395; x_wconf 74' lang='lat' dir='ltr'>enarratam</span> <span class='ocrx_word' id='word_1_413' title='bbox 1821 1353 2087 1409; x_wconf 87' lang='lat' dir='ltr'>provifionem</span> <span class='ocrx_word' id='word_1_414' title='bbox 2113 1353 2134 1394; x_wconf 68' lang='lat' dir='ltr'>a</span> <span class='ocrx_word' id='word_1_415' title='bbox 2162 1349 2317 1394; x_wconf 86' lang='lat' dir='ltr'>Defini-</span> 
     </span>
     <span class='ocr_line' id='line_1_74' title="bbox 1307 1409 2317 1467; baseline -0.001 -16"><span class='ocrx_word' id='word_1_416' title='bbox 1307 1411 1416 1452; x_wconf 90' lang='lat' dir='ltr'>torio</span> <span class='ocrx_word' id='word_1_417' title='bbox 1430 1411 1641 1455; x_wconf 86' lang='lat' dir='ltr'>Generalis</span> <span class='ocrx_word' id='word_1_418' title='bbox 1671 1411 1852 1467; x_wconf 88' lang='lat' dir='ltr'>Capituli</span> <span class='ocrx_word' id='word_1_419' title='bbox 1880 1410 2128 1466; x_wconf 84' lang='lat' dir='ltr'>susceptam,</span> <span class='ocrx_word' id='word_1_420' title='bbox 2153 1409 2317 1452; x_wconf 62' lang='lat' dir='ltr'>minime</span> 
     </span>
     <span class='ocr_line' id='line_1_75' title="bbox 1305 1467 2319 1524; baseline 0 -13"><span class='ocrx_word' id='word_1_421' title='bbox 1305 1468 1450 1519; x_wconf 86' lang='lat' dir='ltr'>statui,</span> <span class='ocrx_word' id='word_1_422' title='bbox 1476 1470 1515 1510; x_wconf 73' lang='grc' dir='ltr'>δε</span> <span class='ocrx_word' id='word_1_423' title='bbox 1539 1467 1732 1523; x_wconf 73' lang='lat' dir='ltr'>religiosae</span> <span class='ocrx_word' id='word_1_424' title='bbox 1755 1470 2041 1524; x_wconf 87' lang='lat' dir='ltr'>tranquillitati</span> <span class='ocrx_word' id='word_1_425' title='bbox 2059 1468 2319 1523; x_wconf 63' lang='lat' dir='ltr'>praefatorum</span> 
     </span>
     <span class='ocr_line' id='line_1_76' title="bbox 1306 1525 2319 1582; baseline -0.004 -12"><span class='ocrx_word' id='word_1_426' title='bbox 1306 1529 1492 1570; x_wconf 82' lang='lat' dir='ltr'>Fratrum</span> <span class='ocrx_word' id='word_1_427' title='bbox 1505 1530 1545 1568; x_wconf 73' lang='grc' dir='ltr'>ἀ</span> <span class='ocrx_word' id='word_1_428' title='bbox 1557 1532 1850 1568; x_wconf 77' lang='lat' dir='ltr'>Conventuum</span> <span class='ocrx_word' id='word_1_429' title='bbox 1867 1527 2021 1570; x_wconf 72' lang='lat' dir='ltr'>Alsatiae</span> <span class='ocrx_word' id='word_1_430' title='bbox 2037 1525 2319 1582; x_wconf 87' lang='lat' dir='ltr'>usquequaque</span> 
     </span>
     <span class='ocr_line' id='line_1_77' title="bbox 1303 1581 2320 1640; baseline 0 -14"><span class='ocrx_word' id='word_1_431' title='bbox 1303 1581 1532 1627; x_wconf 82' lang='lat' dir='ltr'>consultum</span> <span class='ocrx_word' id='word_1_432' title='bbox 1561 1585 1633 1630; x_wconf 78' lang='lat' dir='ltr'>sit,</span> <span class='ocrx_word' id='word_1_433' title='bbox 1663 1582 1826 1640; x_wconf 84' lang='lat' dir='ltr'>praefata</span> <span class='ocrx_word' id='word_1_434' title='bbox 1852 1587 1950 1627; x_wconf 78' lang='lat' dir='ltr'>vero</span> <span class='ocrx_word' id='word_1_435' title='bbox 1972 1583 2168 1628; x_wconf 86' lang='lat' dir='ltr'>Custodia</span> <span class='ocrx_word' id='word_1_436' title='bbox 2191 1583 2320 1626; x_wconf 89' lang='lat' dir='ltr'>unde-</span> 
     </span>
     <span class='ocr_line' id='line_1_78' title="bbox 1302 1641 2320 1700; baseline -0.001 -15"><span class='ocrx_word' id='word_1_437' title='bbox 1302 1643 1381 1685; x_wconf 89' lang='lat' dir='ltr'>cim</span> <span class='ocrx_word' id='word_1_438' title='bbox 1395 1641 1443 1682; x_wconf 81' lang='lat' dir='ltr'>ad</span> <span class='ocrx_word' id='word_1_439' title='bbox 1460 1641 1630 1696; x_wconf 84' lang='lat' dir='ltr'>praesens</span> <span class='ocrx_word' id='word_1_440' title='bbox 1649 1645 1893 1685; x_wconf 90' lang='lat' dir='ltr'>Conventus</span> <span class='ocrx_word' id='word_1_441' title='bbox 1907 1672 1920 1695; x_wconf 88' lang='lat'>,</span> <span class='ocrx_word' id='word_1_442' title='bbox 1942 1645 1981 1687; x_wconf 73' lang='grc' dir='ltr'>δι</span> <span class='ocrx_word' id='word_1_443' title='bbox 1995 1652 2170 1700; x_wconf 89' lang='lat' dir='ltr'>quatuor</span> <span class='ocrx_word' id='word_1_444' title='bbox 2186 1641 2320 1698; x_wconf 76' lang='lat' dir='ltr'>hospi·-</span> 
     </span>
     <span class='ocr_line' id='line_1_79' title="bbox 1302 1701 2320 1758; baseline 0.001 -16"><span class='ocrx_word' id='word_1_445' title='bbox 1302 1701 1453 1750; x_wconf 81' lang='lat' dir='ltr'>tia‚nee</span> <span class='ocrx_word' id='word_1_446' title='bbox 1469 1705 1796 1745; x_wconf 81' lang='lat' dir='ltr'>nonConventus</span> <span class='ocrx_word' id='word_1_447' title='bbox 1816 1702 1954 1758; x_wconf 74' lang='lat' dir='ltr'>singuli</span> <span class='ocrx_word' id='word_1_448' title='bbox 1969 1718 2043 1758; x_wconf 88' lang='lat' dir='ltr'>pro</span> <span class='ocrx_word' id='word_1_449' title='bbox 2057 1703 2230 1757; x_wconf 84' lang='lat' dir='ltr'>regulari</span> <span class='ocrx_word' id='word_1_450' title='bbox 2246 1702 2320 1743; x_wconf 88' lang='lat' dir='ltr'>ob-</span> 
     </span>
     <span class='ocr_line' id='line_1_80' title="bbox 1303 1757 2319 1818; baseline 0.001 -18"><span class='ocrx_word' id='word_1_451' title='bbox 1303 1757 1505 1803; x_wconf 70' lang='lat' dir='ltr'>servantia</span> <span class='ocrx_word' id='word_1_452' title='bbox 1526 1789 1542 1809; x_wconf 89' lang='lat'>,</span> <span class='ocrx_word' id='word_1_453' title='bbox 1577 1762 1614 1801; x_wconf 88' lang='lat'>&amp;</span> <span class='ocrx_word' id='word_1_454' title='bbox 1643 1758 1856 1816; x_wconf 68' lang='lat' dir='ltr'>disciplina</span> <span class='ocrx_word' id='word_1_455' title='bbox 1892 1761 2116 1818; x_wconf 85' lang='lat' dir='ltr'>Religiosos</span> <span class='ocrx_word' id='word_1_456' title='bbox 2149 1774 2319 1804; x_wconf 85' lang='lat' dir='ltr'>numero</span> 
     </span>
     <span class='ocr_line' id='line_1_81' title="bbox 1303 1817 2317 1876; baseline 0.002 -17"><span class='ocrx_word' id='word_1_457' title='bbox 1303 1817 1542 1861; x_wconf 85' lang='lat' dir='ltr'>sufficientes</span> <span class='ocrx_word' id='word_1_458' title='bbox 1560 1819 1751 1871; x_wconf 87' lang='lat' dir='ltr'>habeant,</span> <span class='ocrx_word' id='word_1_459' title='bbox 1765 1822 1864 1861; x_wconf 87' lang='lat' dir='ltr'>acin</span> <span class='ocrx_word' id='word_1_460' title='bbox 1882 1821 2038 1865; x_wconf 86' lang='lat' dir='ltr'>Ordine</span> <span class='ocrx_word' id='word_1_461' title='bbox 2055 1819 2218 1876; x_wconf 86' lang='lat' dir='ltr'>praefato</span> <span class='ocrx_word' id='word_1_462' title='bbox 2233 1819 2317 1874; x_wconf 89' lang='lat' dir='ltr'>plu·</span> 
     </span>
     <span class='ocr_line' id='line_1_82' title="bbox 1303 1877 2317 1936; baseline -0.001 -16"><span class='ocrx_word' id='word_1_463' title='bbox 1303 1892 1365 1920; x_wconf 90' lang='lat' dir='ltr'>res</span> <span class='ocrx_word' id='word_1_464' title='bbox 1398 1877 1659 1931; x_wconf 82' lang='lat' dir='ltr'>reperiantur</span> <span class='ocrx_word' id='word_1_465' title='bbox 1693 1878 1913 1922; x_wconf 74' lang='lat' dir='ltr'>Provinciae</span> <span class='ocrx_word' id='word_1_466' title='bbox 1933 1907 1946 1928; x_wconf 90' lang='lat'>,</span> <span class='ocrx_word' id='word_1_467' title='bbox 1979 1893 2146 1936; x_wconf 78' lang='lat' dir='ltr'>quarum</span> <span class='ocrx_word' id='word_1_468' title='bbox 2178 1880 2317 1934; x_wconf 78' lang='lat' dir='ltr'>aliqua:</span> 
     </span>
     <span class='ocr_line' id='line_1_83' title="bbox 1303 1936 2319 1992; baseline 0.001 -13"><span class='ocrx_word' id='word_1_469' title='bbox 1303 1937 1624 1990; x_wconf 19' lang='lat' dir='ltr'>minorirrquam</span> <span class='ocrx_word' id='word_1_470' title='bbox 1653 1936 1818 1992; x_wconf 81' lang='lat' dir='ltr'>praesato</span> <span class='ocrx_word' id='word_1_471' title='bbox 1842 1942 2128 1981; x_wconf 85' lang='lat' dir='ltr'>Conventuum</span> <span class='ocrx_word' id='word_1_472' title='bbox 2151 1951 2319 1980; x_wconf 88' lang='lat' dir='ltr'>nurnero</span> 
     </span>
     <span class='ocr_line' id='line_1_84' title="bbox 1301 1995 2318 2052; baseline 0.001 -17"><span class='ocrx_word' id='word_1_473' title='bbox 1301 1995 1629 2046; x_wconf 85' lang='lat' dir='ltr'>constituuntur,</span> <span class='ocrx_word' id='word_1_474' title='bbox 1659 1996 1833 2050; x_wconf 86' lang='lat' dir='ltr'>ideoque</span> <span class='ocrx_word' id='word_1_475' title='bbox 1859 2012 1907 2043; x_wconf 67' lang='lat' dir='ltr'>ex,</span> <span class='ocrx_word' id='word_1_476' title='bbox 1934 1996 2105 2052; x_wconf 75' lang='lat' dir='ltr'>praefatis</span> <span class='ocrx_word' id='word_1_477' title='bbox 2122 1996 2318 2051; x_wconf 88' lang='lat' dir='ltr'>Hospitiis</span> 
     </span>
     <span class='ocr_line' id='line_1_85' title="bbox 1301 2054 2320 2115; baseline 0 -18"><span class='ocrx_word' id='word_1_478' title='bbox 1301 2054 1539 2110; x_wconf 89' lang='lat' dir='ltr'>(utpote,in</span> <span class='ocrx_word' id='word_1_479' title='bbox 1556 2056 1699 2111; x_wconf 91' lang='lat' dir='ltr'>quibus</span> <span class='ocrx_word' id='word_1_480' title='bbox 1719 2055 1958 2099; x_wconf 84' lang='lat' dir='ltr'>sufficientes</span> <span class='ocrx_word' id='word_1_481' title='bbox 1978 2055 2169 2115; x_wconf 79' lang='lat' dir='ltr'>Religiost</span> <span class='ocrx_word' id='word_1_482' title='bbox 2196 2055 2320 2110; x_wconf 88' lang='lat' dir='ltr'>sunt)</span> 
     </span>
     <span class='ocr_line' id='line_1_86' title="bbox 1305 2112 2318 2171; baseline -0.001 -16"><span class='ocrx_word' id='word_1_483' title='bbox 1305 2112 1495 2156; x_wconf 83' lang='lat' dir='ltr'>formales</span> <span class='ocrx_word' id='word_1_484' title='bbox 1512 2117 1748 2166; x_wconf 85' lang='lat' dir='ltr'>Conventus</span> <span class='ocrx_word' id='word_1_485' title='bbox 1773 2116 1893 2158; x_wconf 85' lang='lat' dir='ltr'>facile</span> <span class='ocrx_word' id='word_1_486' title='bbox 1909 2118 2010 2171; x_wconf 89' lang='lat' dir='ltr'>erigi</span> <span class='ocrx_word' id='word_1_487' title='bbox 2029 2117 2188 2159; x_wconf 85' lang='lat' dir='ltr'>valeant</span> <span class='ocrx_word' id='word_1_488' title='bbox 2204 2128 2218 2168; x_wconf 81' lang='lat'>3</span> <span class='ocrx_word' id='word_1_489' title='bbox 2235 2117 2272 2155; x_wconf 74' lang='grc' dir='ltr'>ὅτ.</span> <span class='ocrx_word' id='word_1_490' title='bbox 2293 2112 2318 2154; x_wconf 88' lang='lat' dir='ltr'><strong>fi</strong></span> 
     </span>
     <span class='ocr_line' id='line_1_87' title="bbox 1307 2172 2318 2230; baseline 0 -16"><span class='ocrx_word' id='word_1_491' title='bbox 1307 2175 1467 2215; x_wconf 87' lang='lat' dir='ltr'>Fratres</span> <span class='ocrx_word' id='word_1_492' title='bbox 1491 2172 1657 2215; x_wconf 85' lang='lat' dir='ltr'>Helveti</span> <span class='ocrx_word' id='word_1_493' title='bbox 1681 2188 1768 2216; x_wconf 79' lang='lat' dir='ltr'>eam</span> <span class='ocrx_word' id='word_1_494' title='bbox 1784 2189 1916 2217; x_wconf 87' lang='lat' dir='ltr'>curam</span> <span class='ocrx_word' id='word_1_495' title='bbox 1933 2175 2188 2230; x_wconf 77' lang='lat' dir='ltr'>praefatorum</span> <span class='ocrx_word' id='word_1_496' title='bbox 2206 2178 2318 2215; x_wconf 85' lang='lat' dir='ltr'>Con-</span> 
     </span>
     <span class='ocr_line' id='line_1_88' title="bbox 1307 2230 2319 2289; baseline -0.004 -15"><span class='ocrx_word' id='word_1_497' title='bbox 1307 2241 1500 2274; x_wconf 85' lang='lat' dir='ltr'>ventuum</span> <span class='ocrx_word' id='word_1_498' title='bbox 1528 2230 1565 2274; x_wconf 88' lang='lat' dir='ltr'>in</span> <span class='ocrx_word' id='word_1_499' title='bbox 1595 2230 1750 2274; x_wconf 88' lang='lat' dir='ltr'>ditione</span> <span class='ocrx_word' id='word_1_500' title='bbox 1765 2232 1944 2289; x_wconf 87' lang='lat' dir='ltr'>ejusdem</span> <span class='ocrx_word' id='word_1_501' title='bbox 1962 2233 2161 2277; x_wconf 91' lang='lat' dir='ltr'>Ludovici</span> <span class='ocrx_word' id='word_1_502' title='bbox 2192 2230 2319 2285; x_wconf 86' lang='lat' dir='ltr'>Regis</span> 
     </span>
     <span class='ocr_line' id='line_1_89' title="bbox 1302 2287 2322 2342; baseline -0.004 -9"><span class='ocrx_word' id='word_1_503' title='bbox 1302 2288 1623 2333; x_wconf 83' lang='lat' dir='ltr'>Christianiffimi</span> <span class='ocrx_word' id='word_1_504' title='bbox 1640 2291 1959 2342; x_wconf 88' lang='lat' dir='ltr'>existentium,ac</span> <span class='ocrx_word' id='word_1_505' title='bbox 1975 2291 2209 2337; x_wconf 86' lang='lat' dir='ltr'>inHelvetia</span> <span class='ocrx_word' id='word_1_506' title='bbox 2224 2287 2322 2342; x_wconf 82' lang='lat' dir='ltr'>poli·</span> 
     </span>
     <span class='ocr_line' id='line_1_90' title="bbox 1303 2346 2316 2405; baseline 0 -17"><span class='ocrx_word' id='word_1_507' title='bbox 1303 2347 1398 2389; x_wconf 83' lang='lat' dir='ltr'>torii</span> <span class='ocrx_word' id='word_1_508' title='bbox 1415 2346 1626 2400; x_wconf 82' lang='lat' dir='ltr'>geffiflent,</span> <span class='ocrx_word' id='word_1_509' title='bbox 1642 2350 1764 2390; x_wconf 86' lang='lat' dir='ltr'>etiam</span> <span class='ocrx_word' id='word_1_510' title='bbox 1783 2351 1953 2392; x_wconf 88' lang='lat' dir='ltr'>antehac</span> <span class='ocrx_word' id='word_1_511' title='bbox 1970 2351 2068 2404; x_wconf 86' lang='lat' dir='ltr'>erigi</span> <span class='ocrx_word' id='word_1_512' title='bbox 2085 2347 2316 2405; x_wconf 75' lang='lat' dir='ltr'>potuissent:</span> 
     </span>
     <span class='ocr_line' id='line_1_91' title="bbox 1304 2405 2314 2463; baseline 0 -17"><span class='ocrx_word' id='word_1_513' title='bbox 1304 2406 1438 2458; x_wconf 91' lang='lat' dir='ltr'>hisque</span> <span class='ocrx_word' id='word_1_514' title='bbox 1452 2405 1636 2456; x_wconf 80' lang='lat' dir='ltr'>accedat,</span> <span class='ocrx_word' id='word_1_515' title='bbox 1653 2407 1763 2462; x_wconf 93' lang='lat' dir='ltr'>quod</span> <span class='ocrx_word' id='word_1_516' title='bbox 1778 2408 2013 2451; x_wconf 84' lang='lat' dir='ltr'>inCustodia</span> <span class='ocrx_word' id='word_1_517' title='bbox 2027 2407 2185 2463; x_wconf 79' lang='lat' dir='ltr'>praefata</span> <span class='ocrx_word' id='word_1_518' title='bbox 2202 2406 2314 2449; x_wconf 90' lang='lat' dir='ltr'>ultra</span> 
     </span>
     <span class='ocr_line' id='line_1_92' title="bbox 1303 2462 2318 2522; baseline 0.002 -19"><span class='ocrx_word' id='word_1_519' title='bbox 1303 2462 1589 2515; x_wconf 84' lang='lat' dir='ltr'>Novitiatum‚</span> <span class='ocrx_word' id='word_1_520' title='bbox 1617 2465 1684 2506; x_wconf 90' lang='lat' dir='ltr'>ubi</span> <span class='ocrx_word' id='word_1_521' title='bbox 1710 2462 2019 2522; x_wconf 85' lang='lat' dir='ltr'>quatuordecim</span> <span class='ocrx_word' id='word_1_522' title='bbox 2037 2465 2195 2510; x_wconf 83' lang='lat' dir='ltr'>Novitii</span> <span class='ocrx_word' id='word_1_523' title='bbox 2223 2470 2318 2507; x_wconf 57' lang='lat' dir='ltr'>con4</span> 
     </span>
     <span class='ocr_line' id='line_1_93' title="bbox 1301 2522 2318 2580; baseline 0.005 -15"><span class='ocrx_word' id='word_1_524' title='bbox 1301 2522 1417 2566; x_wconf 78' lang='lat' dir='ltr'>tinuo</span> <span class='ocrx_word' id='word_1_525' title='bbox 1434 2522 1633 2566; x_wconf 88' lang='lat' dir='ltr'>habentur</span> <span class='ocrx_word' id='word_1_526' title='bbox 1647 2551 1661 2573; x_wconf 86' lang='lat'>,</span> <span class='ocrx_word' id='word_1_527' title='bbox 1684 2537 1729 2565; x_wconf 89' lang='lat' dir='ltr'>ac</span> <span class='ocrx_word' id='word_1_528' title='bbox 1747 2539 1917 2579; x_wconf 89' lang='lat' dir='ltr'>quorum</span> <span class='ocrx_word' id='word_1_529' title='bbox 1934 2525 2123 2569; x_wconf 86' lang='lat' dir='ltr'>numerus</span> <span class='ocrx_word' id='word_1_530' title='bbox 2146 2535 2318 2580; x_wconf 48' lang='lat' dir='ltr'>augerer.</span> 
     </span>
     <span class='ocr_line' id='line_1_94' title="bbox 1301 2579 2317 2637; baseline -0.002 -12"><span class='ocrx_word' id='word_1_531' title='bbox 1301 2591 1394 2633; x_wconf 82' lang='lat' dir='ltr'>tur,</span> <span class='ocrx_word' id='word_1_532' title='bbox 1422 2579 1546 2635; x_wconf 85' lang='lat' dir='ltr'>fiper</span> <span class='ocrx_word' id='word_1_533' title='bbox 1574 2582 1798 2625; x_wconf 59' lang='lat' dir='ltr'>ministrum</span> <span class='ocrx_word' id='word_1_534' title='bbox 1821 2584 2120 2628; x_wconf 77' lang='lat' dir='ltr'>Provincialem</span> <span class='ocrx_word' id='word_1_535' title='bbox 2152 2594 2317 2637; x_wconf 49' lang='lat' dir='ltr'>regere*</span> 
     </span>
     <span class='ocr_line' id='line_1_95' title="bbox 1300 2639 2316 2700; baseline 0.002 -18"><span class='ocrx_word' id='word_1_536' title='bbox 1300 2650 1369 2682; x_wconf 90' lang='lat' dir='ltr'>tur</span> <span class='ocrx_word' id='word_1_537' title='bbox 1385 2669 1400 2691; x_wconf 92' lang='lat'>,</span> <span class='ocrx_word' id='word_1_538' title='bbox 1434 2639 1776 2697; x_wconf 87' lang='lat' dir='ltr'>Philosophiaeque</span> <span class='ocrx_word' id='word_1_539' title='bbox 1811 2657 1857 2684; x_wconf 89' lang='lat' dir='ltr'>ac</span> <span class='ocrx_word' id='word_1_540' title='bbox 1893 2645 2127 2700; x_wconf 85' lang='lat' dir='ltr'>Theologiae</span> <span class='ocrx_word' id='word_1_541' title='bbox 2157 2641 2316 2685; x_wconf 73' lang='lat' dir='ltr'>studia...</span> 
     </span>
     <span class='ocr_line' id='line_1_96' title="bbox 1301 2698 2316 2754; baseline 0 -15"><span class='ocrx_word' id='word_1_542' title='bbox 1301 2699 1486 2752; x_wconf 84' lang='lat' dir='ltr'>vigerent</span> <span class='ocrx_word' id='word_1_543' title='bbox 1511 2712 1527 2751; x_wconf 83' lang='lat'>3</span> <span class='ocrx_word' id='word_1_544' title='bbox 1571 2701 1761 2754; x_wconf 89' lang='lat' dir='ltr'>quodque</span> <span class='ocrx_word' id='word_1_545' title='bbox 1813 2702 1916 2744; x_wconf 85' lang='lat' dir='ltr'>intra</span> <span class='ocrx_word' id='word_1_546' title='bbox 1964 2702 2075 2744; x_wconf 72' lang='lat' dir='ltr'>dic‘tae</span> <span class='ocrx_word' id='word_1_547' title='bbox 2117 2698 2316 2743; x_wconf 81' lang='lat' dir='ltr'>Custodia:</span> 
     </span>
     <span class='ocr_line' id='line_1_97' title="bbox 1300 2757 2312 2812; baseline -0.003 -12"><span class='ocrx_word' id='word_1_548' title='bbox 1300 2757 1451 2801; x_wconf 89' lang='lat' dir='ltr'>limites</span> <span class='ocrx_word' id='word_1_549' title='bbox 1477 2783 1491 2806; x_wconf 91' lang='lat'>,</span> <span class='ocrx_word' id='word_1_550' title='bbox 1532 2757 1640 2798; x_wconf 83' lang='lat' dir='ltr'>illius</span> <span class='ocrx_word' id='word_1_551' title='bbox 1669 2761 1831 2801; x_wconf 85' lang='lat' dir='ltr'>Fratres</span> <span class='ocrx_word' id='word_1_552' title='bbox 1864 2760 1913 2802; x_wconf 87' lang='lat' dir='ltr'>ad</span> <span class='ocrx_word' id='word_1_553' title='bbox 1950 2760 2097 2800; x_wconf 68' lang='lat' dir='ltr'>victum</span> <span class='ocrx_word' id='word_1_554' title='bbox 2115 2788 2129 2807; x_wconf 90' lang='lat'>‚</span> <span class='ocrx_word' id='word_1_555' title='bbox 2154 2759 2206 2812; x_wconf 32' lang='lat'>¹&amp;</span> <span class='ocrx_word' id='word_1_556' title='bbox 2239 2770 2312 2797; x_wconf 87' lang='lat' dir='ltr'>ve-</span> 
     </span>
     <span class='ocr_line' id='line_1_98' title="bbox 1302 2813 2306 2870; baseline -0.003 -12"><span class='ocrx_word' id='word_1_557' title='bbox 1302 2817 1437 2858; x_wconf 84' lang='lat' dir='ltr'>stitum</span> <span class='ocrx_word' id='word_1_558' title='bbox 1469 2813 1676 2857; x_wconf 67' lang='lat' dir='ltr'>necessaria</span> <span class='ocrx_word' id='word_1_559' title='bbox 1710 2818 1896 2865; x_wconf 77' lang='lat' dir='ltr'>abunde,</span> <span class='ocrx_word' id='word_1_560' title='bbox 1923 2830 1996 2857; x_wconf 89' lang='lat' dir='ltr'>nec</span> <span class='ocrx_word' id='word_1_561' title='bbox 2024 2829 2172 2870; x_wconf 85' lang='lat' dir='ltr'>magno</span> <span class='ocrx_word' id='word_1_562' title='bbox 2192 2814 2306 2856; x_wconf 82' lang='lat' dir='ltr'>labo-</span> 
     </span>
     <span class='ocr_line' id='line_1_99' title="bbox 1302 2873 2312 2929; baseline -0.003 -12"><span class='ocrx_word' id='word_1_563' title='bbox 1302 2889 1344 2917; x_wconf 87' lang='lat' dir='ltr'>re</span> <span class='ocrx_word' id='word_1_564' title='bbox 1358 2901 1372 2922; x_wconf 80' lang='lat'>,</span> <span class='ocrx_word' id='word_1_565' title='bbox 1398 2888 1449 2915; x_wconf 85' lang='lat' dir='ltr'>ex</span> <span class='ocrx_word' id='word_1_566' title='bbox 1463 2873 1744 2929; x_wconf 85' lang='lat' dir='ltr'>quaestuatione</span> <span class='ocrx_word' id='word_1_567' title='bbox 1758 2901 1771 2922; x_wconf 93' lang='lat'>,</span> <span class='ocrx_word' id='word_1_568' title='bbox 1797 2887 1844 2914; x_wconf 89' lang='lat' dir='ltr'>ac</span> <span class='ocrx_word' id='word_1_569' title='bbox 1861 2873 2060 2916; x_wconf 87' lang='lat' dir='ltr'>Fidelium</span> <span class='ocrx_word' id='word_1_570' title='bbox 2085 2873 2312 2917; x_wconf 81' lang='lat' dir='ltr'>liberalita-</span> 
     </span>
     <span class='ocr_line' id='line_1_100' title="bbox 1302 2930 2315 2991; baseline -0.004 -19"><span class='ocrx_word' id='word_1_571' title='bbox 1302 2942 1345 2975; x_wconf 87' lang='lat' dir='ltr'>te</span> <span class='ocrx_word' id='word_1_572' title='bbox 1358 2931 1588 2984; x_wconf 85' lang='lat' dir='ltr'>colligenda</span> <span class='ocrx_word' id='word_1_573' title='bbox 1603 2930 1805 2971; x_wconf 87' lang='lat' dir='ltr'>inveniant</span> <span class='ocrx_word' id='word_1_574' title='bbox 1821 2958 1833 2970; x_wconf 83' lang='lat'><em>.</em></span> <span class='ocrx_word' id='word_1_575' title='bbox 1860 2932 2034 2991; x_wconf 86' lang='lat' dir='ltr'>Qibus,</span> <span class='ocrx_word' id='word_1_576' title='bbox 2044 2933 2208 2987; x_wconf 86' lang='lat' dir='ltr'>aliisque</span> <span class='ocrx_word' id='word_1_577' title='bbox 2223 2945 2315 2986; x_wconf 80' lang='lat' dir='ltr'>gra.</span> 
     </span>
     <span class='ocr_line' id='line_1_101' title="bbox 1302 2986 2316 3046; baseline 0.007 -19"><span class='ocrx_word' id='word_1_578' title='bbox 1302 2989 1415 3027; x_wconf 83' lang='lat' dir='ltr'>vibus</span> <span class='ocrx_word' id='word_1_579' title='bbox 1431 2987 1652 3030; x_wconf 83' lang='lat' dir='ltr'>rationibus</span> <span class='ocrx_word' id='word_1_580' title='bbox 1670 2986 1943 3041; x_wconf 72' lang='lat' dir='ltr'>confidemus,</span> <span class='ocrx_word' id='word_1_581' title='bbox 1960 2990 2178 3046; x_wconf 76' lang='lat' dir='ltr'>plurimum</span> <span class='ocrx_word' id='word_1_582' title='bbox 2193 3003 2316 3046; x_wconf 82' lang='lat' dir='ltr'>expe-</span> 
     </span>
     <span class='ocr_line' id='line_1_102' title="bbox 1299 3042 2315 3102; baseline 0.007 -18"><span class='ocrx_word' id='word_1_583' title='bbox 1299 3044 1389 3102; x_wconf 87' lang='lat' dir='ltr'>dire</span> <span class='ocrx_word' id='word_1_584' title='bbox 1406 3042 1568 3085; x_wconf 91' lang='lat' dir='ltr'>videtur</span> <span class='ocrx_word' id='word_1_585' title='bbox 1581 3072 1597 3093; x_wconf 90' lang='lat'>‚</span> <span class='ocrx_word' id='word_1_586' title='bbox 1610 3044 1843 3087; x_wconf 84' lang='lat' dir='ltr'>Custodiam</span> <span class='ocrx_word' id='word_1_587' title='bbox 1858 3046 2061 3102; x_wconf 81' lang='lat' dir='ltr'>praefatam</span> <span class='ocrx_word' id='word_1_588' title='bbox 2087 3050 2125 3090; x_wconf 91' lang='lat' dir='ltr'>in</span> <span class='ocrx_word' id='word_1_589' title='bbox 2148 3050 2315 3097; x_wconf 84' lang='lat' dir='ltr'>Provin-</span> 
     </span>
     <span class='ocr_line' id='line_1_103' title="bbox 1299 3101 2313 3162; baseline 0.006 -18"><span class='ocrx_word' id='word_1_590' title='bbox 1299 3102 1405 3144; x_wconf 85' lang='lat' dir='ltr'>ciam</span> <span class='ocrx_word' id='word_1_591' title='bbox 1420 3102 1521 3156; x_wconf 88' lang='lat' dir='ltr'>erigi</span> <span class='ocrx_word' id='word_1_592' title='bbox 1537 3130 1548 3141; x_wconf 85' lang='lat'>.</span> <span class='ocrx_word' id='word_1_593' title='bbox 1564 3101 1693 3145; x_wconf 88' lang='lat' dir='ltr'>Nobis</span> <span class='ocrx_word' id='word_1_594' title='bbox 1709 3114 1923 3158; x_wconf 84' lang='lat' dir='ltr'>propterea</span> <span class='ocrx_word' id='word_1_595' title='bbox 1937 3106 2113 3162; x_wconf 83' lang='lat' dir='ltr'>ejusdem</span> <span class='ocrx_word' id='word_1_596' title='bbox 2131 3105 2313 3151; x_wconf 84' lang='lat' dir='ltr'>Ludovi-</span> 
     </span>
     <span class='ocr_line' id='line_1_104' title="bbox 1302 3160 2313 3220; baseline 0.007 -20"><span class='ocrx_word' id='word_1_597' title='bbox 1302 3161 1339 3202; x_wconf 92' lang='lat' dir='ltr'>ci</span> <span class='ocrx_word' id='word_1_598' title='bbox 1357 3160 1480 3215; x_wconf 87' lang='lat' dir='ltr'>Regis</span> <span class='ocrx_word' id='word_1_599' title='bbox 1497 3161 1659 3202; x_wconf 89' lang='lat' dir='ltr'>nomine</span> <span class='ocrx_word' id='word_1_600' title='bbox 1686 3162 1891 3207; x_wconf 89' lang='lat' dir='ltr'>humiliter</span> <span class='ocrx_word' id='word_1_601' title='bbox 1914 3166 1988 3208; x_wconf 90' lang='lat' dir='ltr'>fuit</span> <span class='ocrx_word' id='word_1_602' title='bbox 2017 3163 2280 3220; x_wconf 82' lang='lat' dir='ltr'>supplicatum</span> <span class='ocrx_word' id='word_1_603' title='bbox 2298 3195 2313 3218; x_wconf 89' lang='lat'>,</span> 
     </span>
     <span class='ocr_line' id='line_1_105' title="bbox 1303 3217 2312 3281; baseline 0.008 -23"><span class='ocrx_word' id='word_1_604' title='bbox 1303 3228 1346 3259; x_wconf 93' lang='lat' dir='ltr'>ut</span> <span class='ocrx_word' id='word_1_605' title='bbox 1375 3218 1413 3258; x_wconf 91' lang='lat' dir='ltr'>in</span> <span class='ocrx_word' id='word_1_606' title='bbox 1439 3217 1633 3272; x_wconf 81' lang='lat' dir='ltr'>praemiffis</span> <span class='ocrx_word' id='word_1_607' title='bbox 1647 3223 1875 3276; x_wconf 67' lang='lat' dir='ltr'>opportune</span> <span class='ocrx_word' id='word_1_608' title='bbox 1892 3224 2106 3280; x_wconf 88' lang='lat' dir='ltr'>providere</span> <span class='ocrx_word' id='word_1_609' title='bbox 2121 3251 2135 3274; x_wconf 86' lang='lat'>,</span> <span class='ocrx_word' id='word_1_610' title='bbox 2164 3226 2204 3266; x_wconf 77' lang='grc' dir='ltr'>δε</span> <span class='ocrx_word' id='word_1_611' title='bbox 2230 3225 2312 3281; x_wconf 91' lang='lat' dir='ltr'>(ut</span> 
     </span>
     <span class='ocr_line' id='line_1_106' title="bbox 1301 3274 2309 3338; baseline 0.007 -19"><span class='ocrx_word' id='word_1_612' title='bbox 1301 3274 1437 3332; x_wconf 87' lang='lat' dir='ltr'>infra)</span> <span class='ocrx_word' id='word_1_613' title='bbox 1465 3275 1677 3331; x_wconf 79' lang='lat' dir='ltr'>indulgere</span> <span class='ocrx_word' id='word_1_614' title='bbox 1701 3279 1753 3322; x_wconf 90' lang='lat' dir='ltr'>de</span> <span class='ocrx_word' id='word_1_615' title='bbox 1775 3282 2029 3337; x_wconf 86' lang='lat' dir='ltr'>Benignitate</span> <span class='ocrx_word' id='word_1_616' title='bbox 2044 3279 2309 3338; x_wconf 57' lang='lat' dir='ltr'>Apaualica„</span> 
     </span>
     <span class='ocr_line' id='line_1_107' title="bbox 1302 3334 1591 3388; baseline 0.003 -13"><span class='ocrx_word' id='word_1_617' title='bbox 1302 3334 1566 3388; x_wconf 84' lang='lat' dir='ltr'>dignaremur</span> <span class='ocrx_word' id='word_1_618' title='bbox 1580 3363 1591 3375; x_wconf 90' lang='lat'><strong><em>.</em></strong></span> 
     </span>
    </p>

    <p class='ocr_par' dir='ltr' id='par_1_14' title="bbox 1300 3393 2310 3851">
     <span class='ocr_line' id='line_1_108' title="bbox 1361 3393 2310 3453; baseline 0.008 -19"><span class='ocrx_word' id='word_1_619' title='bbox 1361 3396 1446 3434; x_wconf 90' lang='lat' dir='ltr'>Nos</span> <span class='ocrx_word' id='word_1_620' title='bbox 1464 3393 1588 3447; x_wconf 86' lang='lat' dir='ltr'>igitur</span> <span class='ocrx_word' id='word_1_621' title='bbox 1609 3409 1683 3450; x_wconf 86' lang='lat' dir='ltr'>pro</span> <span class='ocrx_word' id='word_1_622' title='bbox 1709 3396 1826 3452; x_wconf 82' lang='lat' dir='ltr'>ipsius</span> <span class='ocrx_word' id='word_1_623' title='bbox 1843 3399 1970 3453; x_wconf 83' lang='lat' dir='ltr'>Regis</span> <span class='ocrx_word' id='word_1_624' title='bbox 1987 3400 2181 3446; x_wconf 88' lang='lat' dir='ltr'>Ludovici</span> <span class='ocrx_word' id='word_1_625' title='bbox 2203 3398 2310 3442; x_wconf 85' lang='lat' dir='ltr'>defi-</span> 
     </span>
     <span class='ocr_line' id='line_1_109' title="bbox 1302 3449 2308 3512; baseline 0.009 -23"><span class='ocrx_word' id='word_1_626' title='bbox 1302 3449 1416 3491; x_wconf 90' lang='lat' dir='ltr'>derio</span> <span class='ocrx_word' id='word_1_627' title='bbox 1432 3451 1505 3492; x_wconf 86' lang='lat' dir='ltr'>hac</span> <span class='ocrx_word' id='word_1_628' title='bbox 1521 3452 1559 3493; x_wconf 93' lang='lat' dir='ltr'>in</span> <span class='ocrx_word' id='word_1_629' title='bbox 1575 3466 1634 3501; x_wconf 78' lang='lat' dir='ltr'>re,</span> <span class='ocrx_word' id='word_1_630' title='bbox 1650 3457 1844 3508; x_wconf 78' lang='lat' dir='ltr'>quantum</span> <span class='ocrx_word' id='word_1_631' title='bbox 1860 3458 1896 3499; x_wconf 93' lang='lat' dir='ltr'>in</span> <span class='ocrx_word' id='word_1_632' title='bbox 1910 3457 2308 3512; x_wconf 78' lang='lat' dir='ltr'>Dominopoffumus,</span> 
     </span>
     <span class='ocr_line' id='line_1_110' title="bbox 1301 3508 2307 3571; baseline 0.005 -20"><span class='ocrx_word' id='word_1_633' title='bbox 1301 3508 1581 3552; x_wconf 86' lang='lat' dir='ltr'>favorabiliter</span> <span class='ocrx_word' id='word_1_634' title='bbox 1595 3525 1771 3557; x_wconf 86' lang='lat' dir='ltr'>annuere</span> <span class='ocrx_word' id='word_1_635' title='bbox 1782 3543 1796 3565; x_wconf 87' lang='lat'>,</span> <span class='ocrx_word' id='word_1_636' title='bbox 1812 3531 1856 3558; x_wconf 90' lang='lat' dir='ltr'>ac</span> <span class='ocrx_word' id='word_1_637' title='bbox 1870 3515 2034 3557; x_wconf 87' lang='lat' dir='ltr'>firmiori</span> <span class='ocrx_word' id='word_1_638' title='bbox 2051 3516 2307 3571; x_wconf 87' lang='lat' dir='ltr'>solidiorique</span> 
     </span>
     <span class='ocr_line' id='line_1_111' title="bbox 1300 3571 2306 3630; baseline 0.008 -23"><span class='ocrx_word' id='word_1_639' title='bbox 1300 3578 1620 3610; x_wconf 86' lang='lat' dir='ltr'>memoratorum</span> <span class='ocrx_word' id='word_1_640' title='bbox 1644 3571 1685 3612; x_wconf 85' lang='lat' dir='ltr'>in</span> <span class='ocrx_word' id='word_1_641' title='bbox 1705 3572 1856 3614; x_wconf 77' lang='lat' dir='ltr'>Allatia</span> <span class='ocrx_word' id='word_1_642' title='bbox 1870 3600 1884 3622; x_wconf 85' lang='lat'>,</span> <span class='ocrx_word' id='word_1_643' title='bbox 1902 3575 2074 3628; x_wconf 67' lang='lat' dir='ltr'>praediffl</span> <span class='ocrx_word' id='word_1_644' title='bbox 2090 3576 2217 3630; x_wconf 81' lang='lat' dir='ltr'>Regis</span> <span class='ocrx_word' id='word_1_645' title='bbox 2233 3575 2306 3615; x_wconf 75' lang='lat' dir='ltr'>do-</span> 
     </span>
     <span class='ocr_line' id='line_1_112' title="bbox 1301 3625 2305 3687; baseline 0.01 -22"><span class='ocrx_word' id='word_1_646' title='bbox 1301 3625 1423 3666; x_wconf 86' lang='lat' dir='ltr'>minio</span> <span class='ocrx_word' id='word_1_647' title='bbox 1437 3626 1607 3683; x_wconf 74' lang='lat' dir='ltr'>subjet‘ta</span> <span class='ocrx_word' id='word_1_648' title='bbox 1622 3657 1634 3678; x_wconf 88' lang='lat'>,</span> <span class='ocrx_word' id='word_1_649' title='bbox 1661 3638 1705 3671; x_wconf 91' lang='lat' dir='ltr'>ut</span> <span class='ocrx_word' id='word_1_650' title='bbox 1719 3630 1929 3685; x_wconf 83' lang='lat' dir='ltr'>praefertur</span> <span class='ocrx_word' id='word_1_651' title='bbox 1943 3658 1957 3680; x_wconf 91' lang='lat'>,</span> <span class='ocrx_word' id='word_1_652' title='bbox 1980 3636 2305 3687; x_wconf 53' lang='lat' dir='ltr'>Conventuumq</span> 
     </span>
     <span class='ocr_line' id='line_1_113' title="bbox 1303 3683 2305 3748; baseline 0.012 -26"><span class='ocrx_word' id='word_1_653' title='bbox 1303 3683 1420 3724; x_wconf 82' lang='lat' dir='ltr'>statui</span> <span class='ocrx_word' id='word_1_654' title='bbox 1443 3686 1483 3725; x_wconf 88' lang='lat'>&amp;</span> <span class='ocrx_word' id='word_1_655' title='bbox 1503 3686 1655 3739; x_wconf 87' lang='lat' dir='ltr'>quieti,</span> <span class='ocrx_word' id='word_1_656' title='bbox 1681 3689 1950 3746; x_wconf 86' lang='lat' dir='ltr'>prosperoque</span> <span class='ocrx_word' id='word_1_657' title='bbox 1965 3693 2146 3748; x_wconf 80' lang='lat' dir='ltr'>regimini</span> <span class='ocrx_word' id='word_1_658' title='bbox 2171 3690 2305 3747; x_wconf 78' lang='lat' dir='ltr'>provi-</span> 
     </span>
     <span class='ocr_line' id='line_1_114' title="bbox 1302 3740 2309 3849; baseline 0.01 -67"><span class='ocrx_word' id='word_1_659' title='bbox 1302 3740 1399 3783; x_wconf 87' lang='lat' dir='ltr'>dere</span> <span class='ocrx_word' id='word_1_660' title='bbox 1430 3743 1638 3798; x_wconf 82' lang='lat' dir='ltr'>cupientes</span> <span class='ocrx_word' id='word_1_661' title='bbox 1659 3773 1673 3797; x_wconf 90' lang='lat'>,</span> <span class='ocrx_word' id='word_1_662' title='bbox 1705 3746 1931 3805; x_wconf 79' lang='lat' dir='ltr'>hujusmodi</span> <span class='ocrx_word' id='word_1_663' title='bbox 1956 3749 2309 3849; x_wconf 62' lang='lat' dir='ltr'>supplicatioqibus</span> 
     </span>
     <span class='ocr_line' id='line_1_115' title="bbox 2145 3822 2264 3851; baseline -0.025 0"><span class='ocrx_word' id='word_1_664' title='bbox 2145 3823 2206 3851; x_wconf 87' lang='lat' dir='ltr'>mc</span> <span class='ocrx_word' id='word_1_665' title='bbox 2231 3822 2264 3848; x_wconf 82' lang='lat'>1-</span> 
     </span>
    </p>
   </div>
  </div>
 </body>
</html>
