2658 4256
945 228 1045 316 H
1051 226 1140 315 el
1149 231 1358 314 veti
1369 255 1416 313 c
1436 226 1551 312 'alf'
2099 248 2210 340 27

291 376 296 379 ¹
319 357 553 424 Catechefi’s
570 394 586 418 ,
623 359 703 411 sex'
728 360 875 410 millia
895 396 910 418 ,
942 362 1222 437 offingentas
1249 398 1265 420 ,
1301 360 1350 415 8,(
1378 374 1574 430 quatuor
1595 391 1609 406 .
1668 404 1670 406 ,

320 428 544 495 Abfhlutos
569 429 620 478 ab
647 427 785 499 heresi
807 425 1037 481 trecentos¹
1051 467 1067 490 ,
1093 431 1153 483 ὅ(
1183 428 1350 502 viginti
1375 447 1546 480 novem
1562 463 1575 477 .
1979 467 1982 473 .
2020 474 2022 477 ,
2247 482 2251 486 ,

180 530 202 549 -;»
320 496 549 551 Numerum
576 502 680 553 bunc
717 506 762 551 eo
794 506 928 569 magis
957 502 1182 551 mirabitur
1208 537 1224 560 ‚
1266 508 1339 570 qui
1367 501 1639 551 Provinciam
1651 500 1752 562 jam
1783 499 1879 550 bina
1907 501 2010 552 vice
2038 500 2225 567 divisam
2250 539 2267 561 ,

181 570 240 620 ad
257 584 406 636 paucos
429 573 670 624 Conventus
696 571 930 622 reflriilam
960 572 1035 639 ff
1063 571 1247 638 refleHet
1264 608 1279 630 ‚
1300 571 1573 641 stallumque
1600 568 1865 636 hujusmodi,
1898 576 1944 621 in
1968 571 2071 621 aliis
2093 572 2269 623 Germa,-

173 645 256 691 m'ae
279 640 554 701 Provinciis,
580 644 661 693 -vel
684 656 828 702 parem
841 679 859 701 ,
887 644 970 693 vel
993 646 1189 707 majorem
1215 643 1421 691 concludet
1437 677 1450 691 .
1565 686 1568 690 .
1649 666 1657 673 ⁴·
2249 688 2254 695 ,

318 713 448 781 Pofi'ti
469 712 661 763 utilioris
686 716 855 761 termini
874 712 998 781 quasi
1013 713 1187 780 pertaesa
1199 748 1216 771 ,
1251 711 1468 780 Mosiuam
1495 710 1616 778 afflue
1639 708 1845 777 Spiritum
1879 712 1964 767 zeli
1992 711 2142 782 ffaa'it
2161 747 2178 770 ,
2209 719 2269 761 ὅ

174 782 228 845 ab
260 800 362 832 anno
395 783 610 851 millefimo
634 781 991 849 fiptingentefimo
1019 784 1171 833 decimo
1196 800 1339 841 nono,
1374 801 1453 851 quo
1486 784 1637 833 Petrus
1666 782 1808 838 Czaar
1836 781 2071 850 Religiosbs
2101 781 2270 851 indiffer-

172 859 304 905 rentis
331 852 535 903 Nationis
554 888 569 911 ,
587 851 663 918 fin
687 854 799 901 nulli
828 851 1019 919 Principi
1036 854 1229 921 subditos
1244 887 1260 911 ,
1293 870 1342 901 ac
1374 854 1641 919 diverfizrum
1671 854 1904 920 linguarum
1931 860 2090 918 peritos
2114 858 2158 902 in
2187 853 2270 908 Ca:-

169 925 334 973 tbolicae
364 927 428 972 rei
444 922 672 990 sttbfidium
704 926 730 970 ἂ
761 920 806 970 S.
830 941 886 971 m.
920 923 1130 973 Clemente
1145 918 1239 974 XI.
1259 927 1392 989 petiit
1423 958 1441 981 ‚
1472 922 1714 987 Miffi’onem
1746 922 1810 971 ibi
1843 922 1994 971 celebri
2011 922 2164 988 ftut‘lu
2193 941 2270 970 ex-

171 995 273 1043 colit
302 1029 319 1052 ,
353 1011 402 1042 ac
428 997 473 1043 in
495 993 702 1061 plerisqne
727 992 891 1061 Regum
916 1030 934 1053 ,
969 1000 1021 1044 ξε·
1057 994 1313 1061 Principum
1348 993 1460 1044 aulis
1484 1029 1506 1053 ,η
1529 992 1801 1061 spiritualem
1834 992 2080 1043 Praetoriani
2115 994 2273 1042 militis

167 1081 306 1113 curam
334 1076 498 1112 exercet
519 1097 532 1110 .
2236 1102 2250 1119 „

323 1132 448 1181 Viros
476 1148 525 1182 ut
563 1131 714 1183 babeat
731 1133 895 1202 semper
924 1133 1158 1201 Apostolico
1184 1133 1319 1192 labori
1350 1150 1480 1202 ‚aptos
1494 1171 1510 1194 ,
1550 1152 1607 1185 ex
1625 1133 1807 1203 speciali
1825 1136 1988 1204 statuto
2002 1169 2020 1194 ,
2054 1133 2113 1182 ad
2139 1132 2271 1190 Sacrae

167 1202 343 1270 Regulae
382 1219 493 1254 vota
521 1201 727 1254 Clericum
762 1225 839 1254 non
872 1206 1065 1255 admittit
1091 1243 1107 1266 ‚
1148 1210 1221 1274 qui
1254 1226 1310 1255 ex
1338 1207 1524 1257 doe‘lrina
1559 1242 1576 1266 ,
1620 1208 1786 1256 idoneus
1817 1207 1973 1274 saltem
2016 1203 2273 1261 Paenitentia

164 1270 367 1341 Minister
378 1273 557 1343 fhturus
587 1294 664 1324 non
691 1277 982 1346 praesumatur:
1020 1296 1089 1326 nec
1119 1279 1378 1345 multiplicat
1398 1294 1558 1346 gentem
1565 1276 1664 1346 stne
1682 1277 1847 1327 deleHu
1859 1314 1876 1336 ,
1898 1296 1969 1326 nec
1998 1276 2057 1325 ad
2069 1274 2273 1327 Habitum

166 1342 369 1411 Instantes
395 1380 414 1404 ,
465 1365 564 1414 quos
609 1343 760 1412 praeter
804 1348 1062 1414 probitatem
1113 1365 1270 1399 morum
1311 1385 1326 1408 ,
1368 1350 1548 1416 honestas
1592 1347 1711 1398 orties
1744 1367 1823 1398 non
1861 1345 2111 1414 commendat
2142 1380 2173 1404 ,,,
2200 1346 2274 1405 ,ad-

164 1419 305 1463 mittit
334 1454 346 1465 .
398 1416 513 1465 Hine
539 1420 650 1465 inter
677 1415 878 1466 Cantones
908 1416 1148 1469 Catholicos
1163 1467 1165 1470 ,
1183 1423 1366 1470 Familia
1394 1421 1549 1469 nobilis
1576 1454 1592 1477 ,
1629 1420 1684 1469 &⁵
1710 1419 1898 1469 Patricia
1931 1421 2024 1468 vix
2057 1417 2146 1469 ulla
2180 1416 2273 1475 eft'3

163 1503 252 1552 ‘qun
279 1484 547 1546 Provincia,
582 1488 666 1539 'vel
678 1506 756 1537 non
768 1489 931 1539 dederit
949 1490 1087 1540 Filios
1102 1525 1120 1548 ,
1156 1493 1240 1542 vel
1262 1494 1307 1540 in
1323 1492 1402 1541 hac
1431 1509 1511 1552 non
1526 1489 1722 1539 habuerit
1742 1490 1915 1538 Fratres
1915 1486 2008 1555 fibi
2029 1486 2274 1554 finget-''neq-

161 1556 330 1620 junilos
350 1593 363 1606 .
1077 1619 1080 1622 Δ
1682 1595 1684 1597 k
2256 1605 2262 1615 .

307 1627 515 1678 Nationis
547 1629 800 1678 Germanice
822 1642 969 1693 partes
998 1631 1025 1676 a
1045 1629 1127 1695 fica
1161 1631 1318 1696 origine
1337 1628 1530 1696 siquitur
1550 1663 1566 1686 ,
1593 1628 1723 1696 estque
1757 1626 2082 1680 Provinciarum
2119 1623 2275 1675 Teuto-

164 1699 347 1748 nicarum
365 1702 539 1753 Decana
559 1733 575 1755 ,
608 1716 656 1748 ac
679 1697 868 1762 diverfi's
896 1715 984 1747 cum
1001 1701 1057 1746 iis
1062 1697 1237 1766 fruitur
1266 1700 1522 1766 privilegiis
1537 1734 1551 1748 .
1587 1697 1642 1748 In
1668 1698 1797 1749 medio
1830 1699 2171 1749 Acatholicorum
2199 1701 2275 1749 via

164 1786 259 1818 rens
281 1806 298 1827 ,
333 1766 526 1837 inffnst)
557 1768 660 1834 pede
691 1766 862 1818 illorum
888 1784 1025 1818 terras
1065 1773 1255 1819 excurrit
1289 1806 1306 1828 ,
1352 1776 1407 1820 ΕΒ
1438 1771 1532 1819 dum
1566 1769 1708 1820 crebra
1736 1770 1790 1820 ab
1818 1775 1873 1821 iis
1909 1772 2186 1821 humanitatis
2218 1771 2275 1818 ἐπ’

164 1839 388 1887 charitatis
414 1842 564 1905 recipit
595 1855 838 1906 argumenta
851 1875 867 1897 ,
901 1857 1035 1890 eorum
1059 1840 1200 1891 Seiias
1225 1841 1396 1910 modesto
1411 1875 1428 1899 ,
1460 1841 1713 1910 dfiretoque
1741 1842 1833 1899 zelo
1850 1879 1866 1902 ,
1900 1857 1988 1891 tum
2007 1854 2083 1907 per
2112 1839 2272 1900 libros,

164 1924 252 1958 tum
276 1924 352 1976 per
369 1909 536 1978 firipta
563 1945 581 1967 ,
615 1926 703 1959 tum
727 1910 862 1962 verbo
893 1947 909 1970 ,
945 1927 1034 1961 tum
1064 1912 1253 1980 'exemplo
1282 1948 1299 1972 ‚
1328 1927 1519 1979 potenter
1543 1916 1759 1981 impugnat
1785 1948 1801 1970 ,
1837 1916 1935 1964 hinc
1961 1913 2015 1962 Φ*
2047 1929 2126 1959 non
2143 1909 2281 1976 semel

163 1983 211 2028 in
241 1979 371 2034 Curia
399 1980 591 2030 Romana
618 2017 634 2040 ‚
670 2001 725 2031 ex
754 2002 823 2031 ore
852 1982 1171 2051 Eminentiffi‘mi
1209 1984 1272 2032 D.
1287 1983 1472 2052 ‘Joftphi
1491 1983 1732 2034 Cardinalis
1765 1983 1917 2035 Firrao
1936 2018 1951 2041 ,
1989 1984 2065 2051 qui
2090 1982 2188 2028 olim
2212 1980 2276 2030 ibi

164 2049 376 2100 Nuntium
392 2051 676 2118 Apoft'olicum
706 2068 845 2121 egerat
863 2089 878 2112 ,
914 2073 1064 2102 necnon
1088 2057 1144 2105 &⁶
1168 2055 1350 2104 aliorum
1366 2061 1458 2104 &a
1483 2055 1575 2104 laus
1607 2056 1657 2104 de
1677 2055 1756 2103 illa
1772 2056 2009 2124 personuit,
2033 2051 2159 2119 quod
2188 2054 2274 2101 hae.-

169 2120 276 2172 refis
309 2123 355 2170 in
373 2124 604 2173 Helvetiae
625 2125 828 2190 partibus
847 2124 1100 2191 plurimam
1129 2122 1172 2174 se
1198 2125 1410 2176 dilataret
1423 2162 1440 2185 ‚
1456 2123 1490 2176 fi
1507 2130 1548 2176 A
1555 2124 1803 2196 postolicus
1820 2126 2171 2187 Capucinorum
2191 2120 2277 2175 fen-

170 2210 257 2244 vor
275 2232 290 2256 ,
325 2190 454 2242 effufi
479 2195 645 2244 veneni
675 2192 957 2264 progressum
990 2213 1079 2244 non
1110 2195 1357 2247 inhiberet.

205 2272 218 2285 ²
308 2262 536 2335 ‚Quantum
563 2264 613 2313 de
642 2261 687 2312 S.
709 2265 872 2314 Fidelis
899 2269 924 2315 a
953 2264 1215 2335 Sigmaringa
1241 2267 1410 2318 ‘Proto-
1424 2265 1647 2332 Martyris
1680 2268 1818 2336 gloria
1839 2267 2067 2333 participet
2087 2297 2104 2320 ,
2122 2275 2278 2328 praepo·

165 2332 247 2394 'fita
289 2335 388 2383 huic
420 2332 550 2384 Tomo
592 2335 766 2384 exhibet
797 2336 1021 2386 Dedicatio
1047 2374 1059 2386 .
1095 2338 1234 2402 th'us
1262 2337 1415 2387 Sacras
1453 2344 1642 2387 exuvias
1676 2339 1772 2387 dum
1804 2336 1938 2388 Curia
1975 2340 2020 2384 in
2055 2332 2276 2398 Capella..

170 2405 372 2472 Fratrum
396 2405 618 2472 conftrvat
635 2442 651 2465 ,
676 2421 788 2468 tenet
813 2413 866 2457 c&
884 2409 1078 2477 Altorffii
1091 2413 1192 2474 jam
1220 2407 1273 2456 ab
1297 2427 1400 2458 anno
1425 2407 1642 2476 millefimo
1657 2408 1954 2477 sexcentefimo
1978 2403 2189 2473 vige-fimo-
2207 2422 2277 2452 no-

168 2494 220 2524 no
250 2475 451 2526 Cadaver
487 2476 565 2525 Fr.
584 2478 849 2544 Apollinari}¹
879 2515 895 2537 ‚
932 2483 1003 2546 qui
1035 2478 1226 2543 praedic‘li
1257 2476 1400 2529 SanHi
1425 2477 1651 2543 Martyris
1687 2480 1842 2529 Frater
1859 2477 2084 2548 secundum
2113 2471 2275 2525 carnem

163 2565 412 2614 germanus,
439 2552 492 2596 &³
519 2547 758 2598 Provinciae
785 2553 909 2598 unitae
934 2550 1150 2617 Definitor
1160 2548 1283 2616 suit.
1321 2550 1384 2600 Eo
1407 2549 1494 2618 ipso
1518 2563 1699 2616 tempore
1722 2585 1739 2609 ,
1772 2552 1831 2600 Φ·
1861 2548 2015 2617 Ριιηὲἶο
2033 2583 2050 2606 ,
2085 2564 2163 2614 quo
2199 2545 2273 2594 Fi*-

166 2618 278 2686 delis
300 2622 356 2666 ‘in
385 2617 558 2667 Rhaecia
579 2618 662 2685 stab
693 2619 880 2687 fitft'ibus
924 2622 979 2671 &⁴
1008 2621 1167 2690 gladiis
1194 2618 1463 2687 Martyrium
1485 2619 1626 2689 subiit
1641 2658 1657 2681 ,
1692 2620 1808 2679 haefi't
1843 2625 1898 2671 &⁶
1935 2618 2201 2686 Apollinaris
2228 2620 2274 2664 in

164 2689 328 2752 pulpito
352 2688 602 2737 Constantia
624 2691 743 2759 quasi
762 2692 930 2740 entheus
946 2728 962 2750 ,
993 2692 1207 2759 laudesque
1234 2691 1571 2742 neo-Sanft'orum
1596 2691 1878 2761 Consefflrum
1905 2689 2065 2759 Ignatii
2083 2686 2272 2752 Lojolae,¹

167 2763 222 2806 ὃ
255 2757 465 2824 Francifii
497 2759 696 2810 Xaverii
721 2762 778 2810 ad
801 2778 960 2828 tempus
985 2766 1242 2828 interrupit,
1277 2778 1325 2811 ut
1353 2763 1499 2830 gloriae
1526 2762 1842 2827 neo-Martyris
1867 2797 1883 2819 ‚
1914 2764 1968 2810 (θ’
1996 2758 2168 2805 Fratris
2202 2773 2270 2804 ra·

163 2842 265 2893 ptus
295 2827 563 2894 congauderet
593 2865 605 2876 .
654 2830 812 2879 Praeter
855 2835 1022 2882 eximioe
1051 2836 1238 2884 virtutis
1264 2838 1500 2883 memoriam
1520 2869 1536 2891 ,
1583 2834 1758 2898 reliquit
1786 2829 2051 2894 Apollinaris
2087 2826 2269 2887 Vitam

173 2896 220 2945 S.
235 2897 285 2946 P.
308 2896 519 2963 Francisci
557 2897 691 2947 latino
726 2916 853 2947 metro
896 2903 1160 2967 confiriptam
1185 2938 1201 2960 ,
1239 2921 1361 2970 quam
1389 2918 1486 2951 ante
1521 2917 1696 2968 quatuor
1722 2916 1846 2947 annos
1871 2896 1893 2946 ἓ
1914 2901 2098 2965 pulvere
2122 2914 2270 2957 extra?

176 2967 283 3017 Ham
312 2982 439 3033 typus
466 2971 510 3014 in
538 2968 615 3015 bac
644 2968 878 3018 Provincia
897 2969 1058 3034 publici
1078 2976 1202 3032 juris
1225 3005 1242 3027 ,
1281 2977 1335 3018 s&
1364 2969 1463 3017 usas
1483 2972 1598 3035 ficit
1617 3005 1629 3018 .

317 3041 358 3087 A
391 3037 538 3087 Fidele
554 3072 568 3095 ,
595 3039 650 3088 ὑ·
679 3037 925 3105 Apollinare
949 3057 1025 3086 non
1047 3038 1222 3104 sejungo
1254 3038 1329 3086 Fr.
1355 3037 1562 3087 Vift‘orem
1589 3042 1615 3087 ἃ
1638 3038 1832 3088 Solodoro
1848 3075 1864 3098 ,
1897 3058 1951 3087 ex·
1978 3039 2148 3107 anti'q'uo
2174 3037 2270 3087 No-

176 3108 323 3160 bilium
352 3110 401 3158 de
422 3108 611 3163 Wallier
638 3108 862 3158 Stemmate
878 3145 894 3167 ,
931 3114 1003 3177 qui
1032 3109 1167 3158 Primi
1194 3111 1239 3156 in
1259 3105 1458 3173 Miffione
1486 3106 1627 3158 Socius
1651 3110 1836 3159 traditur
1851 3145 1867 3168 ,
1891 3111 1945 3159 Θ
1978 3125 2067 3156 cum
2090 3107 2270 3159 Secundo

174 3181 342 3230 eundem
366 3181 516 3248 quietis
551 3181 604 3228 &¹
635 3180 858 3247 sepultura
888 3180 1017 3228 locum
1046 3180 1179 3245 eodem
1207 3196 1309 3229 anno
1338 3180 1485 3228 habuit
1510 3215 1523 3228 .
1559 3180 1644 3229 Hic
1668 3185 1693 3231 a
1718 3180 1846 3231 Patre
1872 3215 1887 3237 ,
1902 3177 1983 3247 fi‘b
2015 3177 2269 3244 Sereniffimi

169 3251 322 3302 ⁸{Ducis
351 3256 376 3299 a
407 3249 553 3317 Longa
586 3250 706 3299 Villa
734 3254 891 3299 nomine
916 3250 1126 3299 Ducatum
1153 3245 1371 3316 Neoburgi
1391 3250 1645 3319 gubernante
1669 3288 1686 3311 ,
1723 3250 1906 3319 Parisios
1934 3248 2101 3315 miffits,
2134 3251 2268 3300 dum..

175 3328 292 3388 prius
314 3320 650 3387 Christianiffi‘mi
681 3321 815 3389 Regis
847 3320 1059 3386 Ephebum
1085 3324 1171 3388 egit
1186 3355 1203 3378 ,
1237 3319 1378 3385 castris
1405 3322 1650 3387 postmodum
1677 3323 1898 3386 destinatus
1915 3354 1931 3377 ,
1965 3320 2124 3369 Hrenui
2159 3320 2265 3368 belli

183 3395 237 3441 (9·
266 3394 447 3442 militum
478 3392 612 3440 Ducis
624 3391 789 3459 fimum
802 3389 895 3458 fibi
917 3396 1184 3456 comparavit
1201 3427 1213 3438 .
1249 3389 1377 3438 Patre
1400 3407 1536 3441 autem
1566 3391 1672 3443 vita
1685 3392 1837 3459 sunflo
1852 3428 1868 3450 ,
1898 3391 1956 3439 ad
1980 3388 2173 3441 Matrem
2202 3409 2267 3451 ref

181 3464 331 3530 greffi'aes
349 3499 365 3521 ,
405 3462 568 3532 ejusque
600 3462 750 3531 affinfia
778 3461 1016 3512 veneranda
1054 3460 1324 3527 “Jerosblymg
1358 3459 1604 3513 Sanffuaria
1630 3463 1843 3530 invisi’ndi
1870 3462 2099 3526 lachrymis
2123 3465 2265 3526 potius

176 3538 303 3600 quam
326 3533 476 3583 verbis
500 3534 660 3583 obtento
676 3571 692 3593 ,
721 3533 904 3592 Lucerng²
937 3531 996 3579 ad
1020 3530 1076 3580 B.
1102 3532 1288 3597 Virginis
1315 3530 1450 3582 Aram
1474 3534 1651 3601 superno
1678 3535 1830 3582 lumine
1856 3532 2085 3599 illustratus
2111 3532 2263 3598 defide-

185 3605 291 3651 rium
312 3605 439 3670 sacrae
464 3608 810 3673 peregrinationis
846 3608 891 3651 in
935 3602 1035 3662 Vite
1063 3601 1269 3668 Capucinf
1292 3619 1444 3652 ‘votum
1479 3623 1581 3653 anno
1602 3621 1748 3666 1595.
1780 3606 2018 3652 convertit.
2055 3601 2172 3652 Inter
2195 3620 2262 3656 no,-

173 3675 330 3739 strates
358 3678 420 3722 ita
447 3677 563 3724 illico
587 3680 632 3724 in
657 3680 830 3725 virtute
857 3673 1035 3741 proficit
1052 3708 1067 3730 ,
1095 3688 1140 3720 ut
1168 3673 1289 3722 illum
1307 3692 1377 3721 ceu
1395 3674 1652 3742 Evangelio?
1672 3673 1936 3741 persec‘lionis
1962 3674 2173 3739 exemplar
2188 3671 2261 3737 fit·

175 3743 410 3811 spicerentz
447 3748 472 3792 ἃ
498 3746 616 3795 rebus
636 3747 783 3812 sieculi
812 3750 877 3794 ita
901 3744 1120 3792 abborruit
1136 3778 1151 3800 ,
1183 3759 1229 3790 ut
1262 3744 1312 3790 de
1335 3748 1391 3791 iis
1423 3763 1494 3791 nec
1523 3747 1663 3813 loqui,
1690 3763 1759 3791 nec
1792 3744 1898 3812 quid
1919 3746 2060 3794 audire
2089 3743 2258 3793 vellet:

179 3815 329 3864 donum
355 3818 577 3926 oratignis,
603 3819 657 3866 ἐν
687 3819 994 3883 lachrymarum
1019 3812 1390 3881 arilofug‘todivic
1403 3814 1580 3884 stlentio
1599 3851 1615 3875 ,
1651 3816 1705 3865 (θ’
1713 3815 1799 3883 posi
1809 3817 2050 3867 exantlatos
2059 3815 2261 3881 plurimoe

305 3885 440 3928 Tomi
478 3912 489 3924 .
1222 3921 1225 3924 Δ
1436 3886 1475 3928 D
1506 3901 1531 3929 2
2168 3886 2209 3923 in
