2658 4256
450 193 625 294 188
1138 203 1759 294 Provincia.

482 341 650 380 Viennam
665 340 879 387 postmodum
892 340 1007 381 miffus
1025 341 1072 380 est
1086 365 1099 386 ‚
1124 351 1183 386 ut,
1197 354 1287 390 quos
1299 341 1347 378 ibi
1366 339 1534 379 Novitios
1555 341 1607 377 Fr.
1621 340 1802 377 Romanus
1817 337 2310 388 LaudenfistMagistgr‚vefbf,-,
2328 346 2370 383 gd
2382 347 2458 385 vif,

386 401 498 428 tutem
524 389 709 426 stimulavit
727 413 740 434 ,
769 390 966 428 Valerianus
986 390 1047 427 suo
1060 393 1223 437 exemplo
1237 391 1280 426 ad
1295 391 1437 428 eandem
1449 388 1604 425 alliceret
1616 415 1627 431 ‚
1650 390 1683 425 8<
1695 399 1811 434 coeptae
1826 388 1965 434 Ρὶῠῑὸῑῖδ
1987 388 2202 430 fundamenta
2215 393 2296 438 inj'e
2310 407 2371 443 per
2390 396 2456 433 tri·-

383 442 520 479 ennium
536 437 706 476 exercitio
719 438 898 476 crebrioris
915 440 1196 476 mortificationis
1211 438 1392 486 perficeret
1406 466 1414 474 .
1442 438 1523 475 Hoc
1539 438 1620 474 dum
1632 437 1728 484 plene
1741 462 1754 480 ,
1779 437 1815 474 8<
1830 437 1862 471 in
1875 436 2066 474 humilitate
2076 462 2087 483 ‚
2100 449 2138 478 ac
2152 441 2311 481 modestia
2325 445 2451 483 summa

386 490 569 537 exequitur
591 512 604 532 ,
642 487 744 523 etiam
767 487 912 526 infirmis
942 487 976 523 8<
1001 489 1089 536 peste
1122 488 1258 525 infestis
1289 488 1374 524 mirfi
1394 486 1564 524 charitate
1600 486 1758 522 inserviit
1784 509 1797 528 ,
1832 486 1866 520 8<
1895 485 2090 522 linteamina
2117 512 2127 527 .
2153 486 2282 534 quibus
2315 492 2454 529 illorum

385 541 497 575 ulcera
528 536 773 575 mundabantur
798 560 810 581 ‚
844 536 948 574 heros
977 549 1080 573 manu
1102 539 1217 574 lavare
1246 548 1315 573 non
1329 535 1467 572 horruit
1487 536 1589 571 Anno
1608 536 1707 581 1605.
1735 537 1879 579 Pragam
1905 535 1948 570 ad
1974 534 2080 570 {ludia
2102 547 2180 570 eum
2206 539 2335 583 regredi
2349 553 2458 587 opot-

387 589 452 623 tuit
470 612 482 630 ,
507 584 725 621 Fr.A11tonio
743 584 924 623 Viennensi
945 585 977 622 ei
1003 586 1038 621 in
1059 586 1186 622 socium
1208 587 1310 622 dato-
1339 584 1510 621 Reddidit
1532 584 1807 626 illatempestate
1825 583 1897 619 vias
1921 594 1991 619 tum
2006 583 2238 619 hereticorum
2263 590 2456 633 protervia,

385 638 487 673 etiarn
502 633 560 680 ipsi
573 633 698 669 Caesari
711 632 825 671 infesta
837 659 850 678 ,
877 645 950 671 tum
967 634 1083 670 militis
1095 635 1239 670 Caesarei
1250 634 1313 670 line
1326 633 1446 669 ordine
1460 633 1493 667 in
1506 633 1719 679 Hungariam
1734 633 1942 679 properantis
1957 633 2095 669 libertas
2108 655 2122 676 ,
2148 632 2310 678 perieulis
2324 638 2454 682 plena.

385 686 498 726 Hinc,
522 682 578 717 vix
597 681 798 722 Valerianus
809 695 854 720 ex
869 685 951 720 Saar
963 706 976 726 ,
1003 683 1088 720 RR.
1106 683 1173 721 PP.
1185 680 1456 719 cisterciensium
1473 682 1682 717 Monasterio
1696 681 1731 716 in
1749 681 1909 718 Moravia
1922 681 1985 717 lito
2002 705 2016 726 ,
2038 678 2229 718 discell'erat
2241 704 2256 724 ‚
2275 680 2310 716 in
2326 687 2455 723 confer.

385 743 438 769 tos
453 731 573 767 incidit
590 731 716 767 milites
730 756 741 775 ,
761 732 821 778 qui
834 732 925 768 varia
939 732 1125 776 petulentia
1140 732 1343 768 itinerantes
1356 732 1552 772 vexarunt,
1577 728 1826 776 obsoniumque
1837 730 2051 769 abstulerunt
2064 755 2076 773 ,
2091 730 2192 774 Viro,
2200 729 2261 778 qui
2275 729 2361 767 illud
2377 744 2460 778 por.

386 783 499 824 tabat,
524 780 557 815 8<
570 779 628 826 qui
643 779 774 818 itineris
792 782 866 817 dux
880 780 942 816 effe
956 781 1103 817 debebat
1118 805 1130 824 ,
1145 780 1227 824 fugi
1240 779 1299 816 fibi
1313 779 1523 816 consulente·
1554 778 1666 822 ignari
1695 777 1790 825 proin
1804 778 1937 815 viarum
1957 778 2154 815 incefferunt
2168 803 2180 821 ,
2209 789 2313 823 prout
2336 779 2456 826 provi-

384 830 495 866 dentia
511 830 551 865 iis
566 827 728 864 dit-‘tavitz
753 834 785 864 fic
804 829 884 864 dum
899 829 1093 877 charybdim
1110 831 1138 864 se
1153 828 1265 864 vitasse
1279 828 1466 872 gestiebant
1481 850 1494 871 ‚
1519 826 1554 860 in
1568 827 1704 875 scyllam
1719 827 1750 862 se
1767 827 1878 872 lapsos
1892 828 2113 875 conspexere3
2124 828 2217 863 illico
2231 827 2323 863 enim
2339 827 2462 864 aliief-

384 878 505 914 froenes
518 878 746 924 comparuere
761 877 887 914 milites
898 902 910 921 ‚
935 881 997 923 qui
1013 877 1272 924 Capucinorum
1286 877 1451 912 Habitum
1464 900 1475 918 ,
1494 875 1603 911 adhuc
1619 876 1653 910 in
1672 876 1730 911 illa
1750 876 1909 921 Regione
1926 888 2035 913 rarum
2053 876 2208 913 videntes
2221 899 2234 918 ,
2250 887 2312 912 eos
2327 887 2374 913 ex
2388 877 2459 913 etb-

383 938 422 963 tu
446 925 732 971 incendiariorum
756 926 820 963 effe
834 926 1170 973 opinabantur-,quos
1182 924 1375 970 Stephanus
1389 924 1533 970 Bozkey
1548 924 1678 962 turcico
1692 923 1843 972 praefidio
1859 925 1964 963 fultus
1977 950 1989 967 ‚
2007 926 2040 960 8(
2053 925 2266 970 Hungariam
2285 924 2459 962 invadens

381 976 422 1012 ad
439 975 548 1019 Pagos
562 974 597 1010 8<
613 974 786 1011 Civitates
798 976 954 1012 emiserat
968 973 1170 1022 frequentes.
1190 974 1268 1009 inde
1282 973 1315 1007 in
1333 974 1503 1018 publicam
1517 974 1698 1019 coquinam
1721 972 1812 1009 dusti
1830 975 1921 1012 fuere
1938 1001 1947 1013 ‚
1966 974 2023 1010 ubi
2047 975 2106 1010 alii
2119 976 2263 1010 admoto
2278 974 2319 1010 ad
2338 973 2460 1020 peetus

383 1025 505 1069 gladio
517 1033 662 1059 mortem
678 1024 884 1059 minabantur
893 1048 904 1068 ‚
933 1023 991 1061 alii
1004 1034 1115 1060 autem
1126 1022 1343 1058 contumeliis
1355 1022 1388 1057 8(
1399 1021 1570 1058 cachinnis
1580 1034 1638 1059 eos
1654 1021 1843 1058 afficiebant
1854 1047 1866 1066 ‚
1882 1022 1986 1070 usque
2002 1023 2082 1060 dum
2094 1035 2170 1059 orta
2183 1023 2277 1058 inter
2291 1022 2384 1070 ipsos
2397 1023 2459 1057 mi.

382 1074 458 1109 lites
473 1072 547 1107 rixa
564 1095 577 1113 ,
604 1071 647 1108 iis
662 1070 852 1108 discedendi
867 1072 1019 1110 reddidit
1033 1071 1236 1108 occafionem
1251 1097 1258 1103 .
1282 1069 1404 1105 Parum
1425 1067 1623 1118 progressos
1638 1071 1707 1106 duo
1727 1071 1784 1106 alii
1797 1071 1926 1108 milites
1946 1072 2124 1109 concitato
2140 1071 2250 1116 greffu
2264 1071 2430 1106 invadunt
2443 1094 2458 1114 ,

381 1121 538 1169 pecunias
551 1120 676 1156 abillis
687 1121 885 1165 exigentes,
905 1132 938 1156 at
952 1143 964 1163 ‚
980 1120 1062 1156 dum
1077 1131 1122 1155 ex
1135 1118 1251 1162 regula
1262 1117 1381 1154 harum
1397 1117 1492 1154 usum
1511 1117 1569 1153 fibi
1586 1119 1799 1163 prohibitum
1822 1119 1965 1155 afferunt
1980 1143 1991 1162 ,
2015 1119 2184 1156 violenter
2206 1122 2324 1167 aeque',
2354 1132 2392 1155 ac
2406 1119 2459 1154 in-

382 1167 577 1207 verecunde
592 1169 670 1206 illas
684 1169 858 1216 inquirunt
873 1193 886 1213 ,
902 1169 937 1205 8<
953 1168 1037 1203 nihil
1054 1166 1264 1205 invenientes
1277 1189 1290 1211 ,
1314 1166 1534 1204 Valerianum
1549 1177 1671 1211 novo,
1690 1170 1787 1214 quod
1801 1168 1918 1204 babuit
1933 1194 1941 1208 ,
1972 1169 2078 1214 pallio
2089 1168 2235 1215 spoliant
2246 1192 2259 1212 ,
2277 1169 2312 1204 8<
2326 1179 2459 1205 utrum-

413 1230 453 1254 ue
470 1219 667 1253 dimittunt.

385 1230 408 1265 q
479 1267 572 1304 Sicut
588 1265 770 1303 Czeslavia
784 1278 827 1300 eo
842 1276 995 1311 tempore
1011 1265 1075 1302 fuit
1092 1263 1200 1312 turpis
1212 1263 1444 1300 haereticorum
1459 1265 1597 1304 sentina.
1611 1265 1659 1300 ita
1672 1275 1768 1299 novo
1781 1264 1999 1308 aperiebatur
2012 1263 2061 1299 ibi
2077 1264 2319 1312 persecutionis
2330 1264 2425 1300 scena
2441 1287 2456 1307 ‚

382 1315 417 1351 in
429 1315 646 1351 Valerianum
661 1315 751 1352 enim
764 1314 894 1350 eminils
909 1313 1015 1350 visum
1027 1341 1037 1357 ,
1061 1315 1095 1351 8<
1113 1315 1154 1350 ad
1166 1322 1310 1349 mortem
1326 1312 1390 1349 sese
1408 1313 1478 1359 jam
1495 1325 1662 1359 parantem
1673 1337 1685 1355 ‚
1710 1314 1942 1358 Sciopetarius
1956 1311 2055 1350 miles
2069 1314 2289 1349 bombardam
2311 1312 2430 1357 dirigit
2448 1337 2460 1352 .

382 1365 523 1411 pulvere
548 1374 659 1400 autem
677 1365 899 1400 tormentatio
914 1364 1026 1409 ignem
1040 1375 1108 1400 non
1124 1359 1372 1409 concipiente,
1398 1362 1434 1398 8(
1450 1363 1608 1410 pecuniis
1623 1385 1636 1406 ,
1660 1373 1746 1409 quas
1759 1363 1933 1409 quaerebat
1951 1361 2067 1404 miles,
2088 1373 2160 1398 non
2184 1360 2351 1410 repertis,
2367 1361 2458 1398 itlae·

384 1413 455 1449 sum
470 1411 562 1448 abite
577 1410 725 1456 permisit
735 1438 745 1447 .
2414 1441 2417 1443 ,

476 1461 686 1506 Superarunt
702 1462 836 1498 tandem
851 1460 1041 1508 opitulante
1054 1462 1158 1499 Coelo
1176 1459 1317 1496 feliciter
1331 1469 1384 1495 tot
1401 1459 1556 1505 pericula
1570 1483 1582 1501 ,
1602 1459 1727 1506 quibus
1748 1460 1889 1508 quidem
1906 1469 2055 1504 uterque
2077 1459 2207 1505 semper
2230 1458 2296 1495 fuit
2312 1457 2450 1504 expoli-

382 1518 437 1546 tus
452 1536 462 1550 ,
479 1507 588 1544 dirius
610 1519 718 1544 tamen
741 1510 876 1546 habitus
889 1509 1091 1548 Valerianus
1105 1537 1115 1552 ,
1139 1519 1177 1545 ut
1193 1516 1352 1558 portaret
1359 1507 1483 1557 jugum
1497 1506 1586 1558 Jesu
1602 1507 1728 1558 chtisti
1754 1509 1797 1544 ab
1819 1507 2044 1557 adolescentia
2058 1532 2071 1553 ,
2095 1508 2307 1557 disceretque
2313 1516 2454 1557 propter

380 1557 488 1595 verba
508 1555 676 1592 labiorum
696 1556 767 1605 ejus
790 1556 951 1640 ctglodt’re
963 1559 1040 1594 ὐἷας
1054 1559 1161 1595 durax
1174 1582 1184 1592 .

481 1606 595 1649 Pragae
610 1604 719 1640 studio
734 1605 810 1642 addi
850 1617 888 1640 us
901 1601 997 1642 illic&
1014 1607 1098 1643 vasti
1113 1605 1243 1650 ingenii
1258 1606 1308 1642 fui
1338 1607 1431 1644 dedit
1448 1605 1650 1653 specimina,
1670 1605 1704 1642 8<
1724 1604 1836 1642 subtili
1851 1606 1972 1643 mentis
1993 1603 2146 1642 acumine
2171 1604 2316 1640 abstrusa
2330 1603 2454 1641 Philo-

379 1653 530 1700 sophia,
553 1654 805 1701 &Theologiae
823 1653 995 1698 paradoxa
1015 1654 1184 1697 feliciter,
1208 1655 1243 1691 8(
1266 1655 1310 1692 ad
1328 1656 1500 1702 stuporem
1532 1653 1638 1701 usque
1665 1654 1802 1699 attigit.
1827 1653 1947 1690 Leftio
1961 1656 2141 1691 Librorum
2163 1652 2271 1689 fuerat
2293 1653 2324 1690 ei
2337 1652 2455 1690 conti·

378 1716 446 1740 nua
459 1727 472 1747 ,
495 1703 529 1738 8<
542 1701 702 1738 memoria
726 1702 772 1738 ita
788 1701 892 1745 felix,
917 1713 977 1746 ut,
1002 1715 1079 1750 quoe
1096 1705 1224 1749 legeret
1242 1728 1253 1748 ,
1277 1705 1332 1740 vel
1348 1703 1475 1740 audiret
1489 1728 1501 1746 ‚
1515 1704 1659 1740 radicata
1673 1714 1820 1739 teneret.
1847 1703 1963 1739 Cursu
1979 1704 2077 1741 studii
2090 1701 2231 1747 cataste,
2251 1701 2454 1740 Conciona·⁴

378 1753 504 1788 <orium
523 1761 645 1788 munus
668 1749 792 1798 incepit
807 1775 819 1794 ,
843 1751 1076 1788 annuntiando
1093 1751 1197 1800 juxta
1226 1753 1263 1789 S.
1281 1752 1425 1797 Regulae
1455 1751 1683 1798 praescriptum
1711 1753 1845 1798 populo
1875 1751 1959 1789 vitia
1974 1776 1986 1793 ,
2009 1753 2043 1788 8(
2069 1751 2238 1794 virtutes,
2264 1761 2399 1798 poenam
2417 1749 2455 1786 8c

378 1802 527 1846 gloriam
541 1823 554 1844 ,
578 1799 761 1843 neglecto,
786 1799 845 1847 qui
857 1800 1023 1846 dispergit
1038 1825 1052 1844 ,
1077 1799 1221 1849 quaelitte
1236 1801 1404 1836 orationis
1419 1799 1522 1836 fastu:
1549 1812 1610 1836 nec
1625 1800 1719 1836 aliud
1736 1825 1748 1843 ‚
1775 1811 1897 1846 preter
1923 1802 2158 1846 S.Scripturae
2171 1810 2311 1840 textus.
2336 1800 2373 1837 &
2390 1799 2453 1837 Pa·

378 1861 468 1886 trum
484 1849 666 1885 sententias
678 1858 799 1884 notare
816 1848 874 1884 seu
893 1849 1034 1886 scribere
1047 1851 1271 1886 consueverat
1286 1872 1299 1891 ‚
1323 1847 1480 1886 facundia
1491 1873 1502 1892 ‚
1528 1861 1629 1896 quam
1641 1848 1674 1884 ei
1689 1849 1825 1886 dederat
1842 1860 1963 1887 natura
1978 1849 2097 1886 miram
2108 1872 2121 1892 ,
2146 1858 2271 1885 coetcra
2283 1846 2452 1896 supplen-

377 1909 409 1934 te
426 1910 436 1933 z
463 1898 540 1934 inde
555 1908 693 1945 quoque
710 1898 898 1934 uberrimus
914 1898 1004 1935 visus
1016 1899 1064 1935 est
1077 1898 1191 1935 salutis
1206 1897 1335 1935 fruetus
1349 1922 1361 1940 ‚
1387 1898 1583 1946 ubicunque
1595 1909 1672 1934 eum
1688 1898 1889 1935 concionari
1904 1899 2106 1944 contigerat.
2395 1912 2397 1914 ·

473 1946 618 1984 Laxavit
637 1948 786 1992 Angelus
805 1946 860 1982 irae
887 1947 1016 1992 phialas
1031 1947 1104 1985 fuas
1130 1959 1219 1984 anno
1237 1945 1416 1984 millefimo
1428 1946 1664 1984 sexcentesimo
1687 1946 1966 1988 decimotertio,
1989 1949 2025 1984 8<
2050 1946 2160 1985 effuso
2183 1945 2341 1992 pestifero
2365 1943 2448 1980 tabo

377 1995 551 2032 Viennam
563 1995 678 2031 infecit
692 2019 701 2029 .
729 1995 839 2032 Saluti
861 1994 1033 2032 Valeriani
1046 2006 1082 2031 ut
1098 1996 1337 2033 consuleretur
1351 2021 1360 2035 ,
1375 1994 1647 2043 Nicolspurgum
1664 1995 1818 2033 secedere
1829 2008 1908 2034 eum
1921 1995 2111 2044 aliisjutrus
2123 1995 2192 2032 est.
2220 1995 2256 2032 lu
2276 1993 2329 2029 via
2342 1994 2385 2029 ad
2398 2004 2453 2029 ar·

373 2055 452 2080 cern
466 2043 707 2080 Wilderl'dorff
717 2068 726 2082 ‚
751 2055 827 2090 quae
854 2044 1044 2092 Principem
1062 2045 1337 2082 Gundackerum
1365 2045 1407 2082 de
1421 2044 1663 2081 Liechtenstein
1680 2067 1694 2087 ,
1717 2056 1788 2080 non
1811 2044 1860 2082 ita
1875 2044 2006 2093 pridem
2025 2046 2131 2091 opera
2150 2044 2187 2079 Ρ.
2213 2041 2387 2079 Valeriani
2407 2041 2452 2078 ad

374 2094 492 2131 fidem
507 2092 724 2128 catholicam
740 2092 939 2129 conversum
953 2116 965 2136 ‚
992 2094 1182 2130 Patronum
1194 2096 1229 2132 8(
1248 2094 1434 2130 Dominum
1457 2095 1588 2138 coluit,
1615 2095 1796 2131 divertunt
1807 2118 1820 2138 ‚
1844 2094 1879 2131 8(
1893 2094 1976 2130 inea
1989 2117 2002 2136 ‚
2026 2092 2305 2140 quadragenaria.
2318 2099 2451 2127 contu·

375 2143 490 2178 maciae
514 2142 604 2185 leges
628 2141 788 2185 servant,
816 2141 925 2179 vitam
950 2143 1162 2181 claustralem
1187 2155 1286 2179 extra
1301 2143 1499 2180 claustrum
1518 2145 1709 2180 ducentes.
1737 2144 1815 2179 Hae
1834 2142 2039 2185 terminata,
2067 2141 2346 2185 Nicoll'purgum
2374 2149 2456 2174 ten-

374 2191 479 2233 dunt,
491 2201 563 2236 quo
581 2188 780 2226 Valerianus
795 2190 953 2226 Linzium
969 2192 1012 2228 ad
1029 2193 1271 2237 imperatorem
1288 2192 1453 2228 Mathiam
1465 2191 1584 2228 &e'us
1595 2191 1794 2238 Conjugem
1810 2194 1945 2229 Annam
1962 2201 2116 2233 vocatur,
2133 2190 2293 2227 Caefareae
2307 2187 2453 2225 concio-

375 2249 520 2275 naturus
539 2239 745 2285 Aulae,quod
756 2240 789 2275 8(
803 2239 899 2276 solita
909 2240 1116 2285 facundia,&
1129 2242 1213 2278 vere
1228 2241 1434 2287 Apostolico
1449 2250 1521 2287 exp
1536 2243 1611 2278 evit
1624 2240 1776 2276 zelo-Ad
1791 2239 1892 2276 finem
1906 2240 1984 2277 anui
1995 2241 2077 2278 dum
2094 2238 2262 2277 Viennam
2274 2249 2352 2275 cum
2363 2237 2454 2273 duo·

373 2288 440 2324 bus
457 2286 568 2324 Sociis
581 2287 694 2334 pergit
705 2311 717 2327 ,
744 2299 836 2324 nova
848 2287 926 2323 vitre
937 2289 1128 2325 discrimina
1138 2289 1242 2325 subit.
1257 2288 1426 2326 Crembsti
1441 2289 1531 2324 enim
1559 2289 1675 2326 screno
1689 2288 1778 2324 eoelo
1789 2299 1914 2324 navem
1937 2289 2103 2325 mercibus
2114 2289 2269 2325 onustam
2283 2285 2450 2323 conscen-

373 2338 530 2377 dit‚cum
543 2336 599 2381 spe
614 2336 734 2372 eodem
749 2336 802 2372 die
821 2336 988 2373 Viennam
1014 2338 1222 2385 attingendi.
1249 2338 1347 2374 Navi
1373 2339 1414 2373 de
1429 2337 1542 2373 littore
1567 2337 1630 2373 vix
1644 2337 1779 2379 soluta,
1804 2347 1950 2373 mutatur
1978 2336 2059 2373 corii
2075 2335 2208 2380 facies,
2233 2334 2450 2371 invalescunt

371 2384 492 2427 venti,
504 2384 628 2422 fluetus
645 2385 795 2421 Danubii
808 2385 943 2421 aestuant
959 2409 971 2427 ,
995 2386 1030 2422 8<
1043 2388 1151 2431 glacie
1166 2387 1369 2423 coacervat&
1381 2407 1393 2424 ι
1411 2386 1444 2422 8(
1456 2398 1549 2433 aquae
1561 2385 1775 2422 incumbente
1789 2385 1886 2422 navis
1901 2385 1949 2422 ita
1963 2385 2117 2430 cingitur
2155 2396 2213 2429 ut,
2224 2385 2306 2420 dum
2319 2382 2361 2420 de
2379 2381 2453 2419 vita

371 2433 486 2471 naum
501 2431 567 2471 effe
585 2444 703 2470 omnes
718 2435 908 2478 timebant,
929 2446 1003 2470 eam
1018 2435 1146 2472 salvare
1165 2447 1284 2472 omnes
1308 2436 1327 2482 (
1337 2435 1510 2472 Nauclero
1528 2434 1703 2480 excepto)
1730 2434 1946 2471 niterentur.
1976 2435 2110 2470 Durum
2123 2434 2189 2470 hoe
2205 2433 2247 2469 iis
2270 2442 2339 2467 non
2360 2429 2453 2467 acci-

374 2482 426 2518 dit
441 2505 453 2524 ,
478 2481 539 2527 qui
555 2482 742 2518 calceati&
756 2482 883 2518 ocreati
897 2492 987 2519 erant
1002 2505 1015 2526 ,
1040 2483 1086 2519 ita
1100 2485 1255 2520 acerbum
1278 2495 1392 2520 autem
1406 2494 1476 2521 erat
1493 2484 1674 2520 Valeriano
1686 2482 1720 2518 &
1741 2483 1852 2520 Sociis
1864 2508 1875 2525 ,
1899 2493 1936 2519 ut
1948 2507 1961 2525 ,
1987 2483 2070 2519 dum
2084 2482 2279 2529 nudipedes
2299 2491 2360 2527 per
2381 2477 2455 2516 fru-

377 2541 448 2567 teta
461 2530 574 2574 glacie
585 2541 749 2577 cooperta
763 2542 940 2577 penetrare
961 2542 1028 2566 non
1043 2543 1218 2577 poterant,
1245 2533 1287 2569 ad
1299 2533 1416 2569 navim
1433 2532 1567 2577 regredi
1595 2543 1800 2576 cogerentur
1816 2545 1825 2569 z
1852 2533 1968 2568 timere
1984 2532 2121 2578 quidem
2148 2531 2230 2568 coeli
2245 2538 2270 2564 t:
2286 2540 2367 2565 num
2382 2537 2452 2563 non

371 2578 542 2616 debebant
555 2602 565 2619 .
591 2590 626 2615 at
640 2590 704 2625 prae
722 2578 848 2624 frigore
873 2580 939 2616 sese
954 2579 1059 2616 noctu
1076 2582 1266 2618 morituros
1278 2582 1538 2618 existimabant.
1561 2582 1802 2625 Tabellarius‚
1826 2582 1976 2629 quicum
1990 2580 2031 2617 iis
2043 2581 2062 2617 e
2083 2581 2164 2616 navi
2177 2577 2326 2624 egressus
2348 2586 2421 2614 erat
2439 2598 2454 2618 ,

372 2628 527 2664 miseram
538 2637 657 2664 eorum
673 2628 907 2665 conditionem
922 2628 1034 2664 animo
1050 2631 1198 2666 volvens
1210 2655 1223 2674 ,
1236 2642 1344 2677 puero
1357 2654 1369 2673 ‚
1395 2640 1434 2666 ut
1449 2641 1526 2666 cum
1540 2629 1687 2674 igniario
1710 2631 1793 2667 bene
1809 2629 1970 2677 dispolito
1981 2654 1994 2674 ‚
2019 2629 2122 2665 celeri
2146 2629 2231 2674 pede
2247 2625 2450 2672 capucium

371 2676 560 2723 inquireret
574 2701 585 2719 ,
611 2677 814 2713 mandavit.
843 2677 965 2713 Adfuit
976 2678 1011 2713 8(
1026 2677 1131 2715 hiciis
1145 2689 1298 2726 tempore
1311 2701 1324 2722 ,
1345 2690 1418 2725 quo
1434 2691 1502 2725 prae
1515 2677 1644 2724 frigore
1658 2677 1720 2716 vix
1732 2690 1800 2714 non
1814 2678 1971 2723 rigebant
1988 2691 2000 2719 ;
2025 2677 2158 2724 fuitque
2173 2675 2360 2711 miserentis
2379 2673 2450 2710 Dei

371 2725 572 2761 beneficium
586 2747 601 2767 ,
624 2725 706 2760 dum
727 2725 770 2761 ad
782 2726 946 2761 desertam
973 2726 1116 2761 Insulam
1132 2727 1167 2762 in
1190 2727 1306 2764 medio
1323 2728 1474 2763 Danubii
1498 2726 1592 2763 fitam
1619 2727 1747 2764 1·εάαέὶί
1762 2751 1774 2770 ,
1799 2739 1844 2765 ex
1861 2739 1988 2764 acervo
2008 2726 2093 2763 aridi
2110 2724 2198 2770 ligni
2211 2725 2325 2767 gelata
2339 2731 2450 2758 mem-

371 2774 432 2810 bra
444 2773 533 2820 ‚jam
550 2783 610 2819 per
624 2773 716 2810 duos
729 2773 799 2809 dies
807 2773 915 2821 jejuni
929 2773 1072 2810 refecere
1086 2797 1099 2818 ‚
1127 2776 1220 2821 panis
1234 2775 1328 2812 micis
1339 2800 1352 2819 ,
1374 2787 1459 2823 quas
1477 2777 1512 2812 in
1522 2775 1605 2813 navi
1618 2775 1780 2820 dispersas
1796 2778 1951 2823 reperere
1963 2798 1979 2818 ‚
1990 2774 2148 2812 contenti
2163 2796 2173 2808 .
2203 2770 2318 2807 Noae
2342 2770 2387 2807 ad
2398 2770 2454 2816 igr

371 2834 449 2859 nem
461 2824 549 2858 inter
564 2821 697 2858 divinas
712 2822 831 2858 laudes
842 2822 1038 2869 consumpta
1053 2847 1062 2862 2
1088 2824 1204 2868 laetiad
1218 2823 1334 2860 navim
1349 2825 1587 2870 regrediuntur
1601 2848 1612 2867 ,
1635 2837 1712 2869 quae
1724 2825 1862 2871 quidem
1873 2835 1968 2859 remo
1978 2823 2083 2871 usque
2094 2821 2136 2858 ad
2151 2831 2275 2867 pagum
2293 2819 2451 2858 Treben-

372 2871 439 2907 sem
458 2870 605 2907 feliciter
623 2869 687 2908 fuit
701 2869 774 2907 aaa
787 2895 799 2912 ‚
823 2882 858 2906 at
873 2870 1009 2906 tandem
1022 2871 1129 2915 glacie
1151 2872 1186 2909 in
1199 2871 1313 2909 medio
1330 2873 1480 2910 Danubii
1496 2874 1544 2908 ita
1560 2871 1687 2908 obsessa
1703 2896 1717 2916 ,
1743 2883 1782 2908 ut
1796 2884 1856 2909 nec
1872 2882 2010 2917 pergere
2023 2894 2035 2915 ,
2061 2883 2122 2908 nec
2146 2870 2362 2906 retrocedere
2370 2876 2451 2906 'am-

372 2920 463 2967 plius
473 2919 578 2967 pollet
593 2943 604 2954 .
636 2922 672 2956 ln
686 2920 864 2957 manifesto
879 2919 957 2956 vitae
972 2918 1122 2965 periculo
1136 2932 1254 2958 omnes
1269 2930 1354 2957 vota
1368 2923 1448 2957 Deo
1463 2931 1657 2967 nuncupant
1674 2943 1687 2963 ,
1710 2921 1784 2968 ejus
1797 2920 1916 2966 gratiae
1927 2920 2072 2956 animam
2095 2919 2253 2966 precibus
2266 2926 2447 2955 commen—

295 3001 304 3011 ,
373 2969 460 3005 dant
472 2991 484 3008 ,
509 2966 690 3015 asseresque
702 2991 716 3011 ,
744 2968 868 3015 quibus
884 2969 982 3004 navis
996 2968 1086 3003 testa
1098 2980 1171 3004 erat
1183 2993 1198 3012 ,
1221 2967 1414 3005 dissolvunt
1426 2993 1440 3013 ,
1466 2968 1625 3006 structuri
1642 2969 1739 3015 super
1751 2969 1896 3017 glaciem
1917 2979 2055 3016 pontem
2073 2990 2086 3010 ‚
2110 2967 2190 3003 dum
2205 2965 2344 3002 interim
2359 2961 2446 3000 diffl

371 3017 453 3063 pagi
470 3017 592 3053 lncoloe
606 3028 673 3052 non
685 3017 752 3053 fine
765 3017 992 3062 compaffione
1007 3017 1061 3058 ‚&
1076 3015 1314 3054 submeriionis
1330 3018 1517 3064 periculum
1532 3043 1543 3062 ,
1566 3018 1602 3054 8(
1619 3017 1666 3054 rei
1678 3018 1813 3055 exitum
1833 3018 1878 3054 ad
1897 3017 1994 3054 littus
2015 3016 2234 3053 intuebantur
2249 3038 2260 3049 .
2288 3011 2376 3049 Viso
2396 3012 2444 3049 ab

371 3077 491 3102 eorum
506 3065 658 3112 quodam
673 3065 867 3102 acuminato
882 3066 1036 3112 Capucio
1046 3090 1059 3109 ,
1087 3066 1184 3103 illico
1203 3066 1370 3112 quosdam
1395 3067 1438 3104 de
1454 3068 1574 3104 nostris
1591 3067 1768 3111 Religioiis
1790 3068 1827 3102 in
1843 3066 1905 3101 illo
1927 3065 2116 3102 discrimine
2131 3063 2336 3099 constitutos
2352 3060 2419 3098 effe
2435 3083 2450 3106 ‚

373 3113 519 3157 intulit,
543 3114 578 3150 8(
593 3124 741 3161 quatuor
765 3114 1012 3158 Piscatoribus‚
1039 3125 1078 3151 ut
1094 3114 1288 3160 posthabito
1307 3115 1404 3151 omni
1417 3117 1571 3162 periculo
1593 3116 1629 3152 in
1641 3125 1760 3150 eorum
1775 3113 1965 3162 praefidium
1988 3122 2229 3159 properarent,
2255 3109 2449 3147 commilit-

372 3162 478 3199 Est&
494 3162 559 3198 hoc
581 3174 693 3201 actum
721 3162 862 3199 feliciter
878 3185 891 3205 ,
915 3174 991 3198 cum
1014 3163 1111 3200 navis
1129 3163 1309 3209 piscatoria
1333 3163 1511 3210 impolitos
1527 3165 1664 3200 fratres
1688 3164 1731 3200 ad
1747 3164 1846 3199 littus
1859 3161 1999 3199 duxerit
2014 3186 2025 3197 .
2050 3163 2226 3198 Concreto
2252 3159 2384 3204 frigore
2410 3157 2448 3195 8(

373 3211 681 3259 triduanojejunio
696 3213 892 3256 languentes
911 3210 1005 3247 illico
1020 3212 1180 3248 Matrona
1206 3212 1248 3248 ad
1264 3213 1461 3259 Hospitium
1475 3212 1616 3250 vocavit
1626 3236 1638 3255 ,
1661 3213 1695 3248 8(
1710 3213 1748 3248 es
1761 3212 1926 3249 charitate
1941 3209 2056 3247 refecit
2071 3235 2082 3253 ‚
2108 3221 2184 3257 quae
2198 3208 2445 3255 praeteritum...

373 3260 469 3296 durae
482 3260 696 3297 conditionis
710 3264 742 3296 &
758 3260 935 3305 languoris
948 3261 1063 3296 statum
1078 3260 1274 3309 adaequavit
1289 3284 1300 3296 .
1331 3261 1414 3297 lnde
1431 3263 1512 3298 dum
1528 3261 1580 3299 illi
1608 3260 1639 3298 se
1656 3265 1845 3307 perignem
1871 3265 1904 3297 3<
1919 3271 2042 3306 aquam
2057 3256 2262 3299 traniiviffe,
2288 3257 2323 3292 8(
2336 3255 2373 3290 in
2388 3266 2445 3291 re-

373 3307 550 3352 frigerium
563 3310 706 3347 eductos
722 3308 920 3354 fuiffe‚grati
937 3310 1103 3346 Matronae
1114 3310 1260 3348 afferunt
1272 3333 1285 3352 ‚
1310 3309 1380 3346 haec
1394 3310 1560 3347 somnium
1583 3309 1678 3346 suum
1697 3310 1943 3356 adimpletum,
1967 3308 2002 3345 8<
2013 3310 2034 3343 a
2046 3308 2077 3343 se
2094 3307 2158 3343 tria
2171 3305 2315 3343 Lumina
2325 3303 2363 3339 in
2374 3315 2443 3340 coe-

374 3358 412 3442 1¹0
429 3356 498 3415 visa
511 3381 524 3400 o
548 3359 583 3395 8(
599 3360 672 3417 post
687 3360 754 3396 haec
771 3368 841 3396 tres
855 3358 1047 3403 Religiosos
1060 3370 1105 3395 ex
1126 3357 1276 3396 Danubii
1299 3360 1449 3406 procella
1461 3359 1648 3397 evadentes
1661 3383 1671 3400 2
1697 3360 1732 3396 in
1745 3357 1956 3407 hypocausto
1969 3356 2031 3394 suo
2045 3355 2111 3393 vila
2132 3356 2167 3392 8(
2182 3354 2272 3391 visos
2294 3351 2359 3390 effe
2373 3350 2450 3388 Va-

393 3418 508 3443 errano
533 3417 705 3444 narravit.
1635 3434 1657 3450 4

472 3457 597 3493 Salvus
617 3457 736 3494 divinfl
759 3456 891 3492 virtute
917 3467 1008 3491 anno
1034 3456 1215 3492 millelimo
1240 3457 1478 3495 sexcentefimo
1501 3453 1635 3494 decimo
1657 3458 1783 3503 quarto
1797 3454 2039 3492 Concionator
2066 3452 2205 3490 italicus
2221 3476 2235 3495 ,
2259 3450 2294 3487 8(
2325 3448 2448 3486 Lestot
2481 3498 2485 3502 .

377 3503 522 3541 Vienna
536 3506 753 3550 delignatur3
779 3504 915 3543 biennio
927 3515 1039 3540 tamen
1053 3506 1199 3542 necdum
1213 3507 1389 3552 completo
1400 3531 1413 3550 ‚
1441 3506 1605 3543 tenuram
1629 3506 1781 3542 deserere
1793 3505 1828 3540 8(
1839 3503 1882 3540 ad
1896 3501 2153 3549 Sigismundum
2171 3501 2236 3537 ΙΙΙ.
2252 3522 2265 3556 3
2293 3498 2449 3556 Polou-inf

377 3554 516 3600 Regem
532 3578 545 3597 ,
570 3566 655 3592 anno
669 3555 849 3592 minefimo
866 3553 1107 3591 sexcentefimo
1120 3555 1250 3590 decimo
1270 3554 1371 3591 sexto
1384 3556 1416 3591 se
1432 3553 1780 3602 conferrejuffusest.
1807 3553 1983 3590 Statuerat
1998 3551 2067 3587 Hic
2090 3548 2124 3585 in
2141 3547 2307 3591 l’odolta,
2333 3547 2447 3583 ferttlt

375 3603 512 3650 quidem
528 3604 675 3640 Polonia:
689 3605 731 3641 ad
751 3606 886 3651 plagam
900 3603 1112 3640 orientalem
1130 3604 1332 3646 Provincia,
1357 3607 1378 3640 a
1392 3604 1549 3641 Tartaris
1561 3613 1671 3639 autem
1690 3603 1725 3639 8(
1744 3601 1874 3639 Tureis
1887 3599 2027 3645 penitus
2040 3598 2230 3642 devastata,
2242 3595 2446 3645 quasdam-0

373 3651 508 3696 erigere
518 3653 688 3690 Colonias
704 3677 717 3698 ,
741 3665 815 3701 quae
824 3652 934 3688 forent
957 3651 1070 3688 veluti
1082 3651 1193 3689 valida
1205 3663 1324 3688 contra
1338 3652 1457 3690 horum
1480 3650 1686 3689 incuriiones
1704 3651 1961 3696 propugnacula
1974 3671 1987 3692 ‚
2013 3647 2056 3683 ab
2072 3647 2255 3702 [jiquitibus
2278 3648 2446 3683 immacu·

372 3701 450 3741 latu
465 3700 740 3749 conceptionis,
764 3703 807 3737 ad
821 3701 908 3737 hunc
921 3701 1023 3738 finem
1045 3700 1232 3743 institutis,
1258 3701 1477 3740 custodienda
1492 3724 1502 3736 .
1531 3701 1720 3746 Exceptum
1742 3698 1853 3742 Regii
1876 3696 2113 3735 benevolentia
2137 3695 2360 3732 Valerianum
2374 3716 2388 3736 ‚
2410 3694 2446 3730 8(

372 3749 415 3785 de
429 3748 568 3785 confilio
583 3749 680 3798 plene
706 3749 906 3787 instrustum
921 3751 1003 3787 Rex
1019 3749 1168 3787 Romam
1183 3772 1192 3789 .
1216 3760 1253 3784 ut
1270 3750 1460 3788 Pontificiae
1471 3747 1687 3787 austeritatis
1702 3745 1826 3784 aceess'u
1848 3745 1894 3781 rei
1922 3745 2129 3782 acceleretur
2150 3743 2292 3782 effeetus
2311 3766 2323 3783 2
2351 3742 2444 3779 able-

373 3795 471 3843 gavit
485 3799 620 3837 ,Telam
632 3801 685 3836 hle
697 3798 871 3847 inceptam
885 3799 1023 3872 inopina
1036 3799 1128 3847 rupit
1141 3797 1286 3847 irruptio
1296 3821 1310 3845 ,
1321 3811 1389 3847 qua
1404 3800 1585 3837 Gunavus
1597 3795 1878 3845 Adelphus‚Rex
1891 3793 2204 3839 Sveciae,Regnum
2219 3789 2446 3880 Poloeaiffiinf
