2658 4256
937 261 1529 352 ·Bavaric'a‘.
2063 268 2209 349 161

216 403 452 448 quopraeterea
472 395 638 446 requisitis
661 394 820 445 Caesareis
839 392 1088 444 elementiffimis
1105 394 1335 444 facultatibus
1349 419 1359 433 ‚
1384 396 1446 437 ea,
1473 389 1541 440 qud
1552 386 1639 446 fieri
1653 388 1769 436 potuit
1782 412 1794 432 2
1818 390 2021 435 celeritate,
2044 403 2084 427 ac
2099 392 2275 440 sollicitu-

215 446 295 484 dine
309 442 386 482 Nos
409 445 447 479 in
472 445 559 481 hanc
573 442 1026 482 ‘BavaricamProvinciam
1051 442 1251 479 intulimus·
1278 441 1526 489 ‘vbiinprimo
1540 436 1634 474 maus
1657 436 2062 492 Qonventu,‘Schardin
2086 452 2136 484 ιε,
2157 441 2273 487 publi.

215 493 301 531 casis
320 504 428 528 coram
451 492 565 530 RAP.
591 490 831 535 Provinciali,
852 491 894 532 ὼ·
915 493 990 527 tota
1015 490 1077 526 illa
1097 492 1143 526 ad
1166 491 1225 526 hoc
1239 490 1437 538 specialiter
1459 490 1498 524 in
1521 484 1709 534 Refefiorso
1727 491 1932 541 congregata
1954 487 2048 524 Fami
2062 491 2098 524 id
2126 515 2136 530 ‚
2160 488 2274 525 literis

214 538 332 588 nostris
360 539 705 592 Commffffarialibm,
729 551 768 586 (ις
781 538 943 588 sufieptis
968 536 1107 584 *sigillis
1130 538 1349 581 Provinciae,
1373 535 1612 583 notificatoque
1629 541 1692 582 per
1719 532 1856 572 litteras
1880 537 1924 571 ad
1947 548 2057 574 omnes
2071 537 2272 574 Conventus

213 586 321 639 miffas
336 613 349 632 ,
375 588 499 638 Nostro
519 592 557 626 in
570 602 641 626 eam
662 589 839 631 adventu,
851 584 1101 626 monachium
1112 587 1369 632 properavimus
1381 610 1391 621 .
1417 585 1488 620 vbi
1501 581 1725 631 Congregatis
1749 579 1833 617 RR.
1852 582 1936 620 ‘PR
1964 584 2182 621 Provinciali
2196 609 2205 622 2
2232 585 2274 625 (β’

213 637 501 684 Definitoribus,
518 637 650 687 sensum
671 635 806 672 illorum
820 635 923 683 super
947 634 1081 670 intenta*
1100 631 1260 680 divisione
1277 633 1499 675 Provincia,
1523 632 1565 672 ὼ·
1579 630 1796 678 separatione
1821 629 2034 668 Franconicae
2060 636 2081 669 ἂ
2108 631 2276 668 ‘Bavaria

212 688 454 724 convenienter
478 685 724 735 exploravimus
737 695 750 722 ς
775 684 843 730 qud
855 682 1014 731 divisione
1038 678 1308 727 &separatione
1322 682 1365 715 ab
1388 680 1460 727 ipsis
1486 680 1699 715 unanimiter
1727 688 1795 712 non
1809 677 1917 724 solum
1939 682 2161 716 conveniente
2183 704 2194 723 ,
2211 680 2275 728 sed

211 737 316 771 etiam
339 737 472 771 omnino
487 733 671 781 necessaria
681 730 862 779 judicata,
888 730 947 766 hoc
971 741 1013 766 ue
1025 728 1127 778 sensu
1142 726 1206 775 suo
1217 728 1283 774 sub
1296 727 1348 775 his
1361 728 1432 775 ipsts
1448 728 1608 763 terminis
1623 722 1737 765 Nobis
1754 724 1884 773 scripto
1897 726 1965 763 riti
1989 728 2160 765 extradito
2174 753 2186 772 ,
2210 737 2272 776 pro

212 781 408 819 franconici
428 782 505 821 Nos
517 777 675 819 continuo
685 778 893 814 accinximus
906 803 916 814 .
973 787 989 814 t
1010 776 1167 826 instituta
1181 774 1374 823 Bambergae
1387 775 1497 811 altera
1516 775 1787 822 Congregatione
1807 783 1848 809 ex
1871 786 1988 810 novem
1999 788 2072 812 cum
2090 776 2154 823 suo
2174 775 2275 813 ΚΡ.

210 831 353 879 Custode
370 833 477 879 magt,
495 828 674 878 praecipuis
695 850 707 869 ,
733 825 776 865 ὠ·
787 825 983 872 senioriBus
1004 825 1168 863 Patribus
1184 820 1378 859 Franconiae
1392 851 1403 862 ,
1427 822 1608 858 eorundem
1627 823 1762 868 pariter
1777 820 1910 869 fiensum
1924 823 2030 869 super
2043 825 2189 872 praefata
2216 824 2275 860 di-

210 881 250 916 vi
261 891 332 916 tone
355 879 549 918 Provinciae
561 901 575 919 ‚
598 874 871 921 &separatione
892 872 1087 911 Franconiae
1107 873 1128 907 ά
1143 871 1301 907 Bavaria
1323 870 1434 907 debite
1454 869 1726 918 exploravimus.
1752 868 1798 905 Et
1821 871 1962 908 inveuto
1976 869 2032 906 illo
2046 881 2106 918 per
2124 874 2273 910 omnia-o

207 928 372 975 uniformi
386 938 462 965 cum
476 924 577 973 sensu
591 948 602 966 ,
626 923 668 963 (θ’
681 920 813 970 Judicio
827 921 985 957 Patrum
999 920 1166 956 ‘Bavariae
1179 943 1194 968 v‚
1219 918 1308 966 quod
1333 920 1495 954 nimirum
1522 917 1638 966 divisio
1658 917 1857 955 Provinciae
1871 941 1883 960 2
1909 917 1952 958 &³
1969 920 2142 966 separatio
2163 919 2274 957 Fran-

209 977 332 1012 conicae
356 974 377 1011 ὰ
397 974 553 1011 Bavaria
567 971 612 1020 sit
636 970 768 1005 omnino
792 966 998 1018 neceffaria:
1024 968 1146 1015 hocque
1160 967 1262 1015 sensu
1276 966 1340 1015 suo
1366 965 1480 1006 Nobis
1495 966 1652 1014 similiter
1667 964 1736 1016 sub
1757 965 1874 1014 iisdem
1887 968 2042 1002 terminis
2062 967 2191 1016 scripto
2205 966 2275 1005 rite

219 1023 393 1061 extrudite
403 1045 417 1066 ,
438 1018 633 1065 ‘Bamberga‘
641 1016 804 1066 solvimus
818 1040 831 1060 ,
855 1019 899 1058 ὼ·
915 1017 1136 1066 visitationem
1153 1016 1346 1052 Provincia
1361 1014 1623 1065 aggressisumus
1641 1040 1651 1050 .
2249 1064 2252 1066 ‚

306 1069 391 1119 Q
405 1067 594 1106 Provincia
612 1073 674 1111 per
700 1073 880 1112 utramque
901 1064 1114 1106 Bovarium,
1141 1062 1391 1108 Frena-oniam,
1412 1073 1545 1111 partem
1563 1064 1701 1101 Sveviae
1713 1088 1726 1108 ‚
1753 1061 2005 1100 Palatinatum
2031 1064 2248 1111 Superiorem
2263 1088 2278 1108 ,

209 1119 256 1162 ὁ·
274 1117 319 1154 ad
341 1115 536 1154 Almonium
562 1111 657 1160 longe
672 1136 686 1156 ,
709 1111 842 1160 lateque
860 1111 1003 1198 djffuffi'
1028 1110 1161 1157 integri
1181 1111 1318 1161 vificatci
1343 1114 1361 1159 (
1377 1112 1435 1152 nili
1466 1113 1555 1160 quod
1578 1111 1718 1150 Fratres
1743 1109 1957 1160 quorundam
1979 1121 2164 1159 paucorum
2188 1113 2279 1149 Con·

207 1176 375 1204 ventuum
393 1163 414 1200 a
433 1165 494 1200 viti
517 1162 698 1199 ordinaria
721 1161 853 1209 longius
899 1161 1071 1212 islantium
1082 1160 1147 1197 alio
1160 1160 1204 1195 ad
1227 1171 1285 1195 nos
1305 1162 1569 1209 vocaverimus)
1594 1161 1791 1210 auditisque
1805 1161 1911 1210 super
1933 1160 2006 1210 ejus
2029 1160 2190 1208 divisione
2206 1171 2274 1195 om-

209 1215 311 1252 nibus
334 1212 406 1262 ejus
419 1211 590 1260 numerosis
603 1207 811 1259 Fratribus,
831 1219 1057 1260 praeterquam
1074 1209 1274 1260 junioribus
1296 1209 1393 1256 infra
1408 1219 1570 1258 quartum
1596 1209 1789 1257 Religionis
1802 1220 1932 1259 annum
1950 1234 1964 1253 ‚
1989 1217 2104 1257 utpote
2124 1219 2273 1256 quorum

202 1261 345 1312 scnsus,
370 1262 413 1303 ὼ·
426 1261 561 1309 judicia
571 1257 629 1296 vel
643 1256 784 1295 maxim?
803 1259 842 1294 in
860 1258 1050 1307 hujusmodi
1099 1257 1296 1294 ravioribus
1313 1257 1508 1305 Religionis
1523 1259 1623 1295 rebus
1638 1287 1648 1302 ,
1673 1257 1879 1306 insensu&
1896 1257 2031 1306 judicio
2046 1258 2275 1306 Super-iorum

214 1311 401 1347 eminenter
416 1310 637 1346 continentur
651 1332 664 1351 ‚
683 1305 787 1355 probe
807 1309 1017 1355 reperimus,
1041 1306 1070 1341 il
1082 1317 1115 1342 os
1135 1317 1243 1341 omnes
1254 1314 1379 1353 praeter
1395 1306 1481 1353 solos
1505 1317 1653 1355 quatuor
1665 1333 1678 1353 ,
1704 1308 1747 1348 (ς’
1765 1307 1824 1343 hos
1855 1307 2035 1355 inferioris
2069 1306 2279 1342 conditionis

214 1359 259 1400 ὁ·
277 1368 376 1402 notae,
386 1358 486 1407 prius
500 1369 575 1402 ore,
602 1355 722 1392 deinde
737 1357 882 1404 propria
892 1355 1011 1391 manus
1027 1353 1258 1402 Chirograpbo
1267 1363 1329 1402 pro
1343 1354 1432 1391 dieta
1442 1355 1603 1404 divisione
1609 1355 1734 1408 sensisse
1750 1368 1761 1391 ι
1786 1355 1866 1391 aliis
1881 1355 2016 1404 quidem
2035 1356 2155 1391 bonam
2167 1378 2181 1397 ,
2200 1353 2280 1390 aliis

213 1406 296 1443 vero
316 1408 435 1444 bonam
458 1406 499 1446 ό·
516 1405 634 1442 utilem
647 1428 660 1446 ,
685 1403 765 1440 aliis
782 1414 894 1440 autem
906 1428 919 1448 ,
943 1405 986 1446 &⁴
1007 1403 1059 1439 his
1068 1402 1237 1451 plerisque
1253 1405 1372 1440 bonam
1385 1430 1395 1446 ‚
1420 1403 1539 1441 utilem
1551 1428 1564 1449 ,
1589 1406 1633 1446 ὼ·
1652 1403 1867 1456 neceffariam
1880 1427 1893 1447 ,
1917 1403 1997 1441 aliis
2011 1403 2149 1441 tandem
2169 1403 2280 1444 omni,-

213 1465 282 1497 no,
307 1464 370 1492 aut
390 1451 531 1490 maxime
560 1449 773 1501 neceffariam
797 1452 890 1488 illam
914 1451 1182 1498 judicantibus,
1207 1452 1250 1494 ὠ·
1273 1449 1495 1502 afferentibus
1511 1477 1523 1496 ,
1548 1454 1749 1502 quibusdam
1765 1452 1987 1490 nihilominus
2016 1462 2057 1488 ex
2074 1451 2278 1499 junioribus

204 1501 314 1585 [ιιὲρνα
335 1512 498 1550 quartum
518 1500 710 1548 Religionis
733 1511 861 1538 annum
873 1526 886 1546 ,
911 1501 954 1543 ὼ·
978 1499 1151 1547 aliquibus
1170 1502 1294 1550 paucis
1307 1500 1492 1539 Fratribus
1508 1502 1626 1540 Laicis
1637 1503 1678 1552 st·
1692 1504 1732 1539 in
1755 1500 1966 1539 voluntatem
1977 1501 2201 1548 Superiorum
2210 1499 2282 1547 ple-

215 1561 239 1585 n
280 1561 363 1587 remi
386 1563 413 1587 ιε
430 1575 441 1587 .
2103 1578 2105 1580 -

360 1610 396 1635 oc
404 1599 501 1648 posito
515 1624 528 1645 ,
555 1598 599 1641 ὁ·
622 1598 794 1648 explorata
809 1598 1001 1683 etiamdsuis
1012 1596 1249 1650 differentibus
1260 1624 1273 1643 ‚
1295 1599 1509 1647 propriisque
1529 1598 1609 1635 locis
1621 1600 1663 1641 &⁴
1677 1598 1882 1645 temporibus
1895 1599 1934 1633 in
1947 1597 2061 1633 eadem
2084 1596 2259 1646 divisionis
2270 1625 2282 1640 ,

214 1647 499 1696 &separationis
523 1648 623 1697 causa
634 1649 835 1696 Principum
849 1672 860 1691 ,
884 1660 904 1683 a
945 1648 1201 1697 quosspefiabat
1214 1672 1227 1692 ,
1263 1647 1497 1694 aliorumque,
1525 1658 1668 1693 quorum
1681 1643 1836 1697 intereffe
1848 1647 2059 1689 videbatur,
2085 1646 2280 1683 intentione

216 1695 261 1737 ἐν
274 1695 451 1733 voluntate
464 1720 477 1739 ,
489 1697 531 1738 &⁶
543 1705 674 1743 reperto
690 1722 700 1739 ,
726 1696 814 1745 quod
832 1696 892 1744 ipfi
902 1695 995 1731 illam
1007 1698 1130 1733 nedum
1153 1707 1220 1731 non
1236 1695 1461 1742 aversentur,
1478 1693 1541 1742 fid
1568 1697 1672 1732 etiam
1692 1695 1841 1744 apprime
1862 1695 2048 1744 desiderent
2071 1706 2084 1735 3
2110 1704 2182 1731 tum
2204 1695 2280 1735 de„

221 1744 296 1793 ejuls
309 1744 401 1781 modo
422 1745 594 1781 duntaxat
603 1745 751 1792 solliciti
756 1744 890 1792 fuimus
900 1766 913 1786 ,
937 1744 980 1785 &⁸
991 1745 1037 1780 ad
1047 1745 1087 1779 id
1098 1745 1238 1780 tertiam
1253 1743 1556 1791 Congregationem
1570 1744 1717 1783 Patrum
1738 1743 1947 1793 instituimus
1960 1755 1981 1782 .'

262 1823 264 1826 .
316 1791 399 1842 Q
425 1803 466 1828 ex
485 1793 665 1840 praecipuis
679 1791 884 1827 “Provincia
910 1792 1078 1829 Patribus
1091 1791 1251 1828 ‘Bavaris
1267 1815 1280 1835 ‚
1309 1790 1544 1828 Franconibus
1560 1816 1568 1832 .
1593 1793 1778 1829 ‘Palatinis
1793 1817 1804 1835 ‚
1830 1794 1874 1834 ἐφ
1897 1794 2026 1830 Svevis
2059 1794 2148 1840 (qui
2166 1793 2208 1834 ἐς·
2223 1791 2283 1840 ipsi

217 1841 517 1889 impraesentiarum
529 1840 634 1888 super
649 1841 722 1889 suae
746 1838 916 1878 Nationis
940 1840 1146 1890 Monasteria
1165 1840 1283 1876 audiri
1301 1839 1513 1885 voluerunt)
1539 1841 1749 1878 Landishuti
1772 1841 1882 1878 confici
1900 1865 1911 1884 ‚
1936 1843 1974 1877 in
2009 1842 2048 1877 ea
2072 1842 2112 1878 de
2140 1841 2286 1889 prafato·

216 1889 309 1926 modo
331 1889 523 1938 divisionis,
539 1887 603 1934 fia
630 1901 703 1937 quae
726 1886 931 1935 Monasteria
956 1889 999 1930 ἀπ’
1016 1889 1086 1925 loca
1105 1890 1195 1931 uni,
1219 1900 1292 1936 quae
1311 1888 1414 1926 alteri
1436 1891 1534 1938 parti
1556 1891 1743 1927 obveniant
1758 1913 1771 1933 ‚
1799 1890 1981 1928 trafiatum
2011 1889 2078 1938 est:
2106 1891 2151 1927 Et
2166 1890 2283 1937 auspi-

216 1946 316 1975 cante
328 1937 412 1974 ‘Deo
426 1962 438 1981 ‚
460 1938 523 1985 qui
541 1937 602 1973 dat
624 1938 777 1974 omnibus
802 1935 987 1985 affluenter
1004 1962 1017 1981 ,
1040 1938 1076 1974 eo
1100 1939 1199 1974 brevi
1221 1939 1315 1975 inter
1340 1938 1424 1987 ipsos
1447 1937 1552 1975 amice
1570 1962 1582 1979 2
1607 1941 1650 1981 (β’
1671 1938 1889 1981 charitative
1903 1939 2088 1976 deventum
2103 1963 2115 1982 ,
2140 1940 2283 1980 &ita-.-

214 1995 423 2022 conventum
445 1985 487 2039 esi
499 2011 509 2028 ,
526 1986 613 2034 ficut
640 1995 681 2023 ex
693 1982 884 2022 immediate
908 1986 1066 2023 antelefio
1079 1986 1196 2022 ‘Brevi
1213 1986 1389 2033 Pontificio
1405 2011 1418 2031 ,
1441 1987 1480 2022 in
1495 1999 1559 2035 qno
1584 1989 1697 2025 eadem
1714 1988 1906 2026 Con-ventio
1924 1988 1970 2023 ad
1984 1988 2126 2024 verbum
2144 1987 2279 2036 inserta

218 2032 285 2084 eft,
314 2034 485 2082 percipere
502 2034 604 2082 fuit,
629 2035 672 2076 ἐν
699 2032 795 2083 infra
812 2041 875 2080 per
888 2033 966 2073 Nos
987 2036 1091 2084 juxta
1106 2034 1248 2083 ejusdem
1274 2035 1406 2071 ‘Brevis
1429 2045 1576 2073 tenorem
1590 2036 1765 2086 statuetur
1798 2066 1804 2070 .
1839 2037 1882 2078 ὠ·
1906 2037 2158 2085 designabitur.
2191 2033 2285 2086 Qt‘f

224 2082 460 2119 Conventione
483 2083 564 2118 dein
574 2090 635 2130 per
650 2081 729 2120 Nos
742 2107 755 2126 ,
780 2079 852 2118 und
872 2095 946 2120 cum
975 2083 1055 2120 aliis
1073 2084 1201 2121 afiibus
1213 2107 1225 2124 ‚
1250 2083 1293 2125 ἶς’
1311 2084 1463 2133 disiinffia
1481 2085 1647 2125 relatione
1673 2086 1896 2135 commissionis
1915 2085 2028 2135 nostrae
2063 2084 2204 2122 Romam
2234 2086 2279 2122 ad

222 2129 274 2166 A.
288 2127 334 2164 R.
349 2128 402 2164 P.
421 2126 600 2166 Vicarium
613 2130 656 2171 ᾤ’
669 2130 931 2168 Procuratorem
946 2131 1145 2170 Generalem
1163 2128 1254 2182 miffa‘
1268 2155 1281 2174 ,
1294 2133 1336 2168 ab
1349 2144 1449 2180 eoque
1470 2134 1516 2169 ad
1527 2133 1767 2182 Sanfiiiffimum
1785 2133 2035 2184 supplicatione
2056 2134 2150 2181 fac'ia
2166 2162 2172 2166 .
2201 2135 2283 2170 inde

221 2176 410 2226 praefatum
425 2177 663 2227 ‹Apostolicum
683 2178 855 2228 divisionis
873 2178 992 2218 ‘Breve
1012 2181 1210 2224 emanavit,
1235 2177 1415 2230 IVobisque
1429 2190 1492 2231 per
1515 2183 1656 2220 cundem
1671 2185 1719 2220 A.
1732 2181 1779 2221 R.
1793 2184 1837 2222 P.
1854 2182 1892 2222 V
1888 2184 2037 2220 icarium
2048 2205 2061 2226 ,
2088 2183 2131 2224 &³
2149 2182 2282 2222 Procu-

224 2234 373 2262 ratorem
391 2225 591 2263 Generalem
615 2226 680 2264 huc
695 2223 1000 2277 transmiffumfuit
1018 2255 1028 2266 .

297 2290 303 2296 ·
323 2273 364 2309 ln
377 2285 440 2321 quo
453 2299 467 2318 ,
500 2276 583 2323 quia
596 2273 710 2313 Nobis
723 2276 925 2325 <Apostolica
939 2278 1156 2315 Aufioritate
1181 2290 1385 2328 quacunque
1401 2279 1584 2331 neceffaria
1596 2305 1608 2324 ,
1641 2282 1684 2323 &⁶
1698 2290 1887 2330 opportuna
1901 2279 2056 2329 facultas
2076 2303 2089 2324 ,
2122 2279 2167 2321 ὠ·
2178 2278 2284 2328 Ιὶσεηὴ

222 2321 276 2360 tia
300 2321 473 2359 tribuitur
488 2346 500 2366 ,
530 2323 617 2358 hanc
641 2324 766 2373 defafio
791 2325 921 2363 Franco
936 2347 947 2354 ·
965 2326 1174 2363 Bavaricam
1201 2327 1422 2365 Provinciam
1443 2329 1546 2377 juxta
1567 2329 1772 2379 supradifiae
1796 2339 1920 2367 mutua
1944 2328 2183 2365 conventionis
2207 2323 2288 2377 defi·

223 2371 421 2418 gnationem
445 2371 488 2412 ὠ·
513 2370 749 2420 dispositionem
770 2375 883 2411 eadem
895 2374 1084 2424 Apostolica
1106 2376 1328 2412 Aufiioritato
1340 2377 1501 2424 perpetuo
1524 2377 1736 2422 dividendi,
1770 2391 1808 2414 ac
1832 2389 1873 2414 ex
1897 2378 2160 2419 Conventibus,
2197 2378 2288 2414 Con·

224 2427 389 2455 ventuum
409 2418 557 2467 fabricis
571 2443 583 2462 ,
611 2420 654 2462 ὁ·
679 2422 869 2472 Miffionum
895 2421 976 2459 locis
991 2447 1003 2467 ,
1031 2425 1074 2459 ab
1099 2437 1138 2460 ea
1159 2425 1258 2472 juxta
1289 2425 1426 2461 eandem
1452 2429 1708 2463 conventionem
1724 2427 1973 2476 segregandis,
1997 2426 2040 2467 (θ’
2055 2425 2258 2473 separandis
2274 2449 2288 2468 ,

228 2464 373 2502 alteram
400 2468 622 2505 Provinciam
641 2467 837 2508 Franconiae
860 2472 1124 2520 nuncupandam
1137 2474 1204 2521 sub
1231 2471 1347 2510 Titulo
1361 2496 1374 2516 ‚
1409 2474 1452 2515 ὠ·
1474 2473 1598 2521 Sigillo
1616 2477 1656 2513 S.
1673 2474 1816 2525 Josephi
1844 2487 1918 2511 cum
1939 2474 2092 2510 omnibus
2113 2474 2256 2522 juribus
2273 2498 2288 2518 ,

223 2513 423 2562 privilegiis
436 2515 478 2558 &¹
493 2515 720 2565 facultatibus
732 2543 744 2562 ‚
775 2519 853 2556 aliis
867 2519 1076 2557 Provinciis
1091 2521 1238 2559 Ordinis
1259 2522 1541 2569 competentibus,
1567 2524 1680 2560 eadem
1703 2523 1892 2573 Apostolica
1907 2521 2143 2560 ‹Aufioritate
2162 2524 2284 2559 itidem

222 2562 387 2610 perpetuo
409 2564 589 2612 erigendi,
619 2566 900 2616 &institueadit
927 2566 1076 2607 Necnon
1083 2570 1186 2619 jnxta
1210 2570 1437 2612 concordata,
1455 2571 1518 2618 seu
1542 2573 1779 2612 concordanda
1804 2572 1875 2621 ipsis
1897 2571 2031 2608 duabus
2044 2570 2214 2608 ‘Bavariae
2237 2572 2281 2612 ὠ·

223 2609 422 2650 franconia
433 2612 633 2651 Provinciis
654 2617 756 2653 etiam
767 2616 905 2654 illarum
920 2617 1154 2659 Conventibus
1166 2618 1289 2655 limites
1302 2643 1315 2662 ,
1336 2617 1481 2665 confinia
1493 2643 1506 2662 ‚
1530 2619 1697 2670 distrifius
1710 2645 1723 2664 ,
1736 2621 1779 2662 ἐν
1793 2620 2046 2668 quaestuationes
2064 2619 2253 2668 affignandi
2275 2647 2286 2663 ,

227 2660 417 2717 omniaque⁸
430 2660 472 2702 ό·
474 2661 611 2710 singula
625 2662 840 2715 aliajustitiae
850 2666 1077 2716 distributive
1088 2693 1098 2709 ‚
1125 2667 1304 2707 Charitati
1319 2668 1362 2710 ἐν
1372 2668 1452 2716 paci
1461 2668 1686 2718 consentanea
1706 2670 1819 2707 eadem
1834 2669 2054 2708 Aufiioritate
2063 2669 2240 2719 statuendi
2256 2692 2272 2713 ,

226 2706 272 2748 ὠ·
286 2709 475 2744 executioni
492 2710 702 2748 demandari·
729 2715 888 2753 aciendi.
994 2731 997 2734 >
1104 2748 1107 2751 .
1125 2728 1127 2730 ·
1326 2755 1329 2758 ,
1847 2750 1849 2753 v
2066 2739 2072 2743 '
2233 2735 2237 2737 ⁷
2276 2732 2279 2736 “

327 2751 404 2810 Nos
424 2754 483 2791 Fr.
500 2758 675 2795 Antonius
694 2773 715 2796 a
731 2762 940 2810 Cramburgo
952 2788 965 2808 ‚
990 2763 1137 2800 Ordinis
1158 2765 1336 2802 MInorum
1353 2765 1390 2801 S.
1403 2762 1580 2814 Francifiti
1593 2765 1846 2814 Capucinorum
1859 2789 1872 2808 ‚
1899 2764 2072 2811 Definitor
2085 2764 2282 2809 Generalis,

231 2802 275 2844 ὡ·
289 2801 484 2839 Provmctae
507 2805 632 2887 SPriae
654 2807 731 2844 Ex·
745 2809 1001 2854 Provincialis,
1025 2823 1153 2848 necnon
1177 2815 1214 2847 in
1237 2812 1299 2848 hac
1316 2811 1450 2848 Franco
1496 2814 1669 2850 Bavarica
1695 2814 1887 2851 Provincia
1905 2810 2068 2860 Visitator
2082 2836 2096 2854 ‚
2120 2813 2163 2853 &⁵
2185 2814 2282 2851 Com—

223 2845 400 2900 miffarius
414 2850 534 2900 Aposto
549 2854 646 2908 icus,
656 2855 809 2901 praedifiio
822 2857 1019 2907 ‘Apostolico
1033 2859 1147 2897 “Brevi
1173 2861 1262 2896 omni
1284 2859 1455 2908 demistone
1467 2884 1480 2903 ,
1505 2862 1703 2899 reverentia
1720 2885 1733 2903 ‚
1760 2861 1802 2902 ὠ·
1828 2860 1889 2907 res
1901 2860 1972 2896 efiu
1991 2859 2104 2898 debite
2124 2862 2288 2910 obtempe-

230 2897 341 2935 rando
354 2920 368 2940 ,
393 2909 432 2934 ac
446 2901 559 2936 tenori
582 2912 653 2950 ejus
699 2913 735 2938 er
760 2904 870 2938 omnia
892 2906 1084 2941 inhaerendo
1097 2930 1110 2948 ‚
1131 2916 1312 2943 convocato
1334 2908 1375 2942 de
1402 2919 1491 2944 more
1509 2933 1522 2950 ,
1547 2921 1607 2944 nec
1623 2919 1689 2943 non
1710 2910 1897 2956 exspeciai
1918 2908 2151 2946 Ordinatione
2175 2913 2224 2947 A.
2239 2910 2287 2947 R.

228 2946 284 2982 P.
310 2946 580 2991 Procuratoris,
603 2949 645 2990 (ῥ’
703 2951 805 2986 icarii
824 2950 1002 2988 Generalis
1020 2979 1030 2994 ,
1054 2954 1210 3002 occasione
1233 2956 1462 3001 proximorum
1485 2957 1708 2993 Comitiorum
1737 2957 1957 2994 Generalium
1969 2983 1983 3002 ‚
2011 2957 2171 3006 Capitulo
2197 2960 2286 2997 Pro-

227 2992 378 3031 vinciali
401 2993 503 3043 hujus
524 2994 652 3033 Franco
666 3019 678 3024 -
692 2997 872 3034 Bavaricae
896 3000 1090 3037 Provincia
1111 3002 1149 3036 in
1158 3002 1221 3038 ‚hoc
1242 3001 1310 3038 loco
1331 3013 1372 3036 no
1385 3000 1435 3039 iro
1463 3003 1661 3047 Monachii‚
1687 3005 1825 3042 eandem
1842 3018 1934 3043 nunc
1947 3031 1959 3050 ,
1985 3007 2028 3049 &³
2045 3007 2087 3043 de
2105 3010 2283 3054 praeterito

227 3041 361 3081 Franco
375 3063 386 3067 --
406 3042 620 3083 ‘Bavaricam
641 3044 900 3092 Provinciam,
925 3047 1112 3096 Apostolicd
1126 3048 1342 3086 Aufforitate
1399 3051 1469 3086 obis
1490 3052 1529 3086 in
1554 3051 1616 3087 hac
1664 3062 1740 3089 arte
1756 3078 1769 3097 ,
1803 3064 1844 3090 ut
1859 3055 1990 3106 supra,
2017 3056 2167 3103 concessa
2187 3080 2200 3099 ,
2225 3059 2280 3093 ita

229 3088 392 3141 perpetuo
411 3091 616 3140 infuturum
630 3093 845 3138 dividimus,
870 3097 912 3138 (ς’
925 3096 1068 3144 divisam
1091 3095 1150 3147 effe
1173 3097 1338 3141 dicimus,
1361 3098 1571 3136 decernimus
1584 3123 1598 3143 ‚
1609 3059 1816 3185 lssstuimus,
1842 3104 1884 3144 ὼ·
1903 3103 2114 3140 declaramus
2128 3128 2137 3143 ‚
2161 3115 2202 3141 ut
2215 3105 2287 3154 ipsa

233 3149 276 3175 ex
289 3150 360 3176 una
369 3146 469 3185 parte
474 3141 542 3188 sub
561 3143 675 3190 priori
702 3144 744 3185 ὼ·
752 3143 893 3194 pristino
905 3147 1038 3180 nomine
1058 3145 1226 3181 ‘Bavariae
1237 3170 1250 3189 ,
1274 3157 1313 3182 ac
1331 3145 1447 3183 Titulo
1467 3147 1509 3188 ὡ·
1529 3149 1609 3194 Sigi
1623 3148 1652 3184 lo
1667 3149 1865 3199 ‘Beatiffimae
1884 3149 1927 3189 V.
1943 3152 2071 3190 Μανία
2083 3151 2288 3200 Oetinganae

231 3186 396 3273 quiuin
403 3188 446 3229 ά·
462 3191 612 3229 retineat
622 3190 803 3241 sequentia
818 3192 1023 3243 Monasteria
1036 3217 1049 3239 ,
1073 3193 1235 3244 Hospitio
1259 3217 1272 3239 ‚
1295 3195 1338 3237 ὠ·
1357 3195 1548 3246 Mtffionum
1566 3196 1638 3234 loca
1654 3223 1666 3241 ,
1689 3196 1897 3248 alphabetico
1921 3201 2042 3237 ordine
2054 3200 2110 3237 hic
2124 3201 2260 3252 pofita.)
2273 3226 2289 3246 ,

305 3248 317 3271 t
414 3262 424 3273 .
2207 3261 2210 3265 -

465 3361 502 3389 ι.
565 3344 773 3406 Ανιίἱηιξαι.
1412 3365 1476 3394 ιο.
1537 3353 1825 3412 Rosinbemium
1837 3385 1849 3396 .
1875 3378 1876 3381 =

464 3418 503 3446 2.
564 3406 803 3450 Brunovium
815 3437 827 3449 .
1412 3425 1426 3454 1
1442 3425 1475 3453 ι.
1535 3413 1777 3470 Schardinga
1789 3420 1807 3456 '.

464 3477 503 3518 3.
563 3465 827 3522 Burghustum
844 3496 856 3508 .
1203 3522 1206 3526 .
1411 3484 1426 3511 1
1439 3484 1478 3511 τι.
1535 3472 1780 3528 straubinga
1793 3504 1805 3515 .

460 3534 504 3575 4.
564 3525 890 3582 Deggendorfium
904 3544 916 3567 a
1409 3542 1425 3571 1
1435 3542 1453 3582 3
1463 3556 1474 3568 .
1532 3530 1871 3588 schwandorffium
1882 3560 1894 3572 .

464 3592 487 3631 5
567 3585 849 3626 Landisbutum
865 3613 878 3626 .
1411 3599 1474 3640 14·
1538 3590 1753 3632 Traunium
1766 3618 1780 3630 .

466 3641 508 3680 6.
568 3642 819 3685 Monacbtum
830 3671 843 3684 .
1411 3658 1425 3687 ι
1434 3657 1476 3693 5.
1538 3647 1811 3689 Turckemium
1822 3677 1835 3689 .

465 3707 508 3745 7.
566 3701 780 3757 Neoforum
800 3730 812 3742 .
1412 3703 1476 3744 16.
1541 3704 1791 3746 Vilsbovium.

469 3755 508 3794 8.
569 3757 780 3800 Ratisbona
797 3787 809 3798 .
1335 3797 1339 3801 .
1413 3773 1427 3800 1
1438 3772 1478 3809 7.
1537 3761 1855 3819 Wffrburgum
1874 3792 1886 3806 .

370 3820 380 3826 ”
466 3824 508 3864 9·
567 3815 689 3858 Rieda
707 3845 721 3862 .
1189 3861 1191 3863 ,
1412 3818 1477 3859 18.
1541 3820 1891 3880 Burglengenftlda
1903 3851 1919 3877 ,
1938 3822 2106 3883 fltbrica
2123 3830 2233 3876 Mon.

335 3863 427 3907 Tom.
444 3865 509 3905 IV.
1517 3877 1554 3914 X
2089 3896 2142 3931 ¹9·
2157 3883 2252 3931 Mos-
