2658 4256
423 261 585 327 102

354 372 607 432 perditissimi
635 384 797 427 quoque
817 369 1011 426 Religiofi
1031 368 1195 410 fimilem
1224 370 1364 411 tranfi-

353 446 438 477 tum
456 434 601 475 eodem
617 430 706 486 jure
725 440 913 484 poterunt
931 429 1145 482 praestolari
1159 453 1173 466 .

414 493 613 548 Quinimo
645 488 804 530 videtur
831 489 963 544 potius
976 517 992 538 ,
1021 485 1131 543 quod
1163 484 1363 542 hujusmo—

353 553 397 595 di
421 548 600 593 animosae
625 547 828 602 petitionis
851 546 1074 603 principale
1091 546 1294 586 motivum
1316 547 1361 586 fit

351 611 541 666 suspirata
558 605 727 649 vindicta
740 632 754 653 ‚
774 619 892 661 quam
908 605 978 647 filii
992 604 1363 659 rebelles‚praeten-

352 670 396 715 si
414 667 666 723 promotione
683 665 846 720 privati,
861 665 914 706 de
933 664 1095 720 propria
1111 666 1246 706 Matre
1262 665 1366 705 Pro-

355 727 485 770 vincia
501 755 514 776 ,
545 727 584 765 &
605 724 821 780 Religione
849 722 913 765 sua
940 723 1099 765 sumere
1113 735 1194 766 non
1208 722 1360 765 abhor-

351 796 448 830 rent
465 798 538 839 per
553 794 778 827 extremum
790 811 803 833 ,
818 780 928 838 quod
945 781 996 823 ab
1011 781 1105 823 inde
1121 792 1362 824 eventurum

352 843 430 888 esse
447 852 677 893 noverunt,
695 842 901 898 utriusque
915 840 1193 897 praejudicium
1210 869 1222 881 .
1256 840 1365 895 Quia

351 902 458 947 enim
476 903 517 944 in
538 901 616 943 illis
630 929 644 952 ‚
671 900 836 956 aliisque
854 900 976 943 totius
993 899 1223 942 Germaniae
1238 899 1363 953 parti-

350 964 423 1005 bus
445 962 536 1011 talis
551 962 591 1002 δι
613 969 726 1002 tanta
751 960 926 1002 habetur
941 959 990 1000 ad
1007 957 1209 1001 Ordinem
1225 961 1361 1014 Capu-

349 1023 535 1065 cinorum
559 1017 660 1061 fides
674 1047 687 1070 ,
709 1018 965 1059 &aestimatio
980 1046 992 1068 ,
1017 1027 1063 1059 ut
1081 1016 1135 1058 de
1155 1016 1360 1058 communi

352 1079 668 1123 Catholicorum
686 1076 794 1132 aeque
809 1090 856 1118 ae
873 1076 1174 1119 Haereticorum
1189 1103 1202 1126 ‚
1219 1075 1359 1131 quibus

350 1139 530 1196 undique
548 1136 778 1193 permixtim
798 1135 973 1183 vivitur,
991 1133 1188 1175 constanti
1204 1134 1362 1188 opinio-

352 1212 406 1240 ne
419 1226 434 1248 ,
457 1199 495 1239 &
512 1194 670 1251 publica
686 1189 790 1234 fama
806 1193 884 1234 alia
904 1192 1069 1245 Religio
1085 1205 1166 1234 non
1183 1193 1229 1232 sit
1244 1219 1258 1241 ·,
1276 1206 1360 1249 quae

348 1256 655 1313 Capucinorum
669 1252 902 1293 Institutum
915 1250 1075 1291 arstiori
1091 1249 1214 1292 modo
1227 1250 1362 1293 viven-

348 1315 421 1366 di,
449 1316 485 1355 &
505 1311 717 1365 Regularis
739 1308 953 1363 dilciplinae
968 1306 1225 1351 observantia
1241 1319 1359 1351 ante·

347 1374 494 1416 cellat.
515 1373 594 1413 Per
608 1366 802 1425 ejusmodi
821 1366 1030 1409 tranfitum
1047 1366 1096 1408 ad
1113 1367 1360 1411 Cistercien-

347 1430 435 1483 ses,
459 1442 633 1485 quorum
659 1426 870 1482 primitivae
887 1425 1157 1468 Institutionis
1184 1425 1358 1480 incitata„

348 1488 548 1548 perfectio
564 1486 686 1589 ffing'e
702 1485 870 1527 inferior
883 1485 938 1527 est
952 1482 1202 1540 perfec‘tione
1221 1486 1355 1527 Evan-

348 1549 480 1607 gelica
502 1549 561 1587 Or
595 1546 666 1585 ‘nis
689 1543 895 1596 Seraphici
911 1571 925 1593 ‚
953 1544 1117 1599 optimae
1142 1545 1254 1585 ramae
1274 1571 1288 1594 ,
1321 1544 1361 1584 &

348 1605 599 1653 aestimationi
616 1611 700 1644 tam
712 1601 895 1652 Ordinis,
907 1602 1028 1655 quam
1039 1602 1260 1642 Provinciae
1275 1614 1360 1654 gra-

349 1664 547 1709 viffimum
561 1659 696 1718 plane,
710 1658 1028 1713 &irreparabile
1047 1656 1251 1701 inferetur
1264 1672 1360 1712 prae-

347 1722 542 1785 judicium
557 1734 606 1764 ex
623 1717 825 1761 manifesta
840 1718 964 1760 totius
977 1717 1118 1773 Populi
1135 1719 1360 1772 incompre-

348 1781 534 1829 henfibili
555 1777 821 1822 admiratione
839 1804 852 1828 ,
870 1777 1000 1832 eoque
1017 1775 1160 1832 majori
1175 1776 1358 1817 omnium

347 1839 564 1890 scandalo,
591 1837 682 1879 cum
706 1837 754 1878 ab
770 1834 1052 1878 immemoriali
1077 1845 1263 1890 tempore
1287 1835 1358 1877 im,

349 1903 432 1946 illis
460 1898 637 1955 partibus
670 1895 825 1937 nullum
860 1894 1058 1936 habeatur
1086 1893 1107 1934 εὶ
1134 1893 1357 1948 Capucinis

348 1957 546 2017 ejusmodi
565 1952 750 1998 tranfitus
773 1952 1005 2009 exemplum
1024 1979 1038 2002 ,
1061 1966 1133 2006 per
1148 1951 1263 2007 cujus
1279 1950 1356 1992 do—

348 2018 509 2066 lendam
524 2012 863 2056 introductionem
881 2012 1083 2067 aperietur
1095 2010 1257 2052 discolis
1271 2023 1359 2052 om-

351 2078 471 2123 nibus
504 2083 619 2130 porta
648 2071 759 2122 lata,
780 2073 820 2113 &
842 2069 1034 2126 spatiosa,
1062 2068 1114 2111 ad
1142 2069 1355 2112 excutien-

350 2138 447 2180 dum
464 2131 705 2175 obedientiae
719 2130 882 2172 fraenum
899 2158 913 2180 ‚
936 2131 976 2171 δε
990 2128 1040 2170 ad
1062 2129 1219 2184 penitus
1238 2141 1359 2171 ever-

348 2194 517 2241 tendam
530 2188 779 2234 laudabilem
796 2186 961 2230 Ordinis
987 2186 1242 2243 disciplinam
1256 2215 1269 2228 .

422 2255 477 2295 Et
508 2248 617 2306 quod
649 2247 904 2289 indelibilem
939 2247 1160 2301 ignominia:
1193 2254 1329 2287 notam
1344 2273 1359 2296 ‚

349 2324 471 2369 quam
496 2307 650 2366 praefati
665 2306 860 2363 Religion
877 2305 1122 2357 Provinciae,
1146 2306 1187 2346 δε
1212 2303 1360 2346 Ordini

347 2372 514 2414 inurere
544 2364 781 2417 conantur',
812 2364 926 2419 supra
957 2363 1124 2406 modum
1150 2362 1324 2419 adauget
1342 2390 1357 2413 ,

347 2429 407 2473 est
421 2459 439 2480 ‚
465 2424 575 2482 quo-d
591 2422 800 2466 discedere
814 2423 944 2466 velint
959 2423 980 2464 a
998 2422 1215 2478 Religione
1231 2452 1246 2474 ,
1273 2435 1359 2478 quae

352 2492 484 2532 Sacrae
507 2483 602 2528 sedi
626 2481 863 2537 Apostolicae
881 2480 1156 2533 subjeetiffima
1170 2511 1184 2532 ,
1211 2481 1359 2535 ubique

351 2557 556 2594 terrarum
573 2571 587 2593 ‚
611 2542 648 2582 δι
666 2540 886 2596 praesertim
918 2540 958 2580 in
970 2538 1052 2580 illis
1065 2540 1272 2594 partibus,
1288 2539 1358 2580 ubi

349 2605 437 2663 jura
452 2633 466 2656 ‚
497 2605 537 2644 &
557 2600 748 2654 dogmata
771 2601 810 2641 S.
825 2599 878 2640 R.
894 2599 943 2639 Ε.
968 2607 1048 2639 tam
1074 2599 1223 2640 acriter
1238 2597 1359 2640 hodie

349 2666 670 2718 impugnantur,
695 2656 884 2713 singulari
910 2655 1063 2712 semper
1075 2666 1219 2699 contra
1239 2655 1359 2711 quos-

348 2735 508 2776 cunque
537 2717 704 2760 insultus
729 2714 979 2765 constantia,
1011 2717 1051 2756 &
1077 2714 1358 2760 fortitudine,

352 2778 522 2824 emicuit
535 2806 550 2827 ,
576 2774 694 2830 seque
715 2771 937 2815 transferre
952 2787 1032 2815 non
1051 2774 1287 2816 erubescant
1308 2773 1358 2817 ad

349 2838 453 2883 illud
481 2841 622 2879 Aureae
641 2830 770 2876 Vallis
802 2831 1123 2874 Cistercienfium
1156 2831 1360 2876 Monaste·

351 2893 598 2949 rium‚cujus
611 2892 743 2934 Abbas
758 2904 849 2932 cum
866 2900 953 2931 tota
973 2891 1039 2932 sua
1056 2890 1207 2933 familia
1223 2905 1274 2933 ex
1289 2905 1360 2946 pu-

351 2958 461 3001 blica
478 2967 579 2995 voce
595 2953 635 2992 &
649 2949 752 2992 fama
767 2948 819 2991 de
835 2949 1019 3003 perversa
1047 2949 1192 2991 morali
1205 2949 1360 2992 doetri-

353 3030 404 3065 na
419 3014 473 3056 est
489 3011 669 3054 omnium
687 3007 979 3063 suspeetiffimus
995 3034 1009 3059 ,
1034 3006 1150 3056 ita-,ut
1166 3009 1362 3050 Eminen-

354 3074 545 3125 tulimus,
570 3072 607 3115 ὃς
625 3065 991 3111 Reverendiffimus
1016 3066 1361 3112 DD.Cardinalis

1108 237 1768 326 Provincia*

1425 369 1475 410 de
1488 365 1631 410 Boffou
1647 397 1661 419 ,
1685 367 2024 425 Archiepiscopus
2041 372 2343 419 Mechlifiiensss‘
2358 405 2371 429 ‚
2398 376 2439 419 in

1425 428 1539 470 Urbe
1557 426 1749 483 praesens,
1775 430 1844 483 qui
1866 442 1915 470 ex
1934 429 2151 483 pleniffima
2168 435 2328 483 illarum
2345 450 2436 491 par-

1425 487 1529 528 tium
1547 487 1689 528 notitia
1705 484 1825 528 fidem
1844 487 2014 543 desuper
2030 493 2140 533 omni
2153 492 2439 550 »ex-ceptione)

1426 544 1618 601 majorem
1634 547 1822 588 exhibere
1839 545 2030 601 dignatur
2044 576 2057 599 ‚
2070 547 2208 597 dicere
2223 566 2303 595 non
2320 552 2440 596 dubi-

1428 605 1578 647 taverit
1593 633 1608 655 ‚
1636 604 1847 651 tranfitum
1865 605 1980 648 istum
1996 604 2083 649 fore
2096 607 2439 653 absolute-contra

1426 675 1605 706 mentem
1619 668 1749 706 Sacrae
1765 665 1882 722 Sedis
1898 665 2140 720 Apostolicae
2153 695 2167 718 ,
2196 681 2281 722 quae
2297 682 2365 723 per
2379 683 2441 712 re-

1426 721 1618 778 scriptum
1640 720 1812 779 desuper
1832 720 2059 768 concessum
2075 753 2089 776 ,
2113 724 2210 771 alias
2227 724 2438 771 videretur

1425 781 1510 836 ipso
1527 781 1632 823 facto
1655 779 1878 837 approbare
1902 783 2100 826 moralem
2113 781 2342 826 doctrinam
2366 790 2442 841 ap-'

1425 840 1670 895 pellantium
1685 867 1699 890 2
1726 842 1776 885 ad
1790 857 1907 899 quam
1920 872 1933 895 ‚
1956 853 2149 900 tanquam
2168 841 2330 899 majoris
2349 855 2442 898 per—

1424 898 1613 941 feetionis
1637 901 1817 955 regulam
1840 916 1982 944 omnes
2004 904 2042 944 &
2063 901 2206 958 singuli
2234 915 2442 947 currere)

1423 957 1571 1014 poffint
1584 987 1599 1009 ,
1627 959 1667 1000 δι
1683 961 1888 1004 debeant.

1479 1017 1608 1076 Qeis
1620 1020 1802 1062 omnibus
1818 1021 1872 1063 ita
1887 1021 1925 1063 se
1939 1020 2443 1072 habentibusAEminentiae

1429 1078 1581 1119 Vestra.-
1595 1091 1668 1132 per
1681 1079 1994 1124 Procuratorem
2009 1081 2254 1123 Generalem
2270 1078 2442 1123 Ordinis

1421 1144 1504 1178 tam
1537 1134 1716 1192 ejusdem
1748 1139 1972 1181 Provinciae
2003 1139 2404 1194 Flandro-Belgicae
2425 1165 2440 1188 ‚

1422 1194 1542 1250 quam
1560 1195 1685 1237 totius
1702 1194 1930 1252 Religionis
1948 1198 2257 1252 Capucinorum
2274 1195 2438 1240 nomine

1423 1251 1654 1294 humillime
1672 1252 1919 1309 supplicatur
1935 1283 1950 1308 ‚
1964 1254 2156 1310 dignetur
2171 1255 2450 1311 Rescriptum

1421 1310 1526 1353 illud
1547 1337 1560 1359 a
1588 1311 1695 1365 quod
1723 1312 1859 1356 habita
1887 1311 1959 1355 tali
1986 1313 2272 1357 informatione
2287 1317 2443 1357 Sacra-2

1422 1370 1733 1413 Poenitentiaria
1754 1385 1960 1429 nunquam
1976 1371 2221 1416 conceffiffet
2235 1402 2250 1423 ,
2277 1372 2437 1415 nullum

1420 1428 1694 1472 &invalidum
1709 1430 2129 1482 declarare,Patribus
2147 1430 2389 1483 Benedistm
2401 1433 2442 1473 &

1423 1487 1733 1542 Tranquillum,
1761 1490 1828 1545 qui
1846 1491 1990 1544 ¹petito
2008 1519 2022 1542 ,
2047 1493 2088 1533 δι
2102 1504 2184 1533 non
2206 1491 2344 1539 statim
2359 1491 2436 1532 ob—

1422 1554 1542 1587 tento
1555 1546 1745 1589 consensu
1760 1549 2026 1602 Superiorum
2042 1548 2191 1592 furtive
2208 1549 2232 1591 ὲ
2243 1553 2443 1593 Conven-

1421 1613 1467 1645 tu
1496 1604 1776 1659 auffugerant,
1808 1605 1990 1648 reditum
2016 1606 2067 1649 ad
2086 1609 2292 1663 propriam
2318 1607 2442 1650 Reli·

1421 1662 1587 1717 gionem
1601 1665 1818 1719 injungere
1832 1690 1846 1712 ‚
1860 1665 1900 1705 &
1917 1664 2079 1710 Ordinis
2097 1666 2214 1708 nostri
2233 1695 2247 1717 ‚
2275 1663 2444 1708 illarum

1420 1719 1640 1775 praesertim
1664 1723 1840 1776 partium
1853 1751 1867 1773 ‚
1883 1751 1900 1773 ,
1927 1723 2148 1779 Religiofis
2166 1723 2216 1766 ad
2233 1728 2322 1767 Sac.
2340 1727 2442 1768 1>oe-

1419 1778 1695 1821 nitentiariam
1713 1781 2016 1823 recurrentibus
2034 1810 2046 1833 ,
2063 1796 2140 1837 pro
2155 1781 2442 1825 conservatio-

1419 1850 1469 1878 ne
1493 1837 1586 1879 boni
1601 1839 1827 1880 communis
1850 1840 2090 1894 ampliorem
2106 1841 2279 1896 gratiam
2297 1841 2441 1884 ultra...

1417 1908 1504 1937 non
1519 1897 1747 1940 concedere
1762 1925 1776 1948 ,
1803 1896 1869 1939 nili
1896 1907 1940 1939 ut
1962 1898 2012 1941 ad
2034 1898 2157 1941 aliam
2173 1899 2343 1942 Ordinis
2362 1913 2439 1942 no-

1422 1953 1488 1995 stri
1503 1956 1762 1998 Provinciam
1789 1954 1982 1998 conferre
2010 1957 2049 1999 se
2067 1956 2209 2013 poffint
2224 1987 2238 2011 ‚
2261 1957 2287 2000 fi
2303 1957 2439 2001 alicu-

1418 2013 1461 2059 bi
1487 2013 1708 2064 benevolos
1729 2025 1963 2070 receptores
1978 2016 2206 2064 invenerint
2224 2047 2236 2058 .

1479 2074 1617 2132 Qam
1632 2075 1818 2118 Gratiam
1837 2076 1949 2117 Deus
1964 2075 2039 2120 &c.

1709 2194 1776 2235 Pr.
1797 2192 1941 2234 Petrus
1968 2192 2099 2235 Maria
2121 2191 2142 2235 a
2161 2194 2297 2236 Lucca
2319 2193 2440 2236 Proc.

1765 2250 1805 2294 &
1820 2251 2038 2295 Commiss.
2057 2251 2271 2295 Generalis
2287 2282 2299 2294 .

1496 2369 1618 2408 sacra
1650 2367 1953 2409 Poenitentiaria
1981 2367 2232 2424 consideratis
2262 2369 2440 2413 omnibus

1405 2425 1535 2482 fhpra
1558 2424 1761 2482 expositis,
1777 2427 2022 2481 fiaemptoque
2037 2431 2153 2483 prius
2178 2427 2220 2470 in
2246 2443 2332 2471 voce
2349 2433 2439 2474 Ενῆἱ

1419 2485 1468 2532 15
1493 2487 1584 2527 Rffu·
1606 2487 1661 2524 D.
1679 2484 1905 2528 Cardinalis
1930 2485 1977 2526 de
2001 2486 2135 2544 Bofflu
2152 2487 2439 2546 sapienttfflmo

1419 2544 1587 2585 oraculo
1594 2542 1854 2598 firibendum
1895 2543 1966 2602 eſjb
2004 2546 2153 2602 censitit
2183 2545 2439 2604 Illustriffimo

1418 2604 1477 2643 D.
1503 2604 1750 2644 lntcrnuntio
1782 2604 2033 2659 Bruxellcnfi
2066 2605 2236 2645 Domino
2269 2605 2438 2662 {Jofipho

1418 2659 1582 2715 spinelli
1607 2675 1664 2702 :-
1694 2664 1827 2704 Breve
1842 2661 1948 2705 illud
1963 2667 2093 2706 Sacrae
2110 2665 2434 2707 Poenitentiariae

1419 2717 1572 2761 censeri
1603 2731 1838 2763 revocatum
1854 2749 1868 2772 ,
1893 2721 2119 2763 dummodo
2139 2722 2316 2777 praedicsti
2348 2722 2433 2764 duo

1421 2777 1644 2835 Religion,
1675 2780 1716 2821 in
1748 2779 1990 2824 Monastcrio
2013 2783 2158 2823 Aureae
2174 2779 2305 2822 Vallis
2338 2795 2438 2823 nec·-

1417 2836 1516 2879 dum
1542 2835 1737 2893 suscepti,
1765 2840 1805 2880 &
1840 2839 1994 2880 Habitu
2010 2836 2339 2882 Cistercienfium
2370 2840 2436 2885 in-.

1418 2893 1508 2938 duti
1523 2896 1676 2938 fuerint
1691 2924 1703 2936 .
1736 2898 1817 2939 Die
1838 2911 1901 2951 13·
1917 2898 2120 2940 Novemb.
2141 2910 2260 2949 1721.

1479 3013 1652 3066 Exempl.
1666 3022 1823 3070 autogr.
1836 3016 1880 3055 in
1892 3014 2014 3057 Arcb.
2029 3016 2127 3056 Gen.
2143 3014 2437 3073 ord-Armoriq

1536 3072 1753 3131 Provincia
1775 3070 1957 3120 Flandro
1973 3095 1994 3105 —
2008 3073 2170 3136 Belgica
2183 3101 2195 3117 .
2381 3073 2389 3075 ”

2246 3878 2378 3923 PRO·
