2658 4256
959 227 1594 349 Tyrolenfis'.

228 369 465 419 dilectionis.
496 369 660 412 Interim
687 381 779 410 cum
804 364 912 408 omni
937 367 1144 410 charitatis
1172 364 1230 408 af-

227 433 327 476 feetu
352 428 630 485 Apostolicam
646 427 739 470 Tibi
779 423 949 468 nostram
984 424 1231 469 benedictio-

225 504 317 534 nem
341 490 621 542 impartimur.
657 490 805 528 Datum
834 485 969 529 Romae
996 481 1099 537 apud
1128 485 1227 524 San-

221 551 330 591 stum
370 552 550 591 Marcum
587 546 654 588 sub
698 542 850 586 annulo
889 540 1099 584 piscatoris
1134 539 1228 582 Kal.

189 655 191 657 ,
223 609 330 669 Junii
355 620 570 652 MDcxut.
587 601 848 650 Pontificatus
863 600 996 647 Nostri
1011 600 1134 643 Anno
1156 612 1220 643 υς.

753 720 898 764 Petrus
928 720 1070 762 Stroza
1086 744 1098 758 .

278 840 522 898 Autograpb.
546 841 590 881 in
606 836 774 880 Archivo
783 833 934 891 ficreto
952 830 1222 881 Vaticanoffle-

327 903 433 960 gesto
460 896 646 943 Brevium
695 893 746 938 ad
774 895 977 950 Principes
1001 889 1129 947 Mens:
1166 889 1222 941 &-

331 957 441 1005 Anni
463 957 590 1015 pred·
605 953 686 1012 sol·
699 963 773 1011 95,

446 1089 928 1111 *ψ’-

214 1194 375 1247 Eidem
401 1191 576 1244 Carolo
601 1187 893 1245 Marchioni,
923 1204 977 1237 ne
1007 1189 1081 1237 Fr.
1121 1184 1221 1231 Au-

279 1264 484 1335 gustinus
523 1261 578 1310 ab
607 1278 661 1310 eo
690 1272 962 1317 revocetur,
997 1267 1223 1306 cautum-2

283 1334 366 1387 effe
393 1329 615 1406 fignificat
636 1368 649 1383 .

214 1454 250 1494 A
277 1461 421 1507 tergo:
460 1448 612 1493 Dite-Flo
629 1447 754 1494 Filio,
787 1447 923 1490 Nobili
944 1444 1047 1495 Viro,
1066 1442 1224 1491 carolo,

244 1511 458 1555 Archiduci
473 1507 644 1566 Austriae
662 1535 676 1558 ,
705 1506 934 1550 Marchmni
956 1505 1164 1559 Burgaviae
1179 1530 1190 1543 .

345 1619 702 1673 PAULUS
754 1617 965 1665 PAPA
1020 1615 1084 1663 V.

302 1716 457 1759 Dilcele
485 1716 569 1760 Fdi
587 1742 601 1764 ‚
635 1713 794 1757 Nobilis
821 1714 913 1762 Vir,
925 1710 1126 1765 salutem,

387 1775 436 1823 δ’
449 1772 706 1831 Apostolicam
721 1769 1042 1831 Benedtffiomm.

355 1893 561 1947 AgnoNos
575 1890 791 1936 affecerunt
803 1886 943 1929 solatio
956 1878 1228 1940 littere-Nobi—

363 1950 730 2010 {itatistuaffiquibus
748 1939 1228 2003 instaurandeCatholicg

210 2009 440 2064 Religionis
458 2009 551 2052 zelo
565 2011 603 2052 in
617 2009 697 2051 istis
720 2008 797 2050 tuis
819 2001 1038 2048 ditionibus
1053 2004 1075 2050 ὲ
1092 1998 1225 2044 Nobis

210 2065 429 2110 efficaciter
444 2066 751 2121 postulasti,'1'ibi
766 2062 1076 2110 concederetur,
1087 2073 1134 2101 ne
1152 2057 1226 2098 Di·

215 2123 336 2166 lenus
351 2124 474 2168 Filius
489 2126 576 2180 pius
591 2151 605 2174 s
620 2140 663 2168 ac
694 2120 919 2178 Religiosus
948 2122 1025 2166 vir,
1043 2115 1224 2172 Augusti-

214 2183 450 2232 nus,Frater
463 2183 626 2226 Ordinis
640 2183 945 2237 Capucinorum
957 2177 1087 2223 Sancti
1103 2178 1224 2220 Fran-

215 2240 574 2291 cisci,Praedicator
591 2241 716 2284 Verbi
731 2240 933 2287 Dei2istinc
948 2236 1221 2283 removeatur.

214 2297 390 2342 Mirifice
417 2298 506 2342 sane
533 2296 761 2342 consolatus
790 2312 832 2341 es
851 2300 934 2339 Nos
959 2292 1216 2350 significatio-

214 2367 266 2400 ne
303 2357 495 2400 utilitatis
531 2356 733 2402 {acrarum
784 2356 1038 2399 concionum
1074 2353 1178 2394 illius
1202 2378 1217 2401 2

213 2414 325 2462 ideo,
354 2424 402 2458 ut
425 2429 511 2460 rem
540 2416 755 2460 Nobilitati
779 2426 856 2458 tuae
880 2425 1033 2470 gratam
1064 2410 1220 2454 facere-

217 2487 322 2524 mus,
355 2477 410 2525 &2
425 2483 469 2518 ut
495 2485 687 2530 augeatur
716 2475 867 2518 fruetus
896 2474 1080 2521 laborum
1106 2469 1220 2512 Reli-

213 2532 309 2589 giofi
337 2532 449 2589 hujus
463 2532 674 2576 laudabilis
701 2534 821 2580 Viri,
847 2530 1080 2575 mandatum
1111 2529 1166 2571 est
1194 2531 1218 2574 εὶ

211 2591 404 2635 Gener-ali
431 2591 596 2635 Ordinis
620 2593 922 2647 Capucinorum
942 2593 1216 2637 procuratore

213 2649 376 2693 Dilecto
406 2649 510 2693 Filio
538 2647 960 2709 Provinciali-Tyrolis
984 2679 998 2700 ,
1027 2650 1067 2693 ὃς
1094 2651 1216 2689 Bava-

212 2706 282 2748 riae
293 2735 307 2757 2
322 2706 498 2763 ejusdem
509 2709 689 2760 Ordinis,
704 2723 752 2751 ne
776 2717 939 2754 revocet
954 2709 975 2751 a
993 2711 1071 2760 Te,
1083 2704 1218 2749 aliove

211 2764 455 2807 transmittat
483 2767 656 2810 eundem
679 2770 862 2810 Fratrem
889 2767 1214 2821 Augustinuntaz

210 2832 406 2889 attamen,
421 2822 446 2864 fi
474 2824 571 2888 quid
597 2824 710 2866 secus
729 2825 930 2876 evenerit,
945 2826 1065 2878 idque
1084 2822 1213 2866 Nobis
1238 2836 1240 2838 ’

209 2893 534 2932 renunciaverrs,
563 2884 792 2936 opportune
822 2882 1137 2936 providebitur,
1165 2888 1212 2921 ut

210 2941 345 3000 justo,
376 2954 422 2982 ac
452 2938 648 2982 laudabili
673 2939 874 2982 desiderio
911 2948 984 2980 tuo
1011 2937 1131 2992 plene
1157 2935 1216 2977 sa-

210 2997 336 3044 tisfiat
361 3027 372 3041 .
419 2999 579 3054 Augeat
617 2998 814 3039 Dominus
856 2996 895 3039 in
915 2999 974 3038 Te
1012 2995 1116 3039 dona
1144 2991 1218 3040 suae

211 3058 346 3101 150&ae
371 3057 510 3112 gratiae
528 3083 542 3104 ‚
574 3058 719 3099 &Nos
748 3054 967 3100 Nobilitati
997 3063 1072 3095 tuae
1101 3066 1217 3108 pera·

209 3126 370 3159 manter
393 3115 667 3159 benedicimus
690 3145 702 3155 .
748 3118 900 3158 Datum
935 3115 1074 3156 Romae
1110 3113 1217 3164 apud

213 3177 393 3220 sanctam
416 3174 588 3217 Mariam
618 3173 813 3231 Maiorem
848 3173 918 3215 sub
953 3169 1121 3217 Annulo
1149 3171 1217 3210 Pi-

210 3234 379 3278 scator-is
404 3232 546 3287 quinto
574 3230 669 3276 Idus
689 3232 784 3288 Julii
810 3244 971 3276 Mncxv.
995 3227 1215 3284 Pontificaff

213 3303 277 3346 tus
303 3291 426 3335 nostri
451 3292 573 3333 Anno
598 3289 839 3334 undecimo.

754 3408 899 3453 Petrus
925 3407 1071 3450 Stroza
1087 3432 1100 3447 .

275 3526 520 3583 Autograph.
534 3523 576 3568 in
591 3523 919 3581 Archivoftcreto
940 3521 1216 3570 Vatican0,Re-

324 3585 424 3642 gesta
449 3585 633 3627 Brevium
681 3582 732 3624 ad
766 3582 974 3639 Principes
1003 3577 1128 3638 Merfi
1166 3580 1213 3630 (ς’

332 3646 437 3688 Anni
451 3644 579 3699 prad.
596 3641 757 3701 fol-17·

2079 260 2237 343 127

1464 358 2122 406 DECRETO.

1410 481 1503 532 Sac.
1537 478 1735 546 Congreg.
1763 476 1900 545 Episc.
1934 486 1988 530 ὅ
2017 479 2174 549 Regul.

1282 605 1328 652 A
1350 598 1540 651 Fabrica
1569 613 1796 647 novarum
1818 598 2072 658 Domuum,
2100 597 2175 648 seu
2193 603 2292 651 Ho-

1357 667 1597 735 spitiorum,
1627 669 1671 716 in
1698 668 1808 716 locis
1844 669 2018 731 Fiemi,
2056 668 2104 720 ἃ
2134 673 2291 720 Enniae

1354 741 1525 787 intenta
1544 773 1558 795 ,
1596 741 1682 791 PP.
1711 733 1997 795 Reformati,
2026 739 2289 790 instantibus

1355 808 1593 861 Fratribus
1623 805 1783 858 nostris
1818 808 2000 864 Ennea,
2041 809 2088 859 ἅ
2121 812 2286 861 Brixiae

1349 875 1555 930 defistere
1595 912 1611 936 ,
1664 877 1714 930 ἃ
1749 880 1776 928 ὲ
1814 876 1926 927 locis
1953 875 2181 929 discedere
2212 887 2286 945 ju-

1351 948 1514 1003 bentur
1533 985 1545 1003 ,
1611 963 1613 966 ’

1304 1065 1605 1130 ,Eminentffmi
1620 1097 1636 1125 ,
1667 1080 1712 1111 ac
1734 1063 2043 1123 Reverendtffimt'
2069 1066 2259 1108 Domini.

1373 1187 1490 1231 Atres
1520 1187 1786 1231 Observantes
1812 1183 2044 1229 Reformati
2069 1183 2286 1239 Provincig

1399 1250 1439 1289 S.
1455 1246 1642 1301 Virgilii,
1658 1245 1969 1300 adampliandos
1998 1244 2218 1284 Provinciae
2237 1242 2287 1283 li-

1285 1307 1421 1355 mites,
1451 1316 1623 1359 quatuor
1653 1304 1896 1349 Monasteria
1930 1301 2085 1346 infimul
2108 1302 2149 1344 in
2165 1300 2287 1343 Valle

1288 1363 1535 1409 Tridentina
1565 1364 1723 1419 erigere
1748 1363 2160 1415 intendunt‚quorum
2187 1360 2288 1407 duo,

1288 1422 1484 1469 videlicet
1515 1421 1638 1466 Fiemi
1668 1437 1791 1468 unum
1817 1450 1832 1471 2
1863 1424 1902 1463 &
1926 1421 2097 1465 alterum
2126 1421 2163 1459 in
2192 1418 2288 1460 loco

1281 1481 1468 1527 Astorres
1493 1493 1728 1537 nuncupato
1756 1508 1770 1530 ‚
1825 1480 2077 1532 summopere
2108 1476 2285 1530 regulari

1278 1540 1552 1588 Observantiae
1572 1539 1874 1594 Capucinorum
1906 1535 2040 1582 Enniae
2068 1560 2082 1581 s
2132 1536 2169 1574 &
2212 1535 2288 1575 As-

1276 1609 1390 1641 torre
1416 1597 1672 1654 praejudicant
1698 1622 1712 1644 ,
1758 1609 1849 1637 cum
1876 1592 2006 1639 divisa
2033 1588 2287 1648 semel'quaef

1275 1657 1492 1708 stuatione,
1524 1669 1595 1710 pro
1617 1651 1835 1701 necessario
1866 1655 1933 1697 suo
1964 1651 2287 1695 manutenimen—

1277 1725 1323 1758 to
1347 1743 1361 1766 ,
1398 1714 1449 1757 ad
1479 1712 1658 1760 remedia
1691 1713 1731 1754 in
1760 1726 1899 1755 eorum
1937 1711 2156 1765 Religione
2180 1710 2288 1752 inso-

1277 1775 1349 1817 lita
1380 1786 1594 1818 recurrere
1629 1800 1643 1824 ,
1673 1773 1712 1813 &
1742 1774 1778 1813 in
1804 1770 1959 1827 specie,
1991 1767 2085 1812 loco
2111 1770 2200 1812 vitae
2225 1769 2291 1809 so-

1282 1833 1422 1880 litariae
1451 1859 1465 1882 2
1508 1832 1547 1874 &
1569 1831 1802 1873 devotionis
1845 1831 1884 1875 in
1909 1831 2030 1873 choro
2053 1829 2286 1884 peragendae

1284 1905 1361 1950 pro
1386 1890 1601 1948 quaerendo
1624 1888 1747 1935 frusto
1773 1890 1882 1944 panis
1919 1889 2008 1933 hinc
2030 1888 2124 1933 inde
2149 1887 2285 1942 vagari

1285 1959 1550 2006 cogerentur3
1583 1948 1675 1992 hinc
1689 1948 1952 1994 Provincialis
1964 1947 2184 1991 Provinciae
2203 1948 2286 2000 Ty-

1285 2007 1485 2059 rolenfis,
1515 2010 1557 2050 in
1583 2007 1695 2062 cujus
1722 2007 1934 2051 Provincia
1964 2006 2286 2051 Monasterium

1288 2070 1424 2112 Enniae
1451 2067 1565 2112 situm
1591 2066 1673 2118 est,
1704 2069 1743 2110 δι
1761 2065 2025 2109 Provincialis
2063 2063 2285 2107 Provinciae

1285 2127 1550 2178 Brixienfis,in
1567 2126 1682 2181 cujus
1700 2126 1913 2169 Provincia
1931 2124 2132 2180 reperitur
2146 2121 2287 2164 Astor-

1285 2203 1356 2239 re,
1401 2200 1453 2228 ex
1468 2199 1567 2243 puro
1598 2215 1612 2238 ,
1643 2188 1684 2232 δε,
1714 2200 1827 2229 mero
1849 2183 2043 2238 regularis
2064 2179 2286 2234 distiplinae

1283 2246 1394 2297 zelo,
1427 2260 1500 2303 pro
1525 2243 1639 2297 cujus
1665 2244 1968 2287 conservatione
1998 2242 2037 2281 in
2059 2237 2286 2297 hujusmodi

1281 2304 1447 2351 materia
1487 2305 1638 2351 Summi
1668 2300 1882 2348 Pontifices
1926 2299 2055 2342 varias
2091 2296 2289 2344 condide-

1280 2375 1371 2407 runt
1391 2361 1524 2404 Bullas
1546 2389 1560 2411 ,
1580 2363 1763 2407 EE-VV.
1792 2358 2020 2405 humillime
2044 2357 2283 2412 supplicant,

1279 2432 1478 2480 quatenus
1510 2419 1582 2464 PP.
1609 2420 1860 2468 Reformatis
1879 2422 2059 2463 Crucem
2083 2416 2283 2469 plantare,

1280 2492 1348 2525 aut
1375 2480 1498 2523 alium
1524 2492 1808 2534 quemcunque
1841 2479 1971 2521 arstum
2009 2475 2118 2518 circa
2145 2473 2286 2527 praedi-

1279 2543 1357 2583 &as
1384 2538 1481 2581 duas
1509 2536 1683 2579 fabricas
1710 2537 1834 2585 Fiemi
1857 2568 1872 2590 ‚
1914 2537 1955 2577 &
1976 2534 2140 2577 Astorre
2166 2533 2287 2573 intra-

1277 2596 1480 2654 prendere
1509 2596 1740 2640 inhibeatur
1764 2622 1778 2644 ,
1818 2597 1857 2638 δι
1892 2593 1983 2638 casu
2009 2620 2024 2642 a
2067 2605 2149 2648 quo
2182 2589 2281 2646 quid

1276 2658 1356 2716 jam
1378 2653 1505 2699 fuisset
1530 2657 1806 2712 praesumptum
1826 2682 1841 2704 ,
1872 2652 2044 2697 ulterius
2072 2663 2283 2707 pergere...-

1277 2731 1355 2759 non
1381 2714 1579 2759 audeant.
1610 2715 1690 2759 Pro
1713 2728 1793 2767 quo
1813 2712 1908 2755 ideo
1933 2708 2172 2764 supplicant,
2187 2721 2282 2750 cum

1275 2773 1567 2821 inaudiverint‚
1590 2770 1700 2827 quod
1727 2770 1765 2813 in
1799 2771 1891 2812 loco
1917 2768 2041 2813 Fiemi
2066 2792 2081 2814 a
2124 2766 2282 2808 etiam-2

1275 2842 1421 2875 contra
1464 2829 1649 2883 Capituli
1668 2826 1901 2873 Tridentini
1929 2824 2278 2880 prohibitionem..

1276 2893 1461 2932 Crucem
1486 2888 1643 2942 erigere
1669 2885 1914 2928 tentaverint
1939 2910 1953 2932 ,
1995 2897 2071 2926 nec
2094 2894 2174 2939 pro·
2199 2883 2274 2923 hu-

1274 2946 1443 3002 jusmodi
1456 2945 1696 2989 inhibitione
1723 2944 1760 2984 in
1775 2940 2046 2997 praeiudicium
2071 2943 2275 2986 rationum

1276 3006 1356 3046 PP.
1377 3003 1708 3049 Reformatorum
1735 2997 1996 3058 supplicatur,
2027 3001 2092 3047 sed
2125 3015 2174 3043 ex
2198 2998 2276 3041 fine

1278 3062 1490 3110 duntaxat,
1519 3070 1562 3100 ut
1587 3061 1771 3104 EE.VV.
1798 3060 1851 3102 de
1879 3060 2134 3114 pauperrimo
2161 3060 2200 3099 &
2227 3057 2276 3100 ad

1279 3117 1571 3166 manutenenda
1609 3126 1671 3163 tot
1690 3119 2008 3165 Mendicantium.
2035 3117 2278 3161 monasteria

1279 3179 1477 3233 incapacis
1494 3175 1626 3219 Vallis
1665 3176 1768 3221 statu
1796 3175 2004 3220 informari
2029 3176 2279 3232 dignentur.

1278 3240 1410 3296 Qam
1440 3236 1613 3293 gratiam
1635 3237 1712 3281 &c-

2110 3875 2231 3923 «NO-
