2638 4204
944 238 1518 326 'Boemicm
1977 298 1979 301 .
2044 258 2201 346 193

202 380 237 415 se
252 376 331 414 vere
355 376 375 410 a
394 372 585 411 Valeriano.
605 374 742 412 *vie'tum
775 370 892 408 ublico
913 366 1108 404 testimonio
1119 365 1258 401 firmans
1271 387 1283 404 ,
1308 362 1343 398 ἃ
1356 361 1392 397 in
1407 359 1585 399 Catholica
1597 357 1680 395 Fide
1704 357 1750 394 ad
1774 369 1915 398 mortem
1929 359 2037 407 usque
2064 362 2261 410 persistens;

204 425 377 464 mentitam
404 421 462 473 effe
487 424 707 471 iniquitatem
716 384 780 470 [ιῖὶ
792 420 806 464 ,’
831 417 971 471 docuit.
1034 462 1043 470 ι
1192 461 1200 469 .
1367 459 1378 468 ·
1684 454 1696 465 .
1750 450 1759 459 ·

311 472 449 510 Interim
465 472 672 509 Valerianus
683 471 724 507 ad
738 467 882 506 curanda
896 463 1062 500 Missionis
1082 470 1223 504 negotia
1237 458 1433 494 Bohemiam
1444 456 1661 499 fecerim-ex
1684 455 1884 493 instituenda
1910 470 1971 505 per
1993 459 2117 496 Archi·
2124 459 2260 496 Dioeee-

204 523 250 560 fin
267 521 454 558 visitatione
469 533 580 557 novos
594 520 722 557 fruetus
735 513 953 554 collecturus:
961 510 1024 545 vix
1037 520 1152 544 autern
1166 507 1276 543 Emin.
1291 505 1575 553 Arcbiepiscopus
1589 503 1841 540 unito-consilio
1856 507 1937 543 hanc
1956 508 2262 544 executioniman-

204 572 277 609 dari
293 570 461 610 decrevit,
491 572 605 615 plures
619 566 737 611 Regni
757 566 915 601 Proceres
928 558 988 595 sub
1001 558 1150 599 allegato
1160 566 1329 590 novarum
1341 556 1511 591 turbarum
1526 563 1691 603 praetextu
1705 552 1736 587 ei
1747 554 1979 591 contradixere
1994 580 2007 600 ,
2030 568 2171 603 eamque
2187 557 2266 591 Gae-

206 620 285 662 sar,
300 630 371 656 tum
382 619 497 665 sopirae
519 616 740 656 rebellionis,
764 622 841 648 turn.
854 605 1071 646 inconstantis
1085 602 1248 639 Natinnis
1268 613 1419 646 memor,
1439 602 1580 649 penitus
1599 601 1768 640 inhibuit.
1794 600 1998 640 Valerianus
2013 628 2026 647 ,
2051 606 2149 640 velut
2173 605 2263 639 alter

207 667 318 711 Elias,
350 666 579 704 Eeclefiasticae
593 662 762 701 libertatis
775 669 888 706 partes
898 657 1047 693 strenuus
1057 648 1226 707 assumpfir
1238 671 1259 706 ‚-
1279 650 1379 685 celeri
1397 649 1511 694 gressu
1525 650 1690 686 Caesarem
1703 648 1815 691 adiit,
1838 649 1872 683 8(
1885 651 1964 685 dum
1987 655 2006 687 a
2020 654 2096 688 Deo
2110 652 2233 687 Caesari
2247 674 2261 691 ,

207 728 284 764 quae
294 716 435 754 Caesaris
448 714 548 751 essent
560 736 574 757 ‚
597 722 657 760 per
678 710 889 746 immutatam
908 714 1018 740 return
1036 699 1153 737 faciem
1165 696 1298 732 reddita
1308 695 1372 753 effe
1385 698 1498 741 dixit,
1523 698 1558 733 8(
1584 700 1604 733 a
1617 697 1753 733 Caesare
1771 707 1912 744 quoque
1934 701 2031 742 Deo,
2057 712 2131 746 quae
2150 700 2264 736 Dei&

208 768 389 803 Sacrorum
401 765 584 800 Canonum
597 752 1120 800 effent,reddenda‚Gregemque
1139 747 1158 781 a
1172 744 1305 800 Pastore
1330 745 1531 781 visitandum
1545 745 1609 782 effe
1623 745 1815 782 constanter
1840 747 1971 782 monuit
1985 771 1997 789 ,
2021 761 2058 783 ac
2082 750 2264 794 pericula,

206 824 254 849 ex
274 814 437 850 convertit
460 820 578 847 eontra
593 809 752 850 Regnum
772 802 913 838 dextera
930 800 996 835 Dei
1019 793 1209 832 renovanda
1229 793 1363 828 invitus
1384 793 1567 839 praedixit.
1599 794 1732 831 Timuit
1746 794 1922 840 loquentis
1941 795 2092 840 spiritum
2107 798 2267 842 piiffimus

211 864 401 908 imperaror
449 859 530 894 dum
544 865 653 892 tamen
674 852 801 889 ratione
814 848 953 897 politica
973 845 1099 882 duetus
1115 843 1150 878 &
1163 841 1422 895 seductus-opus
1446 840 1654 878 visitationis
1677 841 1856 884 cohibuit,
1881 854 1949 877 non
1971 843 2079 889 longo
2098 847 2170 890 post
2183 855 2269 879 tem-

209 921 294 957 pote
308 911 397 947 :mia
406 884 427 953 ,³
444 917 518 954 qum
539 901 664 952 sprevit
678 924 691 945 ,
714 908 818 945 rupto
836 898 948 933 veluti
959 904 1087 940 aggere
1103 889 1302 945 Bohemiam
1319 889 1492 926 inundass'e
1503 889 1656 925 audivit:
1683 891 1749 926 alia
1769 891 1866 927 enim
1875 892 1990 934 Pragae
2006 902 2081 937 pars
2098 917 2107 931 ,
2133 905 2206 938 quae
2218 892 2268 927 est

208 960 464 998 trans-flumen,
477 954 559 989 dolo
571 946 845 987 hostibustradita
859 969 869 985 ‚
896 942 1095 979 Proceribus
1112 950 1157 975 ex
1178 937 1305 973 aedlbus
1326 937 1450 983 pulsis,
1480 938 1619 985 aliisque
1631 939 1753 986 susque
1775 940 1886 985 deque
1907 938 2007 974 verlis
2021 962 2034 981 ,
2057 941 2162 975 altera
2184 941 2269 975 vero

210 1017 310 1053 pars,
331 1017 422 1044 nova
435 1001 619 1042 videlicet,
643 997 679 1032 8(
694 993 825 1031 vetusta
840 992 1004 1034 Civitas,
1031 988 1188 1034 longiore
1211 985 1392 1022 obsidione
1415 997 1540 1024 vexata
1557 1010 1569 1030 ,
1598 988 1763 1034 Regnum
1790 991 1810 1022 a
1838 989 2060 1023 tumultuante
2083 988 2164 1023 hinc
2189 988 2267 1022 inde

209 1053 319 1091 milite
347 1060 498 1099 ereptum
519 1071 532 1092 ,
564 1045 823 1090 Provinciaeque
850 1036 1074 1077 conterminat
1099 1038 1179 1080 igne
1202 1056 1215 1077 2
1252 1034 1410 1081 ferroque
1439 1035 1679 1082 consumptae,
1720 1036 1845 1073 divinat
1881 1035 2027 1072 ultionis
2059 1035 2151 1071 fuere
2179 1036 2271 1070 testi-

218 1112 468 1196 momiaiousque
478 1155 586 1183 autem
598 1145 666 1180 haec
680 1138 880 1178 visitationis
903 1135 1034 1184 repulsa
1051 1134 1197 1171 animum
1214 1131 1395 1170 Valeriani
1407 1133 1556 1182 dejecit,
1581 1146 1621 1170 ut
1647 1146 1687 1170 ne
1693 1133 1834 1180 got-ium
1845 1134 2021 1171 Carolinae
2032 1130 2276 1169 Universitaris

214 1213 337 1250 urgere
350 1222 363 1244 ,
387 1204 486 1246 prout
498 1197 659 1232 statuerat
671 1214 686 1235 ‚
706 1188 898 1227 consultum
911 1197 978 1221 non
992 1183 1136 1230 amplius
1150 1181 1292 1217 duceret
1305 1206 1319 1226 ,
1343 1184 1523 1230 praelertim
1548 1195 1627 1220 cum
1642 1184 1745 1220 novis
1769 1182 2081 1221 iddifficultatibus
2103 1179 2276 1227 implicari

214 1253 407 1290 adverteret
417 1270 431 1290 ‚
455 1243 668 1288 afforentque
683 1263 693 1276 2
717 1238 777 1285 qui
801 1235 963 1280 neglecto
988 1235 1027 1271 S.
1042 1231 1141 1271 Sedis
1163 1229 1320 1265 mandato
1334 1255 1347 1274 ‚
1373 1233 1504 1268 obicem
1536 1234 1709 1279 ponebant
1723 1257 1737 1276 ,
1761 1244 1860 1269 novae
1884 1231 2047 1268 doftrinae
2069 1229 2279 1266 adminiculo

216 1297 344 1338 fuffulti
357 1322 367 1333 .
399 1294 478 1332 inde
490 1292 602 1338 spinas
612 1292 669 1325 has
694 1288 733 1323 P.
745 1284 866 1322 Bafilio
880 1284 923 1319 de
938 1282 1110 1331 Ayre,suo
1126 1277 1296 1334 Miliionis
1305 1280 1414 1332 §ocio
1424 1304 1438 1324 ‚
1465 1282 1606 1327 reliquit
1618 1304 1631 1325 ,
1656 1282 1690 1318 8(
1704 1283 1846 1318 Brunam
1862 1281 1987 1318 receffit
2004 1307 2013 1316 .

314 1344 438 1384 Studio
453 1339 696 1385 philosophico
708 1335 744 1370 &
754 1332 977 1376 Theologico
995 1330 1123 1367 diutius
1135 1329 1189 1363 hic
1201 1328 1331 1363 incubit
1343 1353 1356 1371 ,
1380 1330 1641 1376 composuitque
1654 1342 1746 1376 opus·
1766 1331 1808 1366 de
1820 1331 1910 1367 Luce
1924 1330 2088 1366 mentium
2102 1350 2115 1370 ‚
2139 1326 2183 1367 ἐς·
2204 1324 2278 1374 ejus

217 1396 367 1445 imagine
379 1416 392 1436 ,
417 1399 559 1438 parvum
573 1386 710 1434 quidem
723 1383 814 1418 mole
827 1404 845 1424 ,
863 1380 1014 1427 pondere
1024 1386 1160 1419 autem,
1185 1375 1206 1410 ii
1217 1376 1418 1423 Sapientsim
1426 1378 1797 1426 judicioaccedamus,
1821 1390 1981 1424 magnum
1995 1390 2006 1417 ;
2023 1375 2284 1414 Distraxittion

216 1446 317 1484 semel
342 1439 509 1477 intensum
532 1435 684 1472 studium.
693 1427 997 1468 menti-obversans
1010 1425 1154 1472 Nigrini
1170 1425 1344 1462 couverfio
1356 1449 1369 1470 ,
1380 1427 1414 1462 &
1425 1428 1506 1463 duni
1520 1439 1567 1463 ex
1582 1429 1641 1463 illa
1663 1428 1815 1465 Eccleliae
1836 1427 1945 1475 majus
1957 1450 1970 1469 ,
1994 1429 2098 1473 quarn
2115 1427 2225 1461 Roma
2235 1433 2282 1459 ex

219 1489 353 1539 scriptis
365 1488 553 1527 intulerat,
578 1480 796 1519 commodum
806 1477 970 1514 adnaturn
982 1474 1047 1512 effe
1061 1473 1212 1510 meminit
1226 1496 1239 1517 ,
1264 1474 1380 1511 denuo
1394 1476 1459 1512 iter
1473 1477 1516 1513 ad
1532 1477 1668 1513 Almam
1683 1478 1767 1514 hanc
1780 1478 1910 1513 Urbem
1922 1474 2076 1511 decrevit
2089 1497 2104 1516 ,
2129 1473 2253 1519 partim
2268 1496 2281 1514 ,

218 1553 259 1578 ut
283 1541 319 1578 S.
329 1536 409 1575 Sedi
425 1531 593 1581 praecelsas
605 1528 750 1575 Nigrini
761 1528 859 1563 dotes
872 1525 1035 1572 ampliore
1048 1523 1212 1560 relatione
1225 1525 1475 1561 commendaret
1485 1548 1498 1569 ‚
1510 1526 1630 1572 partim
1645 1547 1658 1569 ,
1682 1534 1721 1561 ut
1733 1524 1944 1573 propositum
1958 1546 1972 1567 ,
1997 1535 2068 1571 quo
2082 1521 2289 1558 Uladislaus

219 1592 303 1627 Rex
314 1582 580 1631 colloquium-de
595 1579 677 1619 Fide
692 1577 864 1625 publicum
878 1574 1052 1610 instituere
1066 1572 1224 1609 statuerat
1234 1595 1255 1616 ,v
1275 1574 1463 1609 recenseret
1478 1596 1488 1606 .

324 1637 374 1672 Eo
387 1643 476 1670 anno
497 1630 661 1666 videlicet
676 1623 854 1662 millefimo
866 1621 1104 1659 sexcentesimo
1117 1620 1378 1666 quadragefimo
1393 1623 1495 1657 tertio
1509 1624 1712 1667 agebantur
1724 1621 1891 1658 Comitia.
1901 1621 2088 1659 Generalia
2108 1617 2259 1657 Ordinis
2275 1619 2288 1660 ζ

219 1688 254 1723 in
267 1685 394 1733 quibus
410 1682 452 1717 de
475 1677 664 1715 Ministerio
678 1671 845 1711 Generali
859 1671 1044 1707 Valeriano
1059 1668 1432 1706 conferendocrebrior
1443 1673 1600 1706 currebat
1614 1670 1780 1708 discursus
1790 1695 1803 1713 ‚
1830 1673 1971 1707 noviter
1997 1681 2111 1707 autem
2133 1669 2168 1704 8c
2186 1667 2287 1704 eous-

220 1746 288 1783 que
303 1728 538 1769 invidiafflum
551 1724 699 1771 impetiit
712 1745 725 1766 ,
750 1731 789 1756 ut
801 1731 862 1756 nec
875 1719 1010 1764 Regis,
1036 1729 1099 1753 nec
1113 1716 1174 1753 suo
1187 1729 1274 1753 voto
1288 1717 1460 1754 confee'ta
1476 1718 1556 1756 inde
1571 1719 1724 1757 recedere
1738 1719 1898 1757 debuerit
1911 1748 1919 1757 .
1948 1722 1983 1758 ln
2009 1720 2069 1755 suo
2083 1718 2124 1754 ad
2141 1716 2288 1754 Provin—

219 1784 307 1820 ciam
324 1777 469 1827 appulsu
482 1777 508 1810 a
526 1776 564 1812 S.
575 1766 862 1824 Congregatione⁴
884 1767 919 1824 in
935 1765 1116 1823 poloniam
1129 1766 1163 1803 se
1179 1766 1333 1803 conferre
1343 1767 1483 1814 jubetur
1497 1791 1510 1811 ,
1536 1779 1573 1803 ut
1584 1768 1798 1815 colloquium
1811 1792 1824 1812 ,
1850 1769 1944 1816 quod
1967 1772 2047 1806 Rex
2063 1765 2213 1805 Torunii
2235 1766 2292 1800 in·

218 1831 378 1871 dixerat,
403 1823 498 1862 omni
510 1845 526 1866 2
547 1833 618 1869 quo
630 1817 739 1868 poffet
752 1841 762 1856 2
788 1816 864 1852 nisu
888 1815 1092 1862 impediret.
1122 1815 1260 1851 Interim
1276 1815 1359 1851 dum
1374 1817 1534 1854 Urbanus
1551 1817 1654 1854 Vlll.
1684 1819 1905 1854 Pontificium
1935 1819 2121 1862 rriregnum
2147 1814 2291 1851 cinere)

218 1874 438 1915 mortalitatis
451 1868 678 1909 eommutavit
692 1891 705 1910 ‚
729 1866 768 1903 &
782 1865 1004 1902 Innocentius
1015 1863 1078 1919 X..
1090 1863 1125 1899 in
1144 1864 1234 1901 l'etri
1255 1863 1344 1901 Sede
1364 1864 1427 1900 fuit
1437 1868 1624 1902 collocatus
1635 1891 1655 1912 ‚.
1675 1869 1759 1903 Reie
1777 1869 1853 1914 qu'ai
1861 1878 1958 1913 prece
1972 1891 1984 1911 ‚
2009 1868 2077 1913 qua
2093 1864 2222 1902 ratione
2236 1864 2289 1898 in-

221 1926 305 1965 stitit
315 1951 330 1971 ,
355 1935 393 1960 ut
405 1914 798 1967 colloquiumindistum
813 1938 827 1959 ‚
851 1925 897 1950 ex
906 1924 978 1961 quo
990 1914 1323 1960 plurimacommoda
1338 1915 1386 1950 rei
1398 1913 1587 1952 Catholicae
1603 1914 1727 1963 sperari
1747 1917 1908 1953 deberent
1921 1941 1934 1960 ‚
1960 1917 2077 1952 saltem
2102 1913 2294 1951 conniven-

225 1977 281 2013 do·
294 1972 516 2021 permitteret,
540 1967 571 2003 siu
581 1966 801 2015 approbando
822 1961 1111 2007 suffragarinollet
1121 1986 1131 2002 ‚
1156 1973 1238 1998 cum
1249 1962 1388 1998 receffus
1406 1964 1536 2000 nonnisi
1548 1965 1810 2001 Catholicorum
1821 1966 2205 2008 formidinemargueret
2217 1985 2230 2005 ,
2257 1963 2292 1996 ὅ(

223 2022 508 2060 Acatholicorum
520 2016 708 2063 superbiam
723 2022 855 2069 acueret
866 2036 883 2047 ,ν
906 2011 1030 2067 thue
1054 2011 1256 2048 Pontificius
1276 2011 1421 2050 assensus
1444 2013 1570 2051 certiiis
1590 2014 1815 2061 sequeretur,
1842 2014 2065 2050 Valerianum
2090 2013 2206 2047 denuo
2220 2011 2295 2046 Ro-

227 2067 503 2114 mam·ablegavit
516 2089 529 2108 ,
554 2062 777 2112 superaddita.
787 2061 840 2096 illi
857 2059 1092 2096 commistione
1106 2085 1118 2104 ,
1140 2069 1179 2096 ut
1190 2060 1225 2096 8(
1249 2060 1353 2097 ibide
1367 2062 1602 2099 Ruthenorum
1625 2064 1924 2100 Schismaticomm
1939 2075 2018 2099 cum
2045 2063 2081 2099 s,
2093 2060 2183 2098 Sede
2195 2058 2295 2094 unio.

226 2132 292 2163 ne,
316 2129 419 2166 quam
439 2114 578 2163 quidam
594 2110 803 2158 Episcopus,
828 2108 894 2145 V-il'
912 2108 998 2144 inter
1022 2106 1101 2145 illos
1116 2120 1236 2155 potens
1250 2110 1389 2155 urgebat
1402 2136 1415 2156 ,
1437 2111 1471 2147 8(
1497 2123 1542 2149 ex
1559 2112 1615 2149 fua
1633 2112 1861 2149 conversione
1885 2121 2117 2160 opportunam
2137 2106 2266 2145 censuit
2281 2129 2296 2150 ,

228 2168 355 2205 unitim
368 2164 544 2202 uastaret.
571 2161 760 2198 Benevolas
775 2159 836 2195 hac
848 2157 922 2194 vice
943 2157 1076 2194 invenit
1090 2158 1250 2196 Romanae
1269 2159 1386 2197 Curiae
1409 2173 1534 2205 aures,
1559 2161 1692 2208 fuitque
1718 2162 1891 2206 utriusque
1913 2160 2045 2205 negotii
2077 2157 2163 2194 ordo
2188 2157 2294 2192 Nun-

229 2214 529 2264 ttossApostolico,
547 2210 582 2246 51¹
609 2208 787 2247 poloniam
806 2205 1001 2254 profestum
1015 2230 1028 2247 2
1051 2218 1116 2253 pro
1135 2209 1339 2245 executione
1358 2211 1651 2253 commendatus,
1676 2220 1866 2247 nontamen
1888 2222 1955 2251 eo,
1980 2219 2053 2257 quo
2074 2205 2295 2252 sperabatur,

230 2264 376 2302 successu
388 2261 608 2314 fecundatus,
630 2257 763 2294 invidia
772 2257 987 2303 colloquium
999 2256 1048 2291 ita
1056 2258 1263 2294 accelerante
1272 2283 1285 2303 ‚
1299 2259 1592 2297 urValeriatiusin
1603 2271 1646 2296 eo
1658 2269 1852 2306 comparere
1862 2258 2018 2306 nequiret
2035 2280 2048 2301 ,
2073 2265 2119 2292 ex
2133 2265 2204 2301 quo
2232 2264 2295 2289 nec

227 2313 361 2351 lucrum
375 2311 422 2347 rei
434 2309 640 2348 Acatholicae
650 2306 779 2342 acceflit
794 2328 806 2347 ,
826 2316 891 2341 nec
904 2304 1047 2341 ulterius
1060 2305 1101 2342 de
1116 2305 1360 2343 Ruthenorum
1376 2309 1507 2346 unione
1530 2309 1595 2344 fuit
1611 2308 1688 2344 astu
1695 2321 1737 2345 m.

324 2358 475 2398 Feliciiis
488 2357 565 2392 inde
591 2365 629 2391 ut
649 2355 684 2390 in
700 2353 851 2390 Polonia.
871 2365 923 2390 res
935 2353 1030 2389 Fidei
1054 2365 1185 2391 curaret
1207 2357 1244 2392 8(
1259 2356 1428 2393 M-issionis
1441 2383 1453 2401 ,
1480 2359 1664 2394 Cracoviae
1683 2359 1718 2393 in
1740 2356 1916 2395 Suburbio
1930 2354 2161 2403 Hospitium,
2175 2353 2209 2388 in
2224 2363 2297 2399 quo

228 2415 265 2452 ἃ
282 2411 359 2449 vitae
371 2405 576 2454 Capucinm
600 2404 636 2440 &
648 2404 826 2440 Librorum
840 2401 1102 2450 compositioni,
1118 2404 1160 2440 ad
1177 2405 1427 2450 Anathoiicos,
1452 2407 1510 2454 qui
1522 2416 1640 2443 contra
1653 2407 1946 2453 eumtscripserant
1962 2429 1975 2449 ,
1999 2403 2221 2441 confutandos
2246 2401 2299 2436 in-

227 2459 346 2500 cubuit
360 2485 370 2494 .
395 2458 486 2493 lnter
504 2454 726 2509 hosJoannes
738 2452 872 2494 Amos„
887 2453 1094 2496 Cotum-181>
1111 2454 1172 2490 sub
1183 2455 1321 2491 nomine
1338 2454 1450 2492 Uli-ici
1462 2457 1503 2491 de
1519 2455 1672 2492 Neufeld
1688 2456 1850 2500 latitans,
1878 2463 2060 2503 proopere
2075 2450 2164 2488 Echo
2179 2462 2300 2487 vera)

229 2509 428 2547 intitulato,
453 2502 585 2540 absurdi
607 2502 657 2537 sui
670 2501 795 2538 laboris
808 2524 819 2539 ‚
843 2499 1105 2558 quo3iffaleriani
1119 2503 1296 2539 librumde
1306 2503 1467 2540 credendi
1482 2507 1603 2553 regula
1617 2505 1769 2543 traduxit
1780 2506 1942 2551 ,primus
1953 2501 2081 2547 recepit
2096 2499 2298 2536 mercedem.

230 2555 474 2602 Angustiorem
489 2553 575 2588 Dux
586 2549 781 2586 offulienfis
796 2549 978 2586 dum-vidit
991 2549 1165 2589 Valeriani
1185 2552 1426 2589 habitationem
1439 2577 1452 2597 ‚
1476 2555 1577 2590 aliam
1598 2554 1632 2590 &
1662 2553 1752 2589 suam
1779 2553 1844 2589 fori
1857 2549 2098 2589 Craeovienfis
2117 2551 2268 2584 Domum
2285 2570 2298 2589 ‚

227 2606 387 2644 vincolatu
415 2602 453 2639 S.
464 2598 604 2648 Joannis
622 2600 642 2634 a
655 2599 865 2647 Capistrano
879 2600 1026 2642 cultam,
1049 2601 1198 2649 quam&
1214 2601 1417 2637 Valerianus
1437 2602 1510 2638 usui
1527 2602 1808 2639 Miffionariorum
1823 2602 2088 2648 Capucinorum
2109 2596 2272 2642 inscripsit
2287 2619 2298 2637 ,

235 2655 289 2690 illi
301 2649 451 2689 decrevit
465 2673 475 2684 .
503 2647 789 2695 Longaquuietis
798 2658 917 2683 moras·
929 2647 963 2683 in
973 2659 1012 2683 ea
1027 2659 1095 2685 non
1111 2651 1301 2696 protraxit,
1327 2654 1356 2685 a.
1378 2651 1476 2695 Rege
1492 2650 1696 2687 V-arsaviam
1719 2662 1864 2687 vocatus
1877 2673 1889 2693 ,
1907 2649 1967 2696 qui
1989 2659 2027 2683 ut
2053 2648 2106 2682 de·
2120 2645 2216 2691 regio
2239 2645 2301 2679 suo

234 2703 271 2739 in
281 2700 378 2736 illum
390 2696 514 2751 affe-&u
530 2707 660 2731 novum
674 2697 833 2741 praeberet
845 2696 1012 2743 specimen
1024 2719 1037 2740 ,
1057 2709 1138 2734 eum
1146 2698 1259 2735 denuo
1269 2699 1310 2734 ad
1323 2710 1510 2745 purpuram
1523 2700 1721 2746 promoveri
1739 2723 1762 2740 y
1778 2696 1893 2734 irrito*
1902 2697 1985 2732 licet
2002 2706 2157 2738 conatu,
2180 2695 2279 2741 postu
2289 2714 2297 2720 ·

236 2748 353 2789 lavit,
379 2745 515 2787 Regma.
532 2755 574 2778 ex
596 2743 914 2801 Emi-ti.·Cardiualis
929 2745 1121 2782 Mazzarini
1144 2746 1324 2791 instinctu,
1349 2747 1451 2794 hujus
1481 2747 1638 2783 Fratrem
1651 2772 1661 2786 ‚
1685 2759 1731 2783 ex
1751 2745 1894 2783 Ordine
1915 2745 1984 2781 Ρ-Ρ.
2000 2743 2302 2779 Praedicator-unu

235 2793 491 2836 commendante
504 2815 514 2823 ·
539 2791 693 2834 Relfflut
706 2793 995 2836 instantiasRex„
1019 2794 1223 2831 &redituro
1239 2796 1390 2832 Romam
1407 2795 1622 2832 internuntio
1643 2804 1780 2839 precum
1793 2794 1925 2829 suarum
1944 2790 2105 2828 effectum
2125 2801 2306 2827 commen-

237 2844 334 2883 davit
347 2866 357 2876 .
386 2841 503 2894 iterata
517 2837 646 2894 reptilsa
657 2838 738 2873 dum
751 2839 882 2883 Regem
894 2839 985 2874 haud
999 2854 1116 2888 parum
1128 2843 1276 2879 irritavit
1286 2867 1299 2886 ‚
1326 2843 1537 2879 Valerianus*
1553 2850 1702 2878 econtra<
1722 2841 1892 2885 religiosa
1916 2839 2140 2876 indifferentia
2158 2838 2306 2875 confiliis

236 2893 376 2931 Divina
393 2886 619 2943 Providentia:
642 2885 797 2920 scrotum
810 2885 1000 2940 commisti,
1022 2889 1057 2924 in
1071 2890 1352 2934 ligneis-aedibus,
1372 2891 1588 2936 regioshorto
1599 2889 1835 2931 conterminis,
1863 2889 1992 2934 quibus
2019 2899 2081 2935 pro
2101 2897 2301 2934 opportuno

240 2937 439 2979 devotionis
460 2933 1003 2990 exercitioosacellumadjunfikum
1021 2946 1093 2972 erat
1107 2959 1120 2979 ,
1143 2938 1178 2972 iu
1191 2938 1428 2983 humilitate&
1443 2948 1644 2984 paupertare
1660 2937 1741 2972 vitae
1749 2938 1943 2983 Capucinae
1967 2939 2062 2984 leges
2085 2936 2245 2979 servans,
2269 2937 2305 2971 &

242 2985 464 3028 Miffionariae
481 2983 654 3038 charitatis
667 2981 787 3038 officiis
801 2980 1165 3033 indefesseincumbens
1177 3009 1185 3017 ·
1199 2985 1366 3020 Reddidit
1380 2985 1441 3021 illa
1456 2997 1514 3032 per
1532 2985 1708 3021 Poloniam
1728 2987 1875 3022 celebria
1895 2986 2143 3022 Necromantae.
2155 2984 2211 3020 seu
2226 2985 2304 3020 Ma-

244 3040 281 3084 gi
306 3032 486 3072 conversio
501 3055 513 3075 ³
539 3042 600 3078 (11Π
627 3033 761 3087 effimiae
776 3029 970 3075 Reflgionss
984 3053 997 3073 2
1020 3032 1076 3068 scu
1091 3032 1236 3068 Ordinis
1253 3032 1418 3069 Profeffor
1431 3058 1444 3076 ,
1468 3037 1502 3069 &
1524 3033 1734 3071 Sacerdotali
1763 3033 1952 3071 chareaere
1981 3033 2156 3079 insignitus
2183 3033 2304 3078 partim

245 3081 545 3123 euriosanmalitia,
571 3088 691 3136 partim
703 3079 926 3116 astualter-ius
943 3080 1037 3124 Magi
1053 3081 1233 3124 stduftus,
1259 3080 1280 3116 fi
1294 3092 1342 3116 eiii
1363 3082 1463 3118 ltaliae
1479 3081 1628 3129 partibus
1643 3083 1729 3119 intra
1751 3096 1785 3130 4.
1799 3084 1928 3119 dierum
1942 3082 2088 3128 spatium
2102 3081 2306 3117 Varsaviam

247 3136 431 3171 duceretur
444 3153 457 3172 ,
481 3130 513 3164 se
529 3138 738 3182 ammvimque
753 3126 843 3162 fuam
859 3129 1020 3165 Doemoni
1036 3128 1161 3176 scripto
1187 3130 1288 3175 pafio
1302 3129 1512 3170 obstrinxit3
1540 3131 1670 3176 Arrigit
1693 3132 1789 3168 miser
1807 3132 1918 3179 stygio
1937 3142 2028 3178 equo
2047 3130 2171 3167 duetus
2181 3128 2307 3166 Varsa.

249 3182 342 3220 viam
356 3204 368 3222 ,
394 3178 428 3213 8(
440 3177 584 3212 amicum
600 3177 694 3232 {uum
708 3186 755 3211 ex
767 3176 882 3212 eadem
894 3177 1079 3221 Religione
1098 3189 1167 3213 non
1181 3180 1303 3224 procul
1330 3179 1617 3226 &Capacinorum
1631 3180 1803 3227 Hospitio
1820 3190 2007 3215 morantem
2025 3179 2138 3214 invisit
2155 3207 2162 3215 .

344 3229 537 3281 Utrumque
561 3224 695 3278 R'ffgffls
708 3224 922 3261 Hortulanus
947 3225 1362 3264 cumanis-conterraneis
1377 3229 1418 3264 ad
1433 3227 1724 3273 coenaminvitat,
1747 3230 1784 3265 80
1795 3231 1835 3266 ea
1859 3229 2003 3264 durante
2019 3229 2173 3263 Daemon
2184 3252 2199 3271 ‚
2230 3230 2306 3263 Ne-

249 3286 430 3315 cromantae
443 3274 578 3329 cirtam,
603 3282 637 3305 in
649 3283 716 3328 qua
732 3272 948 3309 Hortulanus
963 3274 1011 3310 sui
1025 3274 1226 3317 laboris,.&
1241 3276 1477 3313 sudoris.lucra
1503 3287 1561 3322 per
1576 3279 1689 3324 plures
1709 3290 1816 3315 annos
1838 3275 2008 3319 comesta,
2033 3287 2098 3322 pro
2122 3276 2186 3311 suae
2213 3277 2307 3312 serie-

249 3325 355 3362 fflfl‘s
370 3322 518 3370 Pfaefidw
530 3318 889 3375 ωῆθὼθῐέῑΰᾶὓῖἆὲ
901 3321 1047 3357 ostendit
1059 3348 1068 3361 ‚
1087 3330 1195 3368 utque
1211 3335 1257 3359 ex
1277 3336 1315 3360 ea
1337 3324 1497 3370 pecuniis,
1510 3325 1576 3361 suae
1593 3326 1735 3374 penuria
1756 3325 1951 3374 provideret
1969 3347 1983 3366 ‚
2003 3323 2119 3360 suadet
2134 3348 2154 3359 ..
2171 3325 2308 3361 Placuit

250 3373 429 3410 confilium
443 3394 459 3414 ν
480 3369 643 3415 00ῧῦἓῆῠο
659 3367 779 3411 flulti,
803 3368 973 3405 Sacerdos
987 3370 1220 3407 Necromanta
1235 3397 1246 3412 ,
1269 3372 1422 3417 maligno
1435 3373 1564 3418 Spiritu
1577 3386 1677 3422 opem
1701 3377 1890 3422 praebente,
1915 3373 2043 3409 &cane
2059 3373 2101 3407 ad
2118 3373 2307 3408 custodiam

253 3421 392 3458 Domus
412 3418 519 3466 polito
533 3442 542 3457 2
563 3417 606 3452 ad
624 3427 706 3474 yota
727 3415 841 3452 filcntc
850 3439 867 3472 .’
896 3417 1140 3461 Rides-intrat,
1167 3419 1202 3455 8t
1218 3421 1420 3457 Hortulano
1441 3421 1631 3460 dormiente
1644 3424 1789 3460 ablatam
1803 3423 1917 3458 cistam
1932 3423 1966 3456 in
1979 3430 2086 3468 puteo
2097 3445 2107 3462 ,
2121 3421 2217 3465 regio
2229 3421 2311 3456 hor·

247 3479 294 3504 ‘ro
303 3468 469 3511 contiguo
478 3465 650 3522 abscondit
660 3488 669 3504 .
690 3464 926 3521 cochlearibus
940 3467 1133 3510 argenteis,
1147 3467 1183 3502 8(
1202 3469 1406 3513 paucis-aliis
1419 3480 1515 3508 exea
1529 3472 1694 3508 duntaxat
1707 3470 1865 3508 detraffls
1877 3493 1888 3503 -
1916 3471 1995 3504 Deo
2018 3469 2221 3515 disponente
2247 3470 2308 3504 de-

248 3517 388 3572 ·tegitur
400 3517 490 3558 Fur,
517 3525 605 3560 qui,
624 3524 701 3549 curn
713 3513 869 3549 humanis
884 3514 1012 3550 viribus
1035 3514 1162 3551 furtum
1176 3518 1340 3553 committi
1363 3519 1452 3554 haud
1475 3519 1618 3566 potuisse
1645 3521 1812 3557 constaret
1823 3542 1837 3561 ,
1860 3518 2113 3562 interrogatus,
2139 3518 2310 3554 diabolici⁴

258 3573 328 3600 arte
340 3564 450 3620 udaie
464 3571 631 3608 patratum
644 3561 708 3597 effe
718 3560 840 3618 fatetur
851 3583 864 3604 ,
887 3562 924 3597 8(
940 3562 1129 3611 Magumle
1143 3565 1316 3602 denuntiat
1329 3591 1340 3602 .
1367 3566 1473 3604 Volat
1488 3568 1687 3605 Valerianus
1703 3569 1761 3604 his
1769 3566 1900 3603 auditis
1910 3566 1952 3601 ad
1965 3567 2107 3611 Magum
2119 3590 2130 3611 ,
2146 3567 2185 3603 &
2197 3565 2309 3603 miser·-

259 3622 318 3647 tus
331 3609 598 3668 anima-setin&
608 3621 684 3646 eum
695 3609 736 3666 ad
750 3618 981 3656 poenitentram
996 3622 1109 3649 monet
1120 3637 1137 3648 ..
1158 3613 1186 3648 R
1194 3613 1362 3650 eluantur
1375 3615 1450 3660 ille,
1461 3618 1495 3653 8(
1505 3617 1586 3652 dum
1595 3619 1694 3653 noete
1709 3615 1866 3662 sequente
1878 3614 1911 3649 se
1921 3613 2062 3650 Gedani
2082 3614 2313 3650 dormiturum

256 3657 393 3701 asserir,
412 3658 531 3714 mediis
546 3658 794 3715 spiritualibus3
815 3668 855 3693 ne
872 3661 1033 3705 progredi
1052 3661 1156 3707 poffet
1168 3663 1210 3705 ,a
1224 3661 1625 3711 Valerianotimpeditur.
1654 3664 1781 3699 Delusa
1791 3664 1859 3699 haec
1878 3662 1977 3709 Magi
1991 3662 2064 3707 spes
2076 3664 2219 3708 praebuit
2232 3665 2310 3700 huic

257 3706 368 3763 ansam
384 3708 528 3761 fortiore
537 3717 613 3741 eum
627 3707 793 3764 ²¹'guendj
806 3707 885 3742 2⁶¹0
894 3731 914 3751 ι
934 3710 1030 3752 inde,
1046 3719 1083 3744 ut
1094 3709 1339 3746 animamtsuam
1350 3711 1476 3749 Christi
1487 3713 1658 3756 Sanguine
1670 3713 1878 3759 redemptam
1890 3735 1899 3750 2
1924 3712 1959 3747 8(
1971 3713 2083 3749 Sacrae
2095 3711 2310 3748 Professionis

254 3756 396 3792 vtnculo
409 3755 490 3789 Deo
505 3754 643 3797 ligatam
666 3756 686 3788 a
701 3754 864 3791 servrrute
879 3757 1059 3794 Doemonis
1074 3760 1216 3802 liberet,
1241 3757 1408 3806 hujusque
1429 3762 1594 3807 operibus
1616 3757 1706 3795 forti.
1721 3760 1834 3796 animo
1855 3761 2066 3797 abrenuntiet
2080 3786 2091 3802 ,
2115 3758 2312 3808 opportune

253 3800 558 3887 mpoffllaeliffffl
573 3823 592 3846 a
608 3802 758 3840 obsecrat
774 3827 789 3850 ,
811 3803 990 3853 increpat,
1009 3806 1191 3855 pestusque
1206 3831 1222 3851 ,A
1244 3807 1338 3853 quod
1360 3807 1452 3844 ferro
1466 3809 1708 3894 dssrssuszprimb
1720 3810 1921 3858 probaverat
1933 3808 2309 3892 ,ςοπιηιοωᾟῑὲῖίειη
