2658 4256
255 2944 258 2951 r
290 3000 297 3008 ,
365 2978 427 3006 tur
452 2990 465 3011 ‚
500 2966 625 3014 defafiio
646 2966 824 3012 fabricare
845 2961 1065 3011 praetendant
1094 2984 1108 3003 ‚
1146 2962 1190 3001 ἐς·
1223 2969 1286 3008 pro
1320 2970 1509 3009 opportuna
1538 2963 1726 3011 provisione
1752 2962 2007 3012 supplicaverit
2026 2986 2040 3006 ‚
2077 2963 2150 2999 ΒΕ.
2174 2963 2296 2999 Patres

424 227 577 329 228
1044 216 1694 328 ⁷Provincia

1143 362 1756 454 NOTA.'

360 518 632 620 ADEpfflsct'wli
653 513 1026 616 {gssmeCongregatio
1061 506 1239 559 praetensas
1269 509 1499 550 Fundationes
1521 503 1846 552 inhiberi,Vicatio
1875 509 2054 548 Genefan
2078 509 2235 552 ‘radenti
2273 493 2436 557 &ommim

670 680 714 726 A
739 687 875 744 tergo
907 693 919 722 τ
956 671 1189 722 Admodum
1218 668 1474 721 Reverendo
1496 668 1679 741 Domino
1708 667 1879 720 Vicario
1913 669 2113 720 Tridenti
2127 705 2141 719 .

471 796 669 837 Admodum
689 792 895 831 Reverende
923 791 1106 835 ‘Domine-
1127 787 1359 836 ‹Adsunttum
1371 786 1558 839 supplicem
1580 785 1749 826 Libellum
1772 791 1888 828 Sacra
1914 788 1994 826 huic
2021 787 2291 837 Congregatiom'
2311 792 2441 831 nomine

380 846 630 884 Provincialis
656 843 907 892 Capacinorum
924 839 1060 888 Tyrolis
1075 865 1083 877 ‚
1111 838 1155 879 ὼ·
1179 837 1318 875 ‘Brixiae
1339 846 1448 885 nuper
1470 836 1684 881 exhibitum,
1712 838 1759 874 ad
1785 838 1883 876 Dom.
1900 837 2009 875 Tuam
2033 837 2226 885 transmitti
2253 836 2448 877 Emin.Pa.

353 914 355 916 >
370 906 442 934 tres
458 896 531 932 ideo
543 901 779 945 praeceperunt
793 918 803 934 ,
830 899 998 939 quatenus
1022 888 1115 925 circa
1133 887 1319 935 praetensas
1330 884 1563 923 Fundationes
1574 886 1817 924 Conventuum
1827 886 1990 924 Fratrum
2006 886 2283 936 Refhrmatorum
2292 886 2320 923 S
2323 885 2444 923 .Fran·

364 945 449 994 cisci
489 956 558 980 non
580 943 768 992 permittat
805 937 940 986 aliquid
976 937 1178 978 innovari,
1216 936 1278 986 nist
1297 935 1454 983 servatis
1480 933 1671 982 servandis
1697 936 1743 971 ad
1766 936 2003 985 pra-scriptum
2036 935 2326 985 Constitutionum
2351 937 2445 986 Apog

355 993 558 1044 stolicarum
579 1016 592 1029 .
616 990 702 1031 Haec
722 997 786 1041 pro
810 985 965 1038 injunfio
982 985 1046 1034 libi
1065 992 1205 1022 munere
1227 983 1326 1022 enixe
1350 982 1509 1035 prastet,
1533 982 1577 1024 ὼ·
1602 982 1697 1019 Deus
1708 984 1912 1026 &c.Romae
1929 995 1983 1031 ις.
2006 986 2104 1034 Sept.
2122 986 2226 1021 1662·

1242 1139 1247 1144 ,
1530 1079 1731 1133 Martius
1771 1083 1900 1134 Car'd.
1939 1084 2136 1134 Ginettus
2155 1122 2168 1135 .

462 1163 519 1202 Ex
533 1162 621 1210 Reg.
637 1162 768 1211 secret.
792 1158 963 1206 Congreg.
986 1154 1087 1203 mens.
1106 1154 1149 1196 (θ’
1169 1152 1255 1191 anni
1275 1152 1382 1218 prad.

464 1274 554 1308 Cum
584 1278 697 1305 tamen
715 1293 724 1308 ,
740 1266 891 1312 Epistola
915 1265 978 1299 hac
999 1272 1073 1298 non
1087 1263 1264 1304 obstante,
1279 1261 1422 1297 fabricas
1445 1260 1506 1297 sub
1527 1272 1691 1308 pretextu
1711 1286 1723 1305 ‚
1748 1261 1845 1310 quod
1866 1273 1935 1299 non
1963 1262 2177 1300 Monasteria
2196 1290 2206 1307 ,
2231 1263 2285 1301 sed
2314 1264 2447 1311 Hospi-

364 1321 413 1357 tia
432 1320 640 1365 erigerentur
669 1339 679 1355 ‚
718 1315 1005 1361 prosequerentur
1033 1333 1047 1355 ,
1089 1311 1224 1358 sumpto
1255 1312 1298 1345 ad
1326 1311 1504 1365 Sutnmum
1536 1311 1737 1347 Pontificem
1764 1311 1920 1356 recursu,
1944 1311 1982 1346 P.
1998 1311 2224 1349 provincialis
2245 1312 2447 1362 Tyrolenlis

363 1381 430 1417 pro
453 1378 547 1406 nova
571 1363 770 1402 inhibitione
788 1362 1016 1410 supplicavit,
1046 1370 1105 1407 per
1129 1361 1327 1408 sequentem
1350 1358 1523 1395 Libellum
1552 1359 1762 1407 supplicem,

1183 1457 1425 1522 BeatIffl'me
1460 1456 1588 1506 Pater
1605 1496 1618 1508 .

460 1585 628 1625 Patribus
654 1580 854 1621 Minoribus
879 1576 1158 1628 Observantibus
1182 1575 1394 1624 Reformatis
1421 1574 1531 1612 Rome'i
1543 1601 1555 1619 ,
1577 1586 1638 1626 per
1661 1576 1797 1614 litteras
1819 1575 1961 1615 Vicario
1978 1577 2141 1615 Tridenti
2159 1579 2343 1627 inscriptas
2361 1603 2376 1624 ,
2403 1579 2444 1615 in

364 1635 432 1672 loco
457 1634 563 1671 Fiemi
590 1634 696 1671 Diaec.
727 1629 887 1666 Trident.
914 1626 1082 1675 adificare
1104 1651 1117 1670 ‚
1147 1624 1210 1674 seu
1236 1626 1404 1672 inceptam
1427 1624 1500 1671 jam
1517 1626 1692 1673 fabricam
1714 1627 1874 1675 prosequi
1898 1652 1912 1671 ,
1947 1635 2021 1663 tum
2047 1628 2087 1663 ob
2104 1627 2345 1675 praejudici'um
2364 1626 2445 1663 aliis

362 1683 598 1731 Regularibus
625 1679 705 1717 inde
728 1678 916 1724 accrescens
938 1700 951 1718 ‚
976 1685 1046 1711 tam
1069 1675 1109 1710 ob
1137 1685 1204 1708 non
1217 1672 1380 1720 servatas
1411 1673 1592 1711 Bullarum
1625 1674 1888 1721 Pontificiarum
1914 1675 2125 1712 conditiones
2147 1676 2225 1724 fuit
2244 1676 2446 1720 inhibitum,

361 1733 422 1769 hoc
442 1742 554 1769 tamen
585 1741 652 1766 non
683 1727 827 1775 obstante
851 1725 1018 1771 fabricam
1041 1723 1294 1771 prosequuntur
1310 1744 1321 1763 ,
1351 1720 1560 1768 allegantes,
1594 1724 1684 1772 quod
1711 1733 1780 1759 non
1805 1723 2080 1772 Monasterium‚
2093 1724 2158 1772 sed
2177 1723 2377 1772 Hospitium
2388 1725 2446 1773 fh·

363 1791 440 1818 ret.
464 1781 543 1818 Hoc
569 1789 682 1816 autem
711 1787 823 1811 merus
843 1774 885 1823 est
904 1782 1089 1821 praetextus
1110 1796 1123 1815 ,
1147 1782 1222 1807 cum
1235 1770 1375 1817 fabrica
1398 1770 1517 1818 iisdem
1531 1771 1822 1819 solemnitatibus,
1848 1774 1973 1819 quibus
1995 1771 2140 1819 aedificia
2159 1771 2449 1821 Monasteriorum

362 1831 572 1867 inchoantur
595 1852 608 1871 ‚
635 1825 748 1874 fuerit
773 1825 907 1871 incepta
935 1847 944 1857 .
972 1821 1110 1868 insuper
1130 1820 1273 1869 fabrica
1290 1818 1397 1866 semel
1421 1821 1609 1856 terminata
1624 1845 1636 1863 ‚
1661 1819 1720 1857 vel
1739 1821 1829 1855 inibi
1859 1832 1913 1856 12.
1940 1819 2099 1869 Religiosi
2115 1821 2268 1868 degent?
2293 1821 2337 1862 ὼ·
2359 1823 2448 1858 ita-J

363 1879 434 1916 erit
463 1876 706 1927 Monaflerium
732 1873 803 1921 ipsis
828 1869 1076 1908 interdifium5
1109 1868 1167 1906 vel
1191 1868 1301 1903 minor
1323 1869 1393 1904 erit
1419 1878 1473 1903 12.
1495 1867 1658 1905 Fratrum
1685 1871 1873 1906 numerus?
1898 1870 1941 1911 ὠ·
1957 1870 2004 1918 sic
2029 1871 2098 1905 erit
2124 1870 2323 1917 Hospitium
2346 1892 2360 1913 ,
2399 1881 2443 1907 eu

365 1927 606 1968 conventinus
621 1948 633 1966 ‚
658 1934 753 1969 quem
782 1931 912 1969 quoque
930 1918 1112 1966 fabricare
1133 1925 1333 1964 nequeunt,
1358 1929 1434 1953 cum
1451 1917 1502 1952 ibi
1528 1930 1689 1957 numerus
1718 1917 1739 1955 ὰ
1765 1917 1876 1954 Bullis
1907 1917 2101 1965 Pontificiis
2120 1919 2341 1967 praescriptus
2379 1919 2446 1956 ub·

491 1973 583 2010 haud
628 1984 643 2007 o
667 1981 692 2007 tt
707 1995 716 2006 .
1545 2002 1548 2006 ,
2418 1987 2434 1994 ··

358 1974 557 2066 fiststane,
573 1971 802 2067 cupmfffabrica
826 2015 1014 2065 hujusmodi
1045 2016 1084 2050 ob
1099 2014 1264 2062 summam
1280 2011 1390 2050 Vallis
1406 2022 1645 2063 paupertatem
1668 2017 1706 2051 in
1720 2016 1872 2054 notabile
1897 2015 2098 2065 Monasterii
2131 2015 2252 2052 Enniae
2275 2014 2443 2066 praejudi·

362 2073 454 2109 cium
484 2071 604 2108 tendat
619 2094 630 2113 ,
654 2066 771 2107 Sanfi.
801 2064 922 2116 Vestrae
947 2061 1192 2099 “Provincialis
1215 2061 1396 2109 Tyrolents
1411 2062 1610 2111 supplicat,
1635 2064 1693 2101 vel
1723 2075 1764 2102 ut
1788 2077 1860 2101 eam
1874 2064 2029 2100 inhibeat
2044 2089 2056 2107 ‚
2082 2064 2169 2107 vel,
2190 2074 2230 2101 ut
2259 2076 2332 2100 eam
2361 2062 2444 2100 mu·-

355 2120 507 2170 strtffimi
527 2118 683 2166 Fagnani
711 2115 753 2152 de
776 2117 883 2152 Statu
904 2112 1132 2161 Regularium
1155 2110 1276 2159 optim&
1296 2113 1334 2146 in
1352 2113 1477 2148 armati
1507 2112 1635 2159 confilio
1657 2116 1815 2151 remittat
1831 2137 1843 2158 ‚
1868 2122 2037 2160 quatenus
2063 2113 2103 2148 ob
2125 2121 2368 2160 paupertatem
2397 2110 2445 2149 il*-

362 2169 472 2205 lorum
494 2159 663 2207 locorum,
689 2173 740 2200 tot
762 2164 1001 2201 Mendicantes
1029 2162 1167 2198 nutrire
1201 2172 1268 2198 non
1288 2163 1505 2208 potentium,
1532 2160 1695 2211 Religiofi
1710 2171 1772 2210 pro
1796 2161 2005 2210 inquirendo
2025 2162 2128 2210 panis
2141 2159 2253 2211 frusto
2275 2170 2348 2198 tota
2370 2160 2441 2207 die,

365 2217 447 2255 dum
472 2214 621 2251 orationi
649 2212 746 2248 chori
769 2212 964 2247 incumbere
987 2210 1171 2253 deberent,
1197 2210 1326 2256 vagari
1346 2221 1413 2244 non
1444 2220 1629 2256 cogantur.
1658 2211 1728 2248 Pro
1753 2222 1821 2259 qua
1847 2213 1918 2253 (γε.

461 2260 611 2299 Remiffo
638 2261 682 2297 ad
710 2262 781 2295 Sac.
805 2261 984 2305 Congreg.
1013 2260 1166 2305 Episcopo
1195 2257 1229 2293 8<
1263 2258 1389 2303 Regul.
1416 2258 1552 2293 Libello
1577 2259 1735 2305 supplici,
1761 2259 1820 2294 sub
1836 2264 1882 2306 ις’
1906 2259 2074 2296 Decemb.
2094 2259 2198 2296 1662.
2216 2260 2258 2295 ab
2281 2259 2342 2296 hac
2365 2257 2434 2303 fuit

365 2313 563 2350 ordinatum
584 2332 596 2351 ‚
621 2321 658 2344 ut
682 2308 802 2344 denuo
816 2307 963 2343 Vicario
985 2307 1153 2343 Generali
1167 2308 1201 2342 T
1205 2306 1328 2342 ridenti
1351 2305 1548 2342 scriberetur
1571 2333 1581 2348 ,
1609 2317 1776 2354 quatenus
1801 2309 1862 2343 [ub
1889 2308 2000 2354 poenis
2024 2309 2088 2344 διε.
2112 2308 2302 2354 *prohibeat
2326 2305 2437 2353 prose·

365 2363 541 2399 cutionent
566 2357 699 2394 fabrica:
724 2368 733 2391 ε
764 2355 912 2399 Epistola
934 2365 1050 2389 autem
1077 2357 1121 2390 ab
1147 2355 1319 2390 Auditore
1342 2354 1558 2391 Eminentiss.
1584 2368 1623 2392 ac
1652 2357 1894 2393 Reverendiss.
1913 2356 2020 2391 Card.
2047 2355 2211 2394 Farnelii,
2236 2356 2342 2391 nostri
2367 2357 2436 2390 Os·

364 2410 455 2447 dinis
476 2407 705 2450 Proteaoris,
735 2405 778 2441 ad
799 2403 972 2440 instantias
1001 2404 1047 2438 D.
1074 2403 1213 2441 Batonis
1231 2403 1336 2437 Fiemi
1352 2427 1361 2442 ,
1388 2404 1543 2440 volentis
1566 2428 1579 2448 ‚
1607 2414 1643 2440 ut
1669 2405 1814 2443 rationes
1844 2406 1952 2442 Partis
1978 2405 2093 2451 primo
2112 2405 2310 2442 audirentur
2332 2427 2346 2449 ,
2376 2401 2443 2443 fuit

406 2459 423 2494 s
464 2458 536 2494 nsa.

365 2459 402 2498 su
418 2471 659 2544 pePericulum
695 2504 729 2540 in
753 2513 848 2537 mora
872 2498 1069 2549 interposita
1116 2498 1294 2536 advertens
1314 2503 1352 2534 P.
1377 2500 1515 2537 Procur.
1546 2501 1729 2540 Generalis
1752 2502 1871 2539 institit
1893 2504 1972 2541 Sac.
1989 2502 2269 2548 Congregationi
2303 2499 2441 2538 noviter

371 2567 438 2604 pro
459 2554 681 2601 impeditione
696 2552 828 2591 fabrica:
848 2549 1082 2584 controversae
1101 2573 1114 2592 ,
1141 2552 1173 2583 &
1195 2549 1262 2583 ΕΕ.
1280 2549 1396 2585 Patres
1424 2560 1482 2593 per
1507 2551 1682 2596 rep¹icatas
1707 2553 1834 2588 litteras
1849 2554 1891 2595 ‚a
1917 2552 2054 2588 Vicario
2068 2551 2276 2587 Tridentino
2303 2551 2346 2586 de
2375 2558 2441 2583 ex·

367 2604 476 2651 polita
508 2603 572 2639 loci
599 2611 820 2648 paupertate,
845 2598 879 2634 8<
905 2599 1081 2634 Bullarum
1114 2595 1375 2634 Pontificiarurn
1399 2600 1602 2636 executione
1628 2599 1807 2636 informari
1827 2601 2022 2648 petierunt,
2047 2599 2182 2647 fuitque
2211 2601 2439 2639 litterarum-

367 2664 486 2697 tenor,
511 2659 549 2687 ut
571 2650 720 2697 sequitur
734 2673 745 2684 .

714 2724 715 2729 ¹
755 2705 803 2751 A
825 2712 989 2768 tergo:
1030 2697 1261 2746 Admodum
1289 2697 1539 2749 Reverendo
1560 2699 1622 2748 D.
1637 2699 1805 2748 Vtcario
1836 2700 2052 2751 Tridenti.

507 2819 719 2858 ‹Admdum
742 2815 946 2855 Reverende
974 2815 1118 2852 Domine
1137 2840 1147 2850 .
1190 2815 1278 2853 Cum
1316 2815 1356 2853 P.
1379 2816 1601 2854 Procurator
1628 2817 1811 2855 Generalis
1836 2818 2092 2866 Caput-inarum
2117 2817 2308 2866 exposuerit
2326 2841 2335 2856 2
2349 2816 2439 2866 quod

370 2869 436 2908 FF.
461 2871 616 2907 Minores
637 2868 868 2916 Observantes
893 2865 1264 2903 novumConventum
1288 2863 1395 2901 Fiemi
1420 2865 1516 2902 illius
1539 2866 1643 2902 Diaec.
1678 2868 1717 2901 in
1738 2878 1851 2913 grave
1875 2866 2021 2902 aliorum
2047 2865 2326 2914 Mendicantium
2373 2877 2440 2903 rae·

362 2919 534 2969 judicium
558 2943 566 2955 .
606 2919 648 2960 ὼ·
676 2919 714 2951 in
729 2916 840 2965 specie
865 2914 1119 2962 Capucinorum
1139 2913 1179 2948 ob
1201 2924 1357 2959 magnam
1379 2912 1516 2951 illorum
1542 2913 1689 2950 locorum
1711 2923 1976 2963 paupertatem,
2004 2925 2077 2962 quae
2102 2915 2153 2950 ibi
2173 2915 2292 2961 vigere
2318 2874 2435 2999 ‹spri-

2371 2973 2434 2999 om.

372 3015 455 3052 Tuae
471 3016 583 3063 scribi
602 3011 772 3063 jufferunt
791 3037 804 3056 ,
829 3021 996 3060 quatenus
1017 3009 1167 3059 distinffe
1188 3008 1228 3045 de
1246 3009 1457 3060 subfistentia
1478 3011 1692 3060 expositorum
1711 3037 1722 3055 ,
1757 3010 1990 3060 &speciatim
2017 3034 2030 3053 ,
2067 3022 2143 3046 cum
2161 3021 2230 3058 qua
2257 3010 2441 3048 licentia

369 3063 453 3100 difii
467 3063 552 3102 FP.
567 3062 761 3112 Reformati
792 3072 913 3096 novum
928 3059 1146 3096 Conventum
1168 3059 1301 3105 erigere
1313 3061 1472 3108 cupiant?
1495 3061 1562 3103 ἐπ’,
1577 3073 1622 3096 an
1646 3061 1740 3098 circa
1758 3060 1818 3095 hoc
1842 3059 1957 3096 ‘Buuae
1978 3057 2168 3106 Pontificius
2193 3058 2436 3106 observentur,

370 3113 532 3160 informet
553 3139 562 3154 ,
589 3113 633 3154 «θ’
662 3110 831 3159 adjungat
846 3132 859 3152 ‚
884 3120 929 3144 an
950 3108 1116 3156 praetensa
1134 3106 1281 3143 locorum
1299 3116 1483 3156 paupertas
1499 3108 1545 3156 stt
1566 3120 1651 3144 vera
1681 3110 1725 3150 ὼ·
1744 3107 1847 3144 realis
1864 3131 1877 3151 ,
1901 3109 1945 3149 ὼ·
1970 3119 2016 3142 an
2040 3106 2435 3156 praejudiciumsuppofi-

368 3170 443 3201 tum
466 3161 544 3199 aliis
569 3169 732 3210 emergat,
757 3157 951 3208 referatque
973 3156 1043 3194 alia
1065 3157 1200 3199 omnia,
1225 3167 1298 3204 quae
1320 3156 1543 3206 fignificanda
1565 3167 1771 3195 occurrent.
1797 3156 1893 3194 Deus
1916 3156 1988 3199 &a
2011 3154 2125 3192 Romae
2144 3169 2172 3192 ι.
2192 3156 2307 3195 Mart.
2326 3157 2428 3204 1663.

1534 3254 1731 3306 Martius
1769 3255 1896 3307 Card.
1934 3256 2131 3307 Ginettus
2143 3291 2157 3307 .

465 3381 655 3417 Ponderata
676 3378 696 3413 ὲ
722 3378 799 3415 Sec.
827 3377 1109 3421 Congregatione
1137 3377 1327 3421 relatione,
1343 3377 1363 3412 a
1387 3375 1526 3412 Vicario
1542 3375 1711 3416 Generali
1730 3375 1929 3423 Tridentini
1953 3373 2148 3415 transmissa,
2173 3374 2239 3411 fuit
2266 3374 2298 3411 ei
2322 3373 2435 3423 injunq

375 3426 429 3465 aa
455 3432 617 3467 executio
642 3426 814 3475 sequentis
837 3426 996 3474 Epistola:
1014 3450 1024 3461 .

575 3548 621 3594 A
653 3556 815 3612 tergo:
853 3542 914 3590 A.
941 3540 1192 3593 Reverendo
1228 3544 1407 3592 Domino
1444 3543 1616 3620 Vitario
1647 3540 1889 3607 Capitulari
1921 3538 2192 3592 Tridentino.

461 3661 511 3697 A.
542 3659 745 3697 Reverende
769 3659 951 3696 Domine.
985 3660 1124 3697 Audita
1151 3659 1317 3698 relatione
1339 3662 1401 3704 &c
1437 3663 1549 3709 Super
1581 3659 1750 3710 praetensa
1774 3659 1938 3697 ereFiione
1964 3660 2165 3700 Conventus
2185 3660 2251 3699 FF.
2273 3661 2438 3703 Μίκων.

358 3708 545 3761 firmioris
567 3709 808 3757 Observantiae
832 3710 872 3746 S.
898 3707 1072 3757 Francilci
1093 3711 1132 3745 in
1159 3707 1257 3746 Valle
1272 3735 1283 3753 ‚
1301 3708 1364 3758 seu
1375 3711 1442 3747 loco
1457 3710 1562 3747 Fiemi
1578 3734 1591 3752 ,
1614 3708 1710 3757 istius
1735 3708 1844 3745 Diaec·
1869 3712 2145 3757 repugnantibus
2161 3710 2346 3749 Fratribus
2363 3712 2435 3750 Ca-

358 3758 520 3808 pucinis‚
546 3759 588 3799 ἐφ’
613 3759 687 3807 vifis
714 3760 818 3794 etiam
855 3758 988 3794 litteris
1012 3759 1109 3795 Dom.
1135 3757 1239 3803 Tuae.
1266 3759 1379 3796 Emin.
1399 3759 1534 3797 ‘Patres
1556 3758 1734 3795 duxerunt
1767 3757 1813 3792 ad
1831 3769 1904 3794 eam
1924 3758 2066 3805 rescribi
2084 3785 2097 3804 ‚
2123 3770 2164 3796 ut
2189 3760 2345 3798 inhibeat
2372 3759 2439 3807 eis·

361 3807 434 3845 dem
455 3805 640 3847 fratribus
660 3806 841 3856 praefatam
869 3807 1070 3846 Conventus
1093 3808 1312 3855 erefflonem,
1329 3808 1394 3858 seu
1415 3808 1682 3859 prosecutionem
1707 3808 1808 3844 intra
1838 3806 2071 3846 TerritorIum
2099 3808 2182 3847 dieti
2209 3808 2288 3852 loci,
2314 3807 2438 3909 αἳῙῙᾳιισ

2249 3865 2346 3906 expre
2373 3867 2394 3892 a
