2658 4256
462 270 504 329 1
529 268 633 356 54

1171 235 1714 323 Provincia

385 366 507 424 ven,
552 374 637 422 Dei
674 374 869 421 servum
914 374 989 420 Fr,
1032 372 1329 420 Laurentium
1369 371 1396 419 a
1457 371 1740 412 Intereatuam
1756 363 1996 421 singularem
2016 367 2240 422 pietatem,
2270 372 2466 414 &honoss

453 440 708 493 Brundusio
726 476 742 498 ,
782 442 903 508 apud
928 439 1269 491 Sereniffimum
1297 445 1392 491 Du-

448 531 547 561 cem
585 513 955 562 Maxirnilianum
994 512 1207 567 morari,
1254 514 1278 558 a
1315 509 1389 560 st,

384 603 386 605 ’
443 588 538 646 jam
566 580 819 632 concessum
849 582 935 634 effe
952 617 969 641 ,
995 581 1140 631 eidem
1169 583 1291 631 Duci
1320 600 1387 631 re-

452 665 627 701 nuntiat
647 686 660 700 .

377 780 412 822 A
433 788 576 833 tergo:
606 779 764 821 Dur-2570
779 783 883 825 Filio
893 810 908 832 ‚
926 779 1060 823 Nobili
1081 781 1185 832 Viro,
1200 779 1389 824 Maximi-

629 838 736 879 liano
752 866 767 888 ,
799 843 906 882 Duci
928 842 1131 882 Bavariae.

379 955 876 1010 PAULUs
971 958 1234 1008 PAPA
1325 960 1388 1006 V.

470 1074 623 1117 Dileffle
652 1074 735 1117 Fili
753 1101 767 1123 ,
799 1073 952 1116 Nobilis
981 1077 1045 1118 Vir
1060 1103 1074 1125 ,
1083 1074 1260 1129 salutem
1273 1104 1288 1125 ,

554 1133 601 1180 δ’
616 1131 870 1190 Apostolicam
885 1133 1208 1175 Beni-armonem.

465 1253 555 1292 Icut
571 1250 594 1294 ὲ
615 1250 740 1293 Nobis
765 1250 982 1304 postulavit
1013 1248 1216 1292 Nobilitas
1235 1251 1351 1292 Tua-,³
1371 1279 1386 1302 ,

481 1308 714 1363 potestatem
751 1307 918 1352 fecimus
954 1308 1101 1351 dilecto
1132 1309 1260 1360 Filio,
1283 1313 1385 1352 Lau·

372 1367 510 1409 rentio
537 1367 782 1409 Brundusino
798 1397 811 1419 ,
825 1368 988 1412 Ordinis
1014 1367 1316 1423 Capucinorum
1335 1381 1385 1411 ex

371 1426 568 1480 Hispaniis
584 1428 798 1477 remeanti,
815 1427 1003 1469 manendi
1018 1425 1120 1481 apud
1140 1427 1198 1467 Te
1212 1456 1223 1466 .
1250 1427 1385 1468 Valde

373 1484 643 1527 desideramus
671 1485 708 1526 in
734 1486 944 1537 omnibus,
972 1499 1057 1541 quae
1084 1498 1175 1526 cum
1206 1485 1383 1526 Domino

371 1541 574 1597 possumus
589 1542 698 1590 ,Tibi
714 1541 927 1597 gratificari
938 1571 958 1594 .,
984 1541 1224 1598 potissimum
1247 1555 1382 1585 autem

371 1602 412 1642 in
430 1601 489 1642 his
511 1602 630 1642 rebus
646 1629 659 1650 ,
685 1602 826 1654 quibus
846 1601 1038 1655 pietatem
1054 1630 1068 1651 ‚
1097 1601 1380 1654 &religionem

373 1669 483 1701 tuam
502 1659 655 1709 foveri,
683 1661 723 1699 δι
746 1657 927 1710 adjuvari
954 1657 1058 1713 posse
1088 1659 1351 1701 existimamus
1367 1689 1378 1701 .

371 1718 575 1760 Dominus
594 1717 683 1759 Tibi
707 1719 846 1758 cundia
864 1716 1050 1772 prospera
1067 1745 1080 1765 ‚
1103 1727 1222 1772 atque
1239 1716 1379 1759 sccun-

370 1774 424 1818 da
439 1777 665 1825 concedat,
678 1776 718 1815 &
731 1779 815 1817 Nos
829 1776 1044 1819 Nobilitati
1060 1776 1153 1817 Tuae
1168 1789 1381 1830 peraman-

372 1843 436 1877 ter
451 1835 737 1877 benedicimus.

380 1929 382 1933 ,
435 1895 583 1935 Datum
611 1894 750 1934 Romae
773 1892 875 1946 apud
904 1895 1087 1935 Sannum
1118 1894 1282 1934 Petrum
1313 1893 1382 1936 sub

370 1951 532 1998 Annulo
546 1950 759 1994 piscatoris
777 1950 1007 1996 PridieIdus
1026 1952 1379 1995 Decemb.m201x.

370 2008 639 2054 Pontificatus
652 2010 774 2052 nostri
787 2013 910 2052 Anno
925 2011 1081 2065 quinto.

941 2128 1084 2171 Petrus
1105 2129 1261 2171 Stroza.

428 2247 488 2287 Ex
517 2244 687 2288 Archino
719 2243 900 2287 Vaticano
918 2244 1072 2300 secreto
1099 2245 1250 2300 Regcsto
1276 2250 1375 2287 Bre-

485 2301 594 2345 vium
611 2303 661 2345 ad
679 2303 880 2359 Principes
905 2303 1034 2360 Mens:
1059 2306 1114 2357 ὠ·
1132 2303 1241 2347 Anni
1247 2306 1375 2360 praed.

486 2362 721 2418 Efflst2233·

372 2498 714 2515 ———
720 2499 1008 2516 ..ι-ᾗ

369 2595 591 2644 Pietatem
637 2593 849 2658 Ejusdem
894 2595 1169 2647 Sereniffimi
1196 2600 1371 2658 Ducis,

438 2668 514 2714 Fr.
548 2667 709 2714 Felicis
737 2666 761 2712 ἐι
791 2668 1045 2716 Cantalicio
1078 2667 1374 2719 B'eatificatio·

436 2753 539 2783 nem
557 2733 838 2784 sollicitantis
853 2738 1163 2787 commendat.

371 2863 410 2906 A
426 2871 539 2917 tergo
549 2893 558 2902 .
580 2861 732 2904 Dilcbi'o
748 2862 852 2906 Filio
865 2892 880 2913 ‚
895 2863 1033 2906 Nobili
1054 2867 1140 2907 Vtro
1154 2895 1168 2919 ,
1183 2867 1374 2910 Maximi-

624 2920 728 2962 liano
743 2949 757 2972 ,
795 2924 900 2963 Daci
924 2923 1107 2964 Bavariae
1123 2952 1135 2965 .

508 3039 846 3093 PAULUS
905 3009 1118 3092 PAPA
1168 3047 1231 3094 v.

428 3176 581 3222 Dilene
605 3177 690 3223 Ft‘li
712 3206 725 3227 ,
758 3177 907 3220 Nobilis
923 3183 998 3224 vVir
1022 3209 1036 3230 ,
1071 3182 1245 3224 Salutem
1265 3208 1280 3230 ,

519 3238 567 3284 δ’
595 3236 851 3294 Apostolicam
877 3236 1207 3283 Benedmionem.
1259 3238 1265 3244 '

490 3354 705 3409 Ccepimus
724 3354 880 3396 litteras
896 3356 1130 3400 Nobilitatis
1148 3361 1255 3407 Tuae,
1270 3371 1367 3415 quas

363 3358 473 3469 A
517 3414 566 3455 de
581 3413 751 3467 negocio
769 3413 1077 3458 Beatificationis
1091 3419 1204 3459 bonae
1216 3431 1371 3459 memo-

365 3474 431 3515 riae
447 3472 613 3522 Felicis,
631 3473 778 3514 Fratris
793 3473 954 3516 Ordinis
970 3478 1007 3516 S.
1025 3477 1220 3518 Francisci
1238 3479 1375 3532 Capu-

365 3532 546 3579 cinorum
578 3541 902 3585 nuncupatorum
930 3533 978 3574 ad
1011 3537 1096 3576 Nos
1129 3535 1268 3577 dedisti
1292 3561 1305 3582 a
1335 3537 1375 3577 &

363 3589 559 3632 licetTibi
574 3589 790 3642 gratificari
805 3604 878 3643 pro
891 3591 968 3632 tuis
982 3592 1243 3646 singularibus
1260 3595 1376 3636 rneri-

364 3649 417 3690 tis
432 3676 446 3699 ,
473 3650 511 3689 δι
535 3649 665 3690 nostra
682 3650 720 3689 in
735 3651 794 3691 Te
820 3661 985 3705 paterna
998 3653 1193 3695 charitate
1211 3667 1376 3709 magno·-

362 3720 460 3762 pere
479 3706 746 3749 desideremus
762 3739 777 3759 ,
805 3720 938 3751 tamen
956 3738 969 3760 ,
1000 3713 1187 3766 quoniam
1212 3712 1373 3768 negocii

363 3767 536 3824 gravitas
564 3766 621 3807 ita
639 3767 829 3820 postulat,
856 3783 947 3810 cum
965 3771 1063 3812 tanti
1083 3773 1274 3812 momenti
1294 3770 1337 3812 fit
1353 3801 1366 3821 ,

359 3824 457 3883 quid
484 3823 570 3868 fieri
596 3836 814 3881 oporteat,
843 3826 984 3871 sedulo
1012 3828 1368 3876 considerabimus.

1454 428 1509 468 ris
1539 428 1615 470 Dei
1645 427 1781 475 zelum
1796 454 1811 476 ,
1842 435 1885 467 ut
1910 439 1980 481 par
2000 426 2056 468 est
2069 453 2084 477 ,
2103 431 2428 474 commendamus
2445 458 2460 482 ,

1450 487 1662 542 Deumque
1673 498 1911 541 precamur,
1940 495 2074 539 utpro
2099 482 2156 526 sui
2171 488 2353 530 Nominis
2371 488 2462 545 glo.

1446 545 1507 588 ria
1524 556 1596 587 tuae
1626 545 1686 586 isti
1715 542 2006 590 sollicitudini,
2027 543 2259 585 Christiano
2272 546 2459 603 Principe

1447 603 1602 658 dignae,
1633 605 1767 644 omnia
1788 602 1883 644 Tibi
1898 602 1999 643 bona
2017 601 2232 644 retribuat.
2339 603 2346 619 ²

1507 665 1658 704 Datum
1684 664 1824 704 Romae
1854 659 1958 715 apud
1992 663 2033 702 S.
2062 660 2231 702 Mariam
2260 661 2457 716 Maiorem

1448 719 1518 761 sub
1534 720 1699 762 Annulo
1712 719 1923 762 Piscatoris
1935 745 1949 767 a
1975 717 2042 760 die
2055 731 2122 760 xt.
2138 718 2236 761 Maii
2252 719 2462 762 millefimo

1450 775 1734 821 sexcentesimo
1747 779 1907 821 decimo
1920 780 2064 819 octavo
2077 804 2091 828 ,
2109 774 2371 827 Pontificatus
2387 792 2459 820 no-

1451 836 1521 880 stri
1532 839 1654 880 Anno
1668 837 1970 882 tertiodecimo.

2025 955 2173 997 Petrus
2188 957 2347 998 Stroza.

1501 1071 1888 1129 ExArcbivoficreto
1908 1074 2089 1116 Vaticano
2103 1073 2255 1130 Regesto
2270 1073 2465 1116 Brevium
2504 1078 2507 1081 ’

1559 1131 1609 1172 ad
1650 1133 1858 1187 Principes
1898 1129 1993 1173 anni
2021 1132 2150 1185 praed.
2178 1131 2260 1191 fol.
2289 1143 2388 1186 355.
2434 1132 2462 1174 d

1560 1199 1671 1246 tergo
1689 1218 1701 1230 .

1449 1326 2227 1340 —————--u—=——

1443 1427 1639 1475 Litteras
1679 1429 1705 1475 ἓι
1750 1430 1821 1474 Fr.
1853 1426 2103 1473 Laurentio
2137 1423 2163 1470 a
2198 1424 2458 1476 Brundusio

1511 1494 1590 1543 fibi
1607 1494 1887 1566 consignatas
1902 1492 2152 1555 esse,eidem
2165 1494 2456 1554 Sereniffimo

1512 1569 1634 1615 Duci
1656 1564 1894 1636 significat.

1442 1709 1475 1749 A
1492 1716 1636 1763 tergo:
1669 1706 1824 1748 DilebJo
1838 1705 1939 1748 Filio
1959 1733 1973 1756 ,
1988 1703 2124 1747 Nobili
2143 1707 2245 1757 Viro,
2262 1708 2453 1750 Maximi·-

1698 1763 1806 1806 liano
1821 1791 1836 1814 ,
1870 1763 1974 1805 Daci
1990 1764 2167 1818 Bavarif
2183 1793 2195 1805 .

1577 1883 1933 1936 PAULUS
1985 1883 2197 1931 PAPA
2254 1886 2318 1933 V.

1512 2011 1666 2053 DilctJe
1679 2011 1785 2062 Fili,
1809 2007 1958 2052 Nohtlrs
1992 2010 2058 2051 Vir
2071 2037 2084 2059 ,
2103 2010 2302 2062 Salutem,
2335 2006 2384 2056 δ’

1639 2069 1894 2126 Apostolicam
1922 2063 2224 2109 Benediffionem
2239 2097 2252 2110 .

1536 2188 1601 2229 Ro
1636 2185 1821 2240 singulari
1849 2199 1985 2227 amore
2011 2213 2026 2236 ,
2062 2199 2144 2241 quo
2173 2184 2448 2228 Nobilitatem

1558 2247 1684 2288 Tuam
1697 2248 1734 2286 in
1751 2243 1968 2287 visceribus
1983 2244 2130 2286 Christi
2147 2243 2450 2300 prosequimur,

1437 2303 1693 2358 gratissimum
1722 2304 1850 2345 Nobis
1884 2303 2037 2357 semper
2068 2301 2217 2344 accidit
2238 2331 2252 2353 ‚
2282 2301 2444 2358 quoties

1437 2362 1597 2414 evenit,
1625 2372 1667 2404 ut
1682 2363 1733 2404 de
1751 2365 1833 2412 Te,
1858 2373 1926 2403 aut
1940 2361 1991 2401 de
2016 2361 2094 2401 tuis
2112 2360 2295 2402 secundis
2325 2360 2449 2402 rebus

1436 2425 1624 2464 nuncium
1639 2421 1896 2477 accipiamus.
1928 2421 2067 2476 Quare
2084 2417 2354 2473 perjucundus
2370 2417 2448 2459 suit

1437 2480 1566 2522 Nobis
1579 2479 1782 2525 adventus
1796 2479 1933 2521 dileeti
1949 2479 2057 2527 Filii,
2072 2477 2126 2532 pii
2142 2503 2156 2524 2
2169 2491 2215 2518 ac
2234 2476 2447 2532 prudentis

1435 2538 1524 2581 Viri
1554 2540 1757 2581 Laurentii
1782 2536 2018 2580 Brundusini
2046 2564 2060 2587 ,
2102 2537 2250 2578 Fratris
2278 2534 2446 2578 Ordinis

1434 2599 1736 2652 Capucinorum
1751 2627 1767 2649 ,
1800 2598 1866 2652 qui
1884 2595 2009 2639 Nobis
2025 2594 2182 2637 litteras
2202 2604 2287 2637 tuas
2303 2592 2443 2637 reddi-

1433 2655 1492 2697 dit
1507 2685 1520 2706 ,
1545 2658 1585 2697 &
1599 2656 1651 2698 de
1666 2666 1732 2699 tua
1746 2658 1897 2711 optima
1914 2653 2171 2703 valetudine,
2193 2653 2326 2708 deque
2342 2665 2443 2693 con-

1433 2715 1547 2757 tinuo
1563 2716 1689 2757 studio
1702 2726 1773 2758 tuo
1796 2717 1834 2756 in
1858 2712 2110 2769 protegenda
2125 2710 2344 2754 catholica
2358 2711 2445 2752 Re·

1435 2774 1580 2828 ligione
1594 2799 1608 2822 a
1639 2788 1724 2828 quae
1738 2773 1911 2815 maxime
1929 2773 2255 2814 desiderabamus
2270 2799 2283 2820 ,
2316 2768 2444 2811 Nobis

1433 2833 1716 2874 renunciavit.
1754 2834 1813 2874 Te
1827 2834 1851 2874 a
1868 2831 1998 2875 Nobis
2013 2828 2132 2871 unice
2153 2828 2266 2883 diligi
2287 2828 2339 2870 ob
2355 2837 2443 2870 tuas

1433 2889 1755 2945 praestantiffimas
1774 2891 1946 2931 virtutes
1961 2917 1974 2939 ,
1995 2890 2037 2929 &V
2054 2887 2105 2928 ob
2129 2885 2296 2928 filialem
2311 2886 2443 2941 pieta-

1431 2960 1515 2991 tem
1529 2949 1593 2996 ,δε
1607 2948 1924 2998 observantiam,
1940 2960 2056 3002 quam
2070 2947 2109 2986 in
2131 2946 2190 2987 Te
2203 2945 2363 2999 experti
2380 2942 2443 2985 su-

1432 3022 1542 3053 mus,
1568 3017 1611 3048 ut
1638 3008 1805 3048 omnino
1824 3005 1996 3055 credas,
2024 3004 2250 3059 crebrbque
2265 3004 2304 3045 id
2332 3001 2354 3043 a
2373 3003 2435 3045 Te

1431 3071 1472 3109 in
1490 3076 1664 3108 mentem
1691 3065 1875 3107 revocari
1888 3064 2157 3105 desideramus
2173 3090 2187 3112 ,
2219 3064 2256 3104 &
2269 3059 2442 3104 benedi-

1429 3126 1605 3166 ctionem
1630 3125 1800 3167 nostram
1817 3122 2081 3177 Apostolicam
2102 3119 2321 3164 Nobilitati
2339 3121 2434 3161 Tuae

1427 3195 1684 3239 peramanter
1697 3181 1950 3238 impartimur
1966 3210 1976 3222 .
2430 3219 2434 3230 ι

1485 3238 1636 3283 Datum
1668 3243 1806 3284 Romae
1831 3240 1935 3295 apud
1968 3242 2007 3282 S.
2022 3241 2208 3281 Marcum
2233 3240 2312 3283 &c.
2340 3237 2438 3297 Kal.

1426 3299 1533 3358 Junii
1558 3315 1635 3344 Mn
1652 3315 1711 3343 cx
1736 3316 1750 3343 ι
1773 3316 1786 3342 1
1811 3314 1844 3342 1.
1870 3298 2132 3343 pontificatus
2165 3297 2288 3341 nostri
2313 3299 2434 3339 Anno

1431 3371 1538 3402 nono
1551 3387 1563 3401 ο

1494 3599 1554 3639 Ex
1571 3580 1688 3638 Arch.
1697 3594 1885 3651 praediflo
1901 3576 2054 3649 Regesto
2066 3592 2134 3640 58.
2148 3589 2230 3649 fol.
2253 3603 2342 3633 112.

2331 3885 2376 3925 In
