2658 4256
328 314 463 361 confili
476 339 490 362 ,
518 313 580 354 Te
610 307 840 366 supradifiae
874 308 1099 351 Provinciae
1128 308 1352 350 Helveticae

330 369 652 417 Commiss‘arium
671 398 684 419 ,
713 371 750 409 &
780 366 1074 418 Vifitatorem,
1097 367 1350 408 Austoritate

331 430 564 487 Apostolica
578 456 593 478 ,
621 439 764 469 tenore
782 426 1031 481 praesentium
1048 425 1320 467 constituimus
1332 453 1347 474 ‚

331 493 371 533 δι
384 491 625 545 deputamus
637 515 652 536 ‚
676 487 848 540 ”sibique
863 484 1154 527 committimus
1171 484 1210 524 &
1237 496 1347 524 man·

331 563 420 592 mus
432 557 500 599 ,ut
515 546 671 601 peraeta
686 542 913 600 hujusmodi
928 543 1150 586 visitatione
1165 568 1178 592 ‚
1194 542 1348 583 incom—

333 607 465 650 modis
481 618 526 647 ex
542 604 661 646 nimia
675 603 784 645 illius
799 603 980 646 vastitate
996 600 1347 657 provenientibus,

332 663 553 708 secundum
580 661 714 704 datam
739 663 834 703 Tibi
858 663 881 705 a
898 661 1072 703 Domino
1087 659 1349 716 prudentiam

330 723 543 766 consulere
571 719 749 777 satagas;
780 723 819 761 δι
833 747 847 770 ,
873 731 1066 775 quatenus
1079 732 1180 774 opus
1192 718 1241 760 fit
1255 743 1270 764 a
1297 717 1347 758 ad

331 782 569 824 divifionem
583 778 779 835 ejusmodi
797 779 1017 821 Provinciae
1034 779 1157 821 modo
1169 803 1183 826 2
1211 775 1350 818 &for-

332 855 395 883 ma
421 838 621 895 praemiffis
633 867 650 889 ,
681 852 726 881 ac
753 836 861 879 salva·
875 847 1106 879 remanente
1125 838 1165 878 in
1182 835 1349 889 reliquis

329 899 516 942 omnibus
530 926 545 948 ,
569 899 606 938 &
625 895 783 952 lingulis
801 894 1112 949 supradictarum
1130 894 1348 938 nostrarum

331 957 558 1000 litterarum
573 954 832 1012 dispolitione
847 953 1037 1010 procedas
1052 983 1064 996 .

1111 173 1684 263 Provincia

1473 308 1560 347 Nos
1576 305 1684 345 enim
1699 313 1980 357 quamcunque
1996 304 2255 348 necessariam
2269 335 2283 357 ,
2307 309 2347 350 δε
2361 320 2430 364 ορ.

1411 372 1626 419 portunam
1650 360 1700 402 ad
1726 360 1768 402 id
1794 359 2032 403 facultatem
2047 365 2138 407 Tibi
2168 366 2308 409 harum
2325 368 2425 411 serie

1406 422 1552 466 eadem
1583 420 1822 463 auctoritate
1838 419 2050 461 tribuimus
2075 424 2115 464 δι
2137 424 2393 478 impartimur
2411 439 2426 478 3

1405 494 1488 523 non
1504 478 1751 521 obstantibus
1767 476 1964 533 praemiffis
1979 506 1993 528 ,
2010 490 2055 519 ae
2068 482 2254 525 omnibus
2266 512 2280 535 ‚
2295 486 2335 526 δε
2350 484 2426 526 fin·

1407 538 1511 595 gulis
1537 538 1618 580 illis
1635 564 1648 588 ,
1673 551 1759 592 quae
1783 538 1823 577 in
1838 533 1987 578 eisdem
2005 535 2149 583 litteris
2165 541 2428 585 conceffimus

1407 611 1488 640 non
1503 598 1662 639 obstare
1674 623 1687 645 ,
1698 595 1928 651 caeterisque
1943 596 2155 639 contrariis
2169 598 2427 654 quibuscum.

1407 670 1514 714 que.
1546 660 1700 698 Datum
1728 655 1870 696 Roma:
1895 653 1999 710 apud
2038 657 2081 697 S.
2097 655 2266 700 Mariam
2294 660 2426 716 Majo-

1407 730 1493 757 rem
1535 716 1605 759 sub
1643 713 1813 756 Annulo
1845 712 2063 756 piscatoris
2098 711 2166 756 die
2193 726 2218 755 x
2237 728 2270 756 ι.
2302 719 2426 762 Οέὶο-

1411 774 1491 816 bris
1517 788 1551 815 M
1568 786 1634 815 uc
1651 787 1708 815 Lx
1725 786 1749 815 v
1769 783 1784 814 1
1810 785 1848 814 ι.
1893 768 2161 815 Ρουεὶίὶειῑᾶε
2192 772 2317 815 nostri
2339 777 2428 820 An—

1411 846 1464 875 no
1483 833 1618 889 primo
1633 858 1645 872 .

1944 952 1980 993 1.
2006 951 2061 993 G.
2085 947 2261 996 Slufius,

1170 1080 1584 1147 NOTA:

329 1177 517 1268 PA'rtes
543 1225 698 1263 muneris
721 1223 771 1261 sui
799 1224 838 1261 P.
853 1221 1110 1259 commissarius
1134 1221 1324 1271 complevit
1350 1221 1503 1272 sequenti
1521 1220 1771 1259 instrumento:

326 1334 380 1387 In
419 1341 578 1387 nomine
600 1335 863 1401 Sanc‘iiffimae
877 1371 893 1403 ,
915 1336 970 1385 ἴθ’
993 1336 1227 1386 individua
1245 1335 1479 1387 Trinitatis
1495 1372 1511 1394 ,
1529 1335 1762 1386 Humanati
1772 1335 1886 1405 ‘Jtfia
1901 1334 2059 1404 Christi
2073 1333 2250 1387 Domini
2271 1337 2396 1405 nestri
2411 1369 2430 1396 ,

637 1404 964 1474 Beatiffi'maeque
980 1406 1143 1472 simper
1182 1406 1373 1472 Virginis
1400 1406 1560 1458 Mariae
1591 1443 1608 1465 ,
1650 1410 1705 1457 (T
1742 1405 1962 1475 seraphici
1998 1406 2145 1457 Patris

1071 1473 1207 1523 nostri
1239 1475 1451 1544 Francifii
1470 1513 1483 1526 .
1522 1479 1674 1528 Amen.

427 1595 528 1646 Qia
552 1593 723 1644 Magistra
744 1592 957 1642 experientia
978 1592 1157 1629 evidenter
1180 1592 1297 1637 patuit
1311 1617 1324 1637 ‚
1337 1592 1557 1642 frequentem
1580 1593 1743 1644 Ministri
1757 1594 1993 1631 Provincialis
2024 1596 2063 1632 in
2086 1606 2177 1632 anno
2199 1604 2262 1644 per
2277 1593 2429 1644 fingulos

316 1644 391 1693 sua
419 1643 611 1680 Provincia·
632 1645 834 1681 Conventus
854 1641 1062 1691 discursum,
1088 1643 1130 1683 &⁴
1154 1638 1387 1690 Visitationem
1412 1642 1495 1678 adeo
1518 1641 1676 1690 regulari
1698 1643 1924 1688 observantia
1948 1641 2009 1694 effe
2034 1641 2279 1728 necssarium,
2301 1651 2342 1678 ut
2366 1644 2430 1680 vix

313 1690 422 1741 fimel
441 1691 533 1739 poffit
549 1692 795 1740 praetermitti,
820 1694 907 1740 quin
933 1691 1015 1726 vitae
1038 1690 1245 1740 austeritas,
1266 1690 1442 1739 severitas
1463 1702 1618 1735 morum,
1644 1691 1687 1732 ὠ·
1710 1692 1817 1729 totius
1837 1692 2023 1740 difiiplinae
2048 1690 2102 1729 Re
2117 1691 2229 1741 igiosae
2255 1688 2432 1736 aedificium

325 1741 437 1778 ruinae
449 1740 519 1788 fiat
541 1741 734 1789 proximum
750 1763 761 1772 -
781 1741 883 1777 Hinc
912 1737 979 1788 est,
1004 1740 1094 1787 quod
1118 1750 1193 1776 cum
1221 1739 1260 1775 in
1303 1738 1438 1776 Iuribus
1458 1737 1580 1789 nostris
1599 1738 1823 1787 generalibus
1852 1741 2011 1778 Comitiis
2032 1741 2072 1776 in
2090 1740 2196 1778 Alma
2227 1739 2322 1775 vrbe
2348 1738 2434 1776 cele-

326 1790 464 1831 bratis,
486 1788 529 1830 ἀν
549 1789 744 1840 potifflmum
770 1790 810 1824 in
835 1787 1011 1837 praeterito
1038 1789 1124 1824 anni
1145 1785 1244 1838 elapsi
1294 1787 1424 1835 apitulo
1449 1800 1560 1824 coram
1583 1799 1656 1827 tota
1681 1787 1894 1836 Definitione
1912 1812 1926 1832 ,
1947 1800 2008 1826 nec
2025 1799 2093 1825 non
2118 1789 2162 1832 ὼ·
2188 1789 2228 1824 in
2254 1784 2434 1835 Vifitatio·

326 1837 429 1873 nibus
449 1836 605 1884 plurium
629 1836 705 1874 1³1².
717 1837 941 1874 Generalium
961 1834 1133 1874 multoties
1158 1838 1334 1887 expositum
1370 1838 1489 1881 uerit,
1515 1847 1620 1886 atque
1643 1837 1687 1873 ab
1711 1837 1849 1886 ipfismet
1873 1838 1957 1879 bene
1981 1836 2093 1885 visum
2106 1862 2118 1881 ,
2140 1838 2183 1880 &¹
2202 1843 2427 1885 compertum,

325 1885 550 1923 Provinciam
573 1883 793 1922 Helveticom
817 1887 870 1922 ita
887 1885 1021 1933 finibus
1036 1911 1046 1926 ,
1073 1887 1116 1928 (θ’
1135 1886 1267 1925 ambitu
1294 1898 1340 1922 va
1354 1885 1446 1928 inm,
1475 1898 1515 1923 ac
1539 1897 1679 1923 numero
1704 1886 1946 1924 Conventuum
1968 1887 2051 1923 adeo
2070 1886 2276 1928 dilatatam,
2301 1893 2343 1921 ut
2364 1885 2432 1922 mi—

326 1931 416 1969 nim&
435 1931 580 1982 poffibile
595 1934 639 1982 sit
662 1933 825 1982 Ministro
850 1933 1072 1973 Provinciali
1088 1933 1236 1985 singulis
1258 1933 1403 1984 ejusdem
1424 1934 1623 1972 Provincia
1638 1935 1876 1973 Conveutibus
1903 1936 2002 1972 binas
2028 1935 2122 1982 (imi)
2140 1947 2200 1972 nec
2241 1945 2299 1970 ere
2321 1943 2427 1970 unam

324 1982 525 2029 integram)
559 1982 782 2031 visitationem
804 1983 997 2031 impendere
1012 2007 1024 2026 ,
1049 1993 1154 2031 atque
1166 1984 1249 2021 adeo
1264 1982 1466 2042 sancitum,
1492 1983 1718 2020 dividendam
1736 1983 1816 2032 fore
1830 2008 1842 2027 ‚
1868 1986 1989 2032 quippe
2012 1995 2085 2031 quae
2108 1993 2180 2032 prae
2213 1983 2281 2020 nas
2308 1989 2428 2033 oppor-

326 2031 481 2066 tunitate
495 2053 507 2072 s
529 2029 572 2070 ὡ·
586 2029 869 2079 monasteriorum
892 2029 1116 2069 multitudine
1139 2033 1181 2070 de
1195 2031 1303 2080 facili
1326 2033 1367 2069 in
1387 2032 1475 2068 duas
1501 2032 1618 2069 valeat
1643 2033 1790 2081 resecari
1805 2032 2047 2069 ‘Provincias-
2074 2033 2144 2070 Pro
2167 2031 2266 2069 cu'us
2278 2029 2428 2079 Divisio-

326 2078 382 2113 m's
401 2079 598 2114 executione
620 2088 780 2115 exoratus
806 2081 985 2117 modernus
1009 2081 1169 2118 Summus
1184 2080 1347 2129 Pontifex
1368 2080 1526 2121 Clemens
1541 2080 1605 2117 IX·
1631 2080 1838 2132 libentiffimi
1859 2083 1950 2117 votis
1969 2081 2097 2118 annuit
2115 2106 2129 2124 ,
2150 2044 2358 2130 inflantibus
2382 2078 2426 2119 ὠ·

322 2127 547 2173 petentibus,
559 2126 624 2165 imo
641 2128 848 2174 urgentibus
863 2129 978 2165 variis
992 2128 1223 2175 Magnatibus
1235 2153 1248 2172 ,
1270 2131 1314 2171 ὼ·
1335 2131 1525 2179 prasertim
1544 2130 1682 2178 S.Coes.
1695 2128 1873 2179 majestate
1888 2128 2047 2176 Leopoldi
2062 2129 2088 2165 Ι.
2109 2127 2329 2176 Imperatoris
2342 2125 2427 2174 feli-

324 2174 414 2208 citer
440 2176 622 2220 regnantis
643 2183 705 2222 per
716 2176 965 2226 Seremffimum
977 2201 990 2220 ‚
1012 2177 1054 2217 ὼ·
1070 2177 1369 2224 Eminentrffimum
1395 2179 1441 2215 D.
1455 2177 1678 2215 Cardinalem
1689 2178 1730 2215 de
1741 2177 1881 2227 Haffia,
1905 2188 2010 2226 atque
2029 2176 2252 2264 lllussriffimis
2265 2175 2427 2212 Dominis

325 2220 522 2257 Cantonum
536 2221 792 2261 Catholicorum
809 2249 822 2268 ,

346 2269 352 2275 .
842 2226 972 2267 &ideo
986 2225 1101 2262 Breve
1115 2227 1220 2274 super
1235 2225 1295 2260 hoc
1304 2226 1504 2272 specialiter
1525 2223 1724 2276 conceffum.
1750 2227 1794 2268 ὠ·
1810 2227 2003 2269 Admodum
2020 2224 2070 2262 R.

325 2266 554 2307 infortunato
577 2268 598 2305 d
614 2268 748 2308 Cadoro
761 2272 979 2324 porrefium,
1001 2273 1249 2315 &exhibitum
1267 2274 1422 2323 expediri
1436 2273 1547 2323 fecit,
1568 2277 1698 2311 tenoris
1711 2275 1891 2325 sequentis
1905 2298 1918 2320 ‚
1943 2273 2128 2312 videlicet:

2115 2250 2127 2263 .
2147 2225 2255 2277 nostro
2269 2223 2424 2277 Genera:

499 2393 547 2439 A
563 2404 724 2463 tergo:
762 2390 944 2447 ‘Dilei‘lo
979 2394 1096 2445 Filio
1125 2393 1340 2445 Minis‘iro
1365 2395 1563 2445 Generali
1590 2395 1767 2446 Ordinis
1792 2396 1993 2447 Fratrum
2026 2391 2251 2449 Minorum

1037 2465 1337 2534 Capucinorum
1363 2483 1683 2534 nuncupatorum
1704 2503 1718 2518 .

660 2582 1383 2637 CLEMENS

1525 2590 1840 2639 PAPA
1984 2583 2114 2638 IX.

722 2697 892 2750 Dileiie
920 2703 1013 2753 Fili
1032 2705 1216 2772 salutem
1231 2741 1249 2765 ,
1285 2711 1340 2756 δέ
1371 2704 1658 2772 Αροὲἶοίίεαηι
1683 2705 2038 2757 Benedic‘lionem.

422 2813 554 2863 Expona·
580 2811 697 2853 Nobis
722 2824 832 2867 nuper
850 2819 1039 2867 fecerunt·
1067 2822 1285 2871 Refiduum,
1307 2832 1347 2860 ut
1362 2821 1486 2871 supr«,
1513 2823 1685 2872 inprimis
1716 2824 1909 2864 pontificiis
1939 2812 2107 2862 Litteris.

425 2933 541 2983 Postea
565 2931 646 2971 vero
660 2957 672 2974 ‚
692 2945 767 2970 cum
784 2932 874 2970 idem
887 2935 937 2972 A.
952 2935 1000 2974 R.
1013 2939 1056 2977 P.
1069 2941 1275 2986 Generalis,
1292 2945 1349 2981 uti
1370 2944 1452 2979 aliis
1474 2943 1680 2990 prepeditus
1696 2944 1843 2991 negotiis
1856 2967 1869 2988 ,
1895 2954 1935 2980 ac
1963 2955 2008 2981 ur
2031 2950 2109 2979 ente
2121 2935 2229 3024 Zfius
2250 2937 2426 2992 Wsstacto·

331 2995 373 3023 ne
394 2984 432 3020 in
455 2983 615 3019 extremis
642 2981 750 3018 Italiae
770 2982 882 3030 plagis
895 3008 907 3028 ‚
933 2983 1029 3022 haud
1046 2990 1204 3035 potuerit
1225 2990 1308 3027 huic
1328 2989 1484 3040 intereffe
1502 2991 1672 3039 Divifioni
1684 3016 1697 3035 ‚
1723 2993 1767 3034 ζει·
1791 2995 1845 3030 ita
1861 2991 2010 3040 supr-adi
2042 3002 2096 3026 um

2162 2999 2242 3024 reve
2274 2988 2428 3026 nullate-

329 3044 394 3069 nus
418 3027 562 3080 effbffium
572 3030 676 3078 suum
694 3030 821 3079 sortiri
835 3055 848 3076 ‚
873 3032 962 3069 idem
987 3035 1035 3072 D.
1048 3035 1111 3072 ‘Pa
1134 3048 1156 3072 a
1178 3037 1220 3074 de
1232 3036 1292 3074 hoc
1314 3041 1523 3076 certioratus
1537 3038 1636 3076 aliud
1655 3051 1696 3078 ex
1718 3040 1830 3077 odivit
1844 3039 1980 3082 Breve,
1993 3035 2108 3076 Nobis
2133 3035 2326 3073 immediate
2348 3047 2428 3075 tan-

329 3092 430 3128 quam
445 3076 482 3116 V
477 3079 622 3128 isttatori
634 3103 648 3122 ,
668 3088 772 3126 atque
786 3077 1014 3130 Commiffario
1025 3045 1214 3133 Apossolico
1227 3086 1335 3134 super
1351 3087 1445 3138 iliam
1455 3087 1661 3136 Divisionem
1696 3087 2100 3129 -trettnm&emanatune
2112 3108 2124 3128 ‚
2144 3095 2194 3121 ext
2210 3084 2308 3134 cujus
2331 3096 2425 3138 tenol-

327 3141 367 3166 re
392 3129 433 3164 de
457 3128 559 3164 verbo
579 3127 625 3164 ad
649 3129 798 3166 verbam,
808 3127 964 3176 fideliter
987 3131 1154 3183 descripto
1168 3159 1182 3181 ,
1204 3136 1291 3187 quid
1310 3137 1349 3172 in
1373 3148 1410 3176 eo
1430 3135 1606 3176 Sanfiitas
1622 3135 1690 3187 sua
1712 3135 1874 3183 mandes,
1899 3135 1944 3177 &⁶
1965 3135 2174 3184 praecipiat,
2199 3134 2334 3170 rimari·
2349 3136 2424 3172 cui'-

329 3189 395 3229 que
417 3176 536 3213 licebit
554 3187 564 3211 ε

330 3281 375 3328 A
397 3291 553 3346 tergo:
586 3275 767 3329 Diletio
798 3278 910 3331 Filio
943 3278 1147 3346 Stephano
1176 3287 1203 3334 ἃ
1222 3284 1412 3351 Casina,
1443 3266 1620 3334 ordinis
1658 3253 1857 3334 Fratrum
1885 3281 2104 3334 Minorum
2138 3278 2182 3330 S.
2210 3262 2423 3350 Francifti

901 3350 1198 3417 Capucinorum
1223 3369 1548 3422 nuncupatorum
1581 3353 1821 3424 ‘Prefiffiri
1839 3392 1852 3406 .

639 3471 1367 3527 CL'EMENS

1522 3479 1839 3529 PAPA
1974 3439 2113 3533 tx.

696 3588 870 3639 Diletie
907 3589 1019 3639 Filii
1040 3593 1221 3661 fislutem
1248 3631 1264 3655 ‚
1300 3601 1355 3644 ὃ
1392 3593 1666 3664 Apostolicam
1703 3593 2033 3646 Benedillionem
2051 3630 2064 3647 0

428 3702 548 3743 ιΛΙίἃς
567 3713 629 3757 pro
649 3715 751 3755 parte
772 3735 781 3749 .
833 3707 1009 3756 Reliqua,
1032 3719 1072 3746 ut
1096 3711 1219 3760 supra,
1240 3711 1276 3751 in
1307 3713 1458 3751 secundo
1474 3713 1577 3752 Brevi
1593 3738 1609 3752 .

2249 3813 2386 3864 Qm.
