2658 4256
625 1256 1886 1393 BOEMICA

250 1548 260 1563 χ
389 1560 413 1575 ,Υ
461 1539 465 1546 ‚
624 1563 626 1566 r
657 1542 670 1570 «ζ
724 1508 756 1557 A
790 1506 842 1573 est
876 1521 992 1557 verae
1031 1503 1218 1553 Virtutis
1254 1502 1432 1552 conditio
1449 1541 1465 1562 ‚
1502 1518 1549 1554 ut
1574 1517 1692 1568 opere
1724 1498 1997 1565 consummata
2024 1516 2101 1547 non
2122 1500 2297 1564 pereat,

252 1576 287 1639 ‘ig
391 1587 439 1613 *ἡ
479 1570 501 1611 ³(
523 1592 538 1643 ζ
612 1575 623 1598 ”’
645 1593 654 1620 5
721 1575 999 1644 ftdfiecundo
1018 1574 1178 1642 semper
1191 1574 1349 1641 fimine
1357 1579 1501 1638 pariat
1511 1572 1704 1640 ftuHum
1712 1569 1915 1635 felicem,
1942 1571 2015 1638 siti
2040 1569 2298 1634 exemplum3

240 1651 242 1664 '
372 1688 374 1696 .
440 1670 444 1683 '
485 1636 547 1697 Nl}
601 1691 603 1699 ,
733 1668 799 1698 nec
827 1651 937 1696 inter
972 1646 1145 1695 ailionis
1176 1646 1305 1692 locum
1348 1661 1577 1693 coerceatur
1604 1677 1620 1699 ,
1654 1641 1739 1707 fid
1752 1638 1882 1706 samii
1910 1643 2008 1691 duce
2041 1641 2100 1689 ad
2127 1655 2299 1688 exteras

733 1737 882 1787 quoque
911 1734 1003 1765 oras
1027 1728 1277 1781 propagetur
1297 1749 1313 1770 ,
1345 1712 1485 1781 ibique
1513 1713 1704 1763 incendat
1734 1712 1961 1775 cupidinem
1990 1712 2167 1778 ejusdem
2195 1727 2298 1777 quae-

736 1787 853 1836 rendi
877 1787 1035 1854 usuram
1052 1822 1065 1834 .
1109 1785 1242 1835 Talis
1251 1782 1349 1852 fitit
1380 1784 1565 1834 Virtusa
1582 1781 1807 1833 Fratribus
1823 1785 1966 1850 nostris
1983 1798 2059 1849 per
2075 1782 2295 1839 Galliam,

236 1886 239 1922 l
314 1913 330 1922 ς
737 1858 975 1925 Hispaniam
991 1891 1006 1914 ,
1036 1857 1300 1906 Germaniam
1319 1890 1335 1911 ,
1372 1856 1427 1904 ἴθ’
1447 1854 1620 1905 Italiam
1635 1855 1759 1921 sata,
1778 1853 1872 1901 dum
1896 1856 2039 1904 horum
2058 1854 2299 1919 Regnorum

235 1927 272 1970 l-
396 1925 669 1967 ‡”———-
734 1932 788 1978 ὠ·
819 1926 1055 1978 Nationum
1086 1928 1283 1975 cancellos
1317 1926 1470 1995 egrfft
1493 1963 1509 1986 ,
1559 1928 1614 1974 &⁴
1643 1940 1721 1992 per
1747 1940 1914 1974 exteras
1950 1942 2084 1974 terras
2107 1923 2301 1989 praevolo

215 2004 362 2068 plausit
390 2006 596 2050 translata
611 2038 626 2059 ‚
655 2007 779 2050 etiam
808 2003 851 2047 in
879 1999 1080 2050 Civitate
1109 1996 1250 2064 Pragae
1276 1998 1404 2064 eoipsb
1430 2011 1606 2062 tempore
1624 2032 1639 2054 ,
1677 2014 1754 2066 quo
1780 1994 2028 2064 Celst'fflmus
2043 2031 2059 2053 ,
2079 2001 2133 2044 &³
2152 1994 2303 2044 Reve-

220 2072 476 2136 rendiffimus
492 2072 829 2137 Archiepifiopus
847 2072 900 2118 (9·
921 2068 1114 2133 Princeps
1134 2067 1347 2136 thgneus
1363 2104 1377 2126 ,
1394 2088 1448 2117 ex
1475 2066 1705 2118 comitibus
1728 2067 1779 2115 de
1811 2066 1956 2117 Berlca
1985 2072 2010 2117 τὶ
2042 2065 2182 2131 Lippa
2201 2101 2217 2123 ,
2245 2070 2299 2113 69²

222 2142 351 2190 Duba
373 2142 610 2190 nobiliorem
642 2142 761 2190 Eccle
779 2159 826 2189 1ae
843 2141 927 2207 [ἷκε
963 2154 1122 2205 partem
1142 2137 1270 2203 saevo
1301 2140 1491 2208 haerefi‘os
1518 2143 1653 2188 exitio
1688 2151 1917 2203 correptam
1948 2140 2002 2187 Φ·
2033 2150 2300 2201 corruptam...

224 2213 357 2261 altilis
390 2216 614 2280 ingemuit,
637 2211 822 2274 filiciter
840 2211 1051 2278 personuit
1066 2245 1082 2268 ,
1113 2209 1373 2279 Eundemqne
1403 2211 1462 2262 ad
1486 2211 1658 2261 Fratres
1681 2208 1831 2273 nostros
1856 2209 2000 2277 Pragae
2029 2206 2298 2255 stabiliendos

225 2298 432 2334 tncttavtt
450 2319 462 2331 .

365 2354 513 2422 Qum
540 2354 683 2402 ardens
708 2356 753 2400 in
776 2352 832 2402 Eo
862 2351 995 2418 fiterit
1020 2351 1238 2401 deducendi
1265 2350 1323 2399 ad
1349 2365 1446 2416 opus
1463 2351 1536 2417 siti
1559 2351 1718 2418 confilii
1736 2350 1915 2400 {ludium
1931 2386 1945 2407 ,
1978 2350 2106 2398 elucet
2130 2366 2182 2396 ex
2204 2345 2303 2395 Lit-

227 2426 331 2473 teris
344 2459 360 2482 ,
395 2424 539 2492 quibus
562 2425 621 2472 ad
637 2421 687 2472 P.
703 2423 998 2487 Hieronymum
1023 2424 1071 2471 de
1098 2421 1224 2470 Sorba
1237 2457 1252 2479 ,
1275 2437 1373 2469 tunc
1397 2423 1573 2471 Ordinis
1602 2422 1861 2472 Miniffrum
1886 2420 2129 2471 Generalem
2156 2418 2269 2468 datis
2285 2451 2304 2475 ‚

231 2493 432 2544 fratrum
453 2497 669 2564 nostrorum
687 2494 916 2562 fitbfidium
941 2488 1124 2562 poposbit
1146 2527 1161 2550 ,
1187 2510 1350 2564 quaeque
1380 2498 1425 2542 in
1438 2492 1518 2559 fito
1544 2495 1798 2565 autographo
1828 2499 1892 2543 ita
1912 2492 2095 2564 finantz

958 2656 1325 2724 Reverende
1372 2661 1584 2722 Pater:

370 2847 557 2912 Quanta
587 2845 726 2894 fuerit
752 2848 867 2896 olim
897 2848 942 2895 in
976 2848 1061 2897 hoc
1079 2848 1308 2898 Bohemiae
1330 2851 1494 2915 Regno
1514 2882 1528 2903 ,
1556 2849 1648 2906 jam
1681 2842 1786 2892 inde
1817 2841 1917 2910 post
1944 2840 2079 2910 ipfius
2110 2859 2300 2893 conver·

235 2913 436 2972 sionem,
474 2912 522 2965 &
550 2916 707 2963 multis
733 2915 939 2982 deinceps
976 2917 1258 2982 temporibus
1279 2952 1293 2972 ‚
1326 2918 1446 2964 Fidei
1485 2915 1534 2965 δε
1566 2913 1816 2963 Catholicae
1848 2914 2098 2982 Religionis
2127 2913 2301 2963 sinceri·

234 3000 338 3045 tas;
375 2999 566 3052 quantus
601 2985 838 3033 hominurn
871 2984 1008 3032 ardor
1038 2986 1082 3031 in
1117 2985 1463 3051 complefiendo
1483 3019 1497 3039 ,
1534 2981 1581 3032 <Sc
1607 2982 1754 3031 modis
1783 2985 1990 3033 omnibns
2027 2985 2305 3052 amplifican-

235 3054 298 3104 do
325 3058 453 3106 cultu
488 3054 648 3104 divino
676 3090 692 3113 ,
729 3052 982 3121 frequentes
1010 3054 1154 3102 adhuc
1183 3051 1418 3110 Ecclefiae,
1450 3052 1498 3103 ὃς
1530 3051 1837 3112 Monasteria',
1871 3057 1914 3101 in
1943 3055 2107 3122 quibus
2140 3053 2306 3107 Homi-

234 3143 312 3174 nes
350 3124 565 3193 Religiofi
601 3129 699 3174 Deo
735 3123 902 3175 affidu&
931 3122 1216 3180 serviebant,
1252 3126 1428 3191 magnis
1461 3121 1715 3188 sumptibus
1740 3122 1789 3175 <Sc
1820 3123 2021 3173 aedificiis
2051 3123 2307 3174 constru&a

235 3193 369 3246 facile
400 3196 642 3252 testantur,
679 3213 774 3260 quae
792 3192 965 3242 tametsi
984 3197 1195 3262 pleraque
1228 3192 1518 3259 postmodum
1548 3189 1860 3260 refrigescente
1898 3197 2138 3244 charitatis
2157 3194 2308 3244 fervo·

236 3282 318 3323 re,
352 3264 399 3317 ὅ(
428 3263 842 3332 supervenientibus
876 3278 1060 3332 propter
1091 3261 1270 3312 haereses
1303 3261 1510 3312 instinfiu
1534 3263 1841 3322 introdustas,
1869 3264 2074 3331 bellaque
2094 3302 2108 3323 ‚
2134 3269 2308 3315 animo-

239 3353 344 3384 rum
374 3335 593 3394 dissidiis,
624 3333 896 3404 dignitatem
927 3332 974 3383 ὅτ
1004 3335 1224 3383 eximium
1253 3332 1383 3383 suum
1409 3331 1695 3399 splendorem
1722 3333 1983 3392 amiserint,
2019 3336 2131 3386 nihil
2150 3350 2306 3384 tamen

239 3405 390 3454 Nobis
421 3404 643 3455 accideret
668 3403 944 3470 optabilius,
980 3403 1115 3470 quam
1133 3437 1147 3459 ,
1176 3401 1209 3451 fi
1237 3402 1387 3451 nostro
1417 3405 1556 3452 etiam
1583 3417 1790 3471 tempore
1819 3440 1836 3462 ,
1872 3404 1984 3453 dum
2016 3405 2098 3453 hac
2126 3403 2306 3472 pascen-

243 3473 290 3522 di
318 3490 502 3544 gregem
522 3475 711 3524 Domini
731 3471 839 3523 curri
871 3478 890 3535 (
905 3471 1014 3522 licet
1032 3472 1234 3540 indigni)
1270 3470 1509 3540 fungimur
1528 3509 1543 3530 ,
1580 3474 1845 3524 videremus
1872 3474 2101 3541 pristinam
2128 3473 2200 3523 hic
2227 3478 2307 3524 ite-

246 3559 351 3591 rum
380 3549 590 3611 pietatem
625 3543 828 3601 restitui,
864 3561 916 3591 ac
934 3540 1171 3592 florescere
1189 3578 1200 3590 .
1231 3543 1375 3606 Quod
1389 3542 1598 3609 equidem
1619 3542 1791 3611 sperare
1810 3543 2061 3609 possemus,
2091 3543 2306 3594 dummo-

247 3611 310 3660 do
327 3614 370 3660 in
387 3628 479 3663 tam
495 3614 674 3682 copiosa
690 3614 738 3666 ὅ(
752 3612 995 3665 abundanti
1015 3610 1145 3662 messe
1161 3647 1175 3669 ,
1201 3614 1342 3678 qualis
1358 3615 1403 3662 in
1418 3615 1504 3662 hoc
1527 3618 1690 3683 Regno
1708 3612 1984 3681 conspicitur
2002 3649 2017 3672 ,
2054 3617 2204 3682 plures
2220 3616 2306 3664 exi·

247 3680 412 3730 sterent
439 3686 647 3751 Operarii
668 3721 684 3743 ,
721 3687 796 3751 qui
814 3684 940 3734 bonae
959 3686 1062 3733 vitae
1079 3684 1321 3749 exemplo,
1353 3681 1402 3734 ἃ
1429 3685 1796 3734 convenientibus
1822 3682 1982 3733 mediis
2008 3701 2060 3733 ea
2076 3720 2091 3742 ,
2117 3703 2213 3752 quae
2244 3688 2307 3732 in-

242 3751 362 3816 jurii
391 3766 646 3819 temporum
673 3755 1002 3803 interciderunt
1030 3790 1045 3812 ‚
1078 3752 1227 3802 denuo
1254 3754 1476 3818 paulatim
1503 3755 1714 3822 erigant,
1742 3753 1899 3803 devios
1919 3789 1934 3812 ,
1967 3753 2014 3806 ὅ(
2051 3753 2307 3811 haeresum...
2346 3790 2349 3792 ,

250 3822 479 3933 errorinus
496 3825 757 3936 lircilnplicatos
781 3824 837 3875 ad
854 3824 1027 3875 restam
1043 3823 1296 3875 Catholicae
1311 3821 1437 3873 Fidei
1455 3820 1661 3935 semita?
1691 3825 1856 3877 iterum
1876 3824 2094 3877 reducant
2111 3861 2128 3886 ‚
2165 3823 2213 3875 ὃ(
2233 3828 2314 3873 Ρο-

408 3904 478 3932 om.
551 3920 562 3934 .
1670 3910 1696 3938 2
2191 3906 2265 3948 put
