2658 4256
735 200 1752 318 FlandrossBelgica.
2106 206 2214 310 89

201 331 444 388 dulgentiam
468 333 508 373 &
533 331 795 376 remiffionem
821 331 1127 374 miiericorditer
1153 328 1193 368 in
1255 328 1348 370 Sedi
1365 329 1603 382 Aponolicae
1620 325 1857 375 reservatis,
1889 323 1978 366 &in
1993 324 2109 368 Bulla
2128 335 2266 372 (toenae

195 391 371 445 Domino
395 392 650 434 concedimus
664 422 679 444 ‚
709 404 828 447 quam
854 388 1018 444 quidem
1041 388 1066 428 ii
1080 412 1094 434 a
1125 386 1193 440 qui
1256 387 1453 435 Domini,
1482 397 1558 426 nec
1572 395 1656 424 non
1677 384 1854 424 Decreto
1866 381 1962 436 jussu
1979 381 2050 426 fel.
2068 398 2152 426 rec.
2167 387 2264 427 Cle-

191 447 344 492 ‘eisdem
362 450 489 491 tribus
510 450 646 493 diebus
661 447 823 491 confesti
836 476 850 499 ‚
878 460 923 487 ac
940 444 1046 486 uera
1073 449 1200 486 Com·
1259 445 1404 485 mentis
1421 444 1534 498 Papae
1545 442 1665 484 vlu.
1681 440 1973 483 Praedecefforis
1987 442 2104 484 nostri
2119 443 2185 482 die
2195 456 2263 497 29.

197 508 386 549 munione
401 506 549 558 refecti,
562 523 696 551 coram
711 507 786 549 suis
800 502 1084 550 confratribus
1109 515 1199 554 pro·
1259 502 1487 544 Novembr-
1510 501 1632 544 1601·
1661 497 1774 539 edito
1799 500 2002 541 contentis
2018 530 2031 552 ,
2065 515 2136 556 per
2149 503 2264 541 Con-

196 565 329 607 testati
357 565 507 608 fuerint
522 597 537 619 ‚
567 569 606 610 se
627 576 794 622 propter
820 567 948 606 Deum
977 575 1021 603 ac
1048 557 1196 602 Christi
1257 559 1433 602 feffarios
1456 561 1504 602 ab
1522 559 1662 603 eodem
1677 554 1896 598 Ordinatio
1922 561 2161 613 approbatos
2178 587 2191 608 ‚
2224 560 2263 599 &

192 622 407 679 paffionem
422 641 472 667 ex
484 627 604 668 corde
621 625 828 666 dimittere
841 622 884 674 ‚fi
901 621 980 675 ipse
1002 613 1193 661 adversus
1254 618 1470 673 deputatos
1495 618 1533 661 in
1552 615 1838 661 sacramentali
1859 615 2112 660 Confessione
2130 617 2263 658 absol-

193 683 316 723 alium
331 711 345 733 ‚
376 685 440 726 seu
457 682 688 739 ,siquilibet
703 681 804 722 alius
831 678 1022 721 adversus
1043 675 1080 718 se
1094 687 1189 730 que·
1249 676 1287 717 vi
1316 674 1459 729 poffint
1485 701 1500 722 ,
1530 685 1601 727 ac,
1623 674 1647 716 fi
1663 671 1772 715 sacra
1798 675 2095 718 communione
2124 674 2261 718 refecti

191 741 321 782 relam
349 743 499 794 habet,
529 741 596 782 fibi
620 739 769 781 dimitti
797 736 1081 791 postulaverit,
1111 746 1190 788 quo
1249 732 1393 775 fuerint
1411 760 1424 783 ,
1456 732 1676 786 plenariam
1704 730 1884 772 {imiliter
1906 735 2080 775 omnium
2109 749 2258 789 pecca·

195 800 315 841 trium
329 801 484 843 dierum
506 797 725 854 hujusmodi
748 795 788 836 id
803 795 986 849 egerint,
1019 795 1189 835 animam
1249 803 1383 834 torum
1407 790 1562 834 suorum
1594 788 1885 847 indulgentiam
1913 791 1951 830 in
1972 794 2141 834 Domino
2160 806 2258 834 con-

1246 849 1426 893 cedimus
1442 878 1454 890 .
1487 853 1574 891 Nec
1592 862 1669 891 non
1685 847 1831 890 eisdem
1845 847 2130 892 Confratribus
2143 879 2156 899 ‚
2181 852 2250 905 qui

1246 921 1320 965 pro
1344 906 1435 949 fidei
1449 907 1673 952 Catholicae
1691 908 1977 961 propagatione
2004 909 2217 950 oraverint
2232 936 2247 959 ,

1245 967 1386 1009 decem
1400 979 1521 1008 annos
1540 967 1579 1006 &
1601 964 1774 1007 totidem
1794 964 2071 1018 quadragenas
2087 992 2099 1012 ,
2115 968 2172 1006 eis
2189 966 2257 1007 vel

1247 1025 1344 1068 alias
1360 1023 1665 1079 quomodolibet
1680 1023 1840 1065 debitas
1853 1021 1904 1067 de
1921 1022 2102 1076 injunctis
2118 1038 2214 1078 poen
2226 1025 2259 1065 i-

1247 1083 1383 1126 tentiis
1399 1085 1438 1124 in
1454 1081 1583 1126 forma
1598 1082 1783 1124 Ecclefiae
1803 1080 1993 1123 consueta
2010 1081 2256 1135 relaxamus,

1247 1156 1327 1185 non
1353 1140 1595 1184 obstantibus
1624 1140 1760 1196 regula
1775 1140 1909 1182 nostra
1937 1140 1988 1182 de
2008 1155 2084 1181 non
2102 1154 2256 1183 conce-

1248 1199 1391 1243 dendis
1407 1200 1673 1256 indulgentiis
1698 1199 1748 1241 ad
1775 1198 1936 1250 instar,¹
1955 1199 2256 1254 caeterisque-2

1250 1260 1463 1302 contrariis
1506 1258 1822 1315 quibuscumque
1849 1286 1863 1308 ‚
1908 1258 2164 1312 praesentibus
2203 1258 2255 1300 ad

1250 1318 1488 1360 decennium
1516 1317 1674 1360 tantum
1702 1317 1904 1358 valituris.
1935 1319 2085 1359 Datum
2119 1318 2256 1359 Romae

1255 1377 1358 1431 apud
1380 1380 1419 1419 S.
1437 1380 1603 1420 Petrum
1624 1376 1692 1418 sub
1709 1374 1871 1416 Annulo
1886 1373 2096 1417 Piscatoris
2109 1374 2175 1416 die
2191 1389 2255 1416 vi.

1256 1435 1394 1477 Martii
1423 1448 1648 1482 mncxxvt.
1687 1431 1953 1477 Pontificatfis
1986 1433 2107 1474 nostri
2148 1447 2252 1476 anno

1254 1494 1382 1537 tertio
1395 1524 1407 1538 .
1473 1530 1478 1536 .

190 872 310 899 unam
323 872 374 900 ex
389 859 517 913 poenis
531 853 753 911 purgatorii
773 867 845 908 per
864 852 1024 894 modum
1040 849 1186 892 Suffra-

187 917 428 971 giiliberare
452 916 607 963 valeat,
639 911 896 958 concedimus
914 939 924 950 .
958 914 1044 952 Nec
1073 923 1183 951 non..-

187 975 372 1016 omnibus
409 972 610 1027 utriusque
640 967 748 1011 sext'is
785 967 934 1010 Christi
961 965 1148 1008 fidelibus
1172 994 1186 1016 ‚

186 1033 252 1088 qui
265 1031 452 1073 Orationi
463 1042 533 1083 40.
550 1025 807 1076 horarum‚de
819 1023 1187 1068 licentiaOrdinai-ii

185 1101 258 1145 per
276 1090 435 1130 Fratres
444 1087 677 1142 Capuciuos
694 1083 915 1140 hujusmodi
930 1080 1076 1125 auxilio
1092 1095 1187 1137 prae-

187 1144 276 1188 fatae
300 1145 639 1202 Congregationis
663 1141 922 1192 instituendae‚
939 1155 1010 1196 per
1035 1141 1188 1196 aliquot

189 1205 386 1260 temporis
403 1205 570 1259 spatium
593 1202 744 1246 devote
757 1200 1015 1243 interfuerint
1030 1229 1043 1250 ‚
1072 1201 1112 1240 δι
1135 1199 1188 1241 ibi

187 1277 263 1318 pro
304 1263 624 1305 Christianorum
664 1261 898 1316 Principum
931 1260 1147 1301 concordia
1173 1285 1188 1308 ‚

189 1322 377 1364 haeresum
393 1321 662 1377 extirpatione
678 1348 692 1371 ,
723 1334 768 1362 ac
780 1323 820 1361 S.
837 1320 895 1360 M.
913 1316 1097 1360 Ecclefiae
1117 1331 1188 1359 ex·

186 1380 380 1421 altatione
415 1380 496 1434 pias
533 1378 583 1420 ad
615 1382 745 1420 Deum
773 1390 917 1431 preces
948 1374 1193 1426 effuderint3

187 1437 375 1492 quodque
390 1437 428 1478 in
449 1436 654 1485 Ecclesia„
686 1436 724 1477 in
739 1449 816 1490 qua
831 1435 974 1476 Oratio
996 1433 1193 1488 hujusmo-

184 1496 229 1552 di
252 1495 508 1548 instituetur,
537 1495 695 1539 &illius
711 1493 996 1538 celebrationis
1012 1503 1192 1548 tempore

189 1554 360 1596 durante
375 1554 595 1603 duntaxat,
627 1552 648 1595 a
664 1551 865 1608 quibusvis
883 1552 1058 1607 peccatis
1072 1577 1086 1598 a
1114 1552 1190 1592 cri-

189 1611 391 1662 minibus,
422 1612 637 1654 exceffibus
656 1640 669 1661 ,
700 1613 736 1652 &
762 1610 916 1653 delictis
933 1640 947 1661 ‚
976 1618 1193 1665 quantum-

189 1684 346 1728 cunque
360 1671 544 1728 gravibus
569 1672 607 1711 ὃς
631 1670 884 1720 enormibus,
915 1682 995 1710 non
1022 1678 1190 1710 tamem,

1874 1548 1926 1589 V.
1950 1548 2137 1592 Theatin.

1252 1666 1550 1727 Brevefirmat.
1563 1668 1606 1710 in
1622 1663 1742 1710 Arch.
1750 1666 1966 1708 Conventus
1979 1667 2254 1723 Bruxellensts.

933 1797 1489 1862 NOTA.

188 1938 310 2027 DE
326 1939 448 1976 celebri
475 1940 538 1977 hac
556 1966 565 1982 ,
588 1939 626 1976 in
657 1937 801 1975 Ecclelia
820 1935 934 1974 nostra
960 1936 1168 1974 Bruxellenli
1191 1936 1338 1973 instituta
1364 1935 1520 1984 Equestri
1538 1934 1852 1982 Congregationei
1876 1946 1978 1984 quam
2001 1938 2039 1974 R-
2061 1938 2099 1974 P.
2117 1937 2250 1984 Philip·

307 2000 370 2035 pus
386 1988 541 2025 Bonanni
558 1989 638 2025 Soc.
656 1988 736 2036 Jesu
761 1988 797 2022 in
827 1986 886 2021 suo
900 1984 1004 2020 Libro
1026 1986 1083 2022 seu
1097 1987 1276 2030 Catalogo
1291 1984 1464 2022 Ordinum
1493 1984 1703 2035 Equestrium
1724 1986 1759 2021 &
1786 1982 1989 2022 Militarium
2006 1988 2128 2026 reticet
2144 2012 2156 2029 ‚
2181 1999 2249 2022 me-

188 2038 333 2072 moriam
358 2036 493 2079 laudis,
518 2036 603 2073 airas
621 2035 691 2082 jam
706 2037 824 2072 Tomo
836 2033 940 2070 tertio
957 2033 1017 2069 fol.
1036 2043 1114 2081 249.
1137 2045 1195 2079 per
1221 2034 1429 2070 transennam
1451 2032 1573 2071 factam
1586 2059 1599 2079 ,
1622 2034 1724 2080 repeti
1743 2061 1750 2074 ‚
1777 2032 1916 2080 ejusque
1938 2036 2085 2079 gloriam
2116 2047 2188 2073 tum
2211 2048 2253 2071 ex

188 2094 289 2130 parte
311 2082 552 2120 instituentium
567 2107 579 2126 ‚
602 2094 673 2120 tum
696 2093 744 2119 ex
772 2091 861 2129 parte
889 2080 1075 2127 primorum
1090 2081 1337 2124 Consanum,
1362 2093 1433 2120 tum
1447 2093 1599 2132 exparte
1623 2083 1732 2127 finis,
1759 2081 1976 2122 posterorum
2002 2084 2122 2131 pietati
2149 2083 2250 2120 fufius

200 2131 454 2172 commendari,
481 2131 569 2168 ratio
585 2131 694 2168 dietat
717 2129 883 2178 aequitatis
898 2153 908 2164 .

252 2214 257 2216 ,
291 2179 501 2217 lnstiruentes
522 2179 615 2216 fuere
634 2178 744 2216 noster
770 2179 808 2215 P.
834 2178 1048 2225 Hiacynthus
1073 2179 1093 2214 a
1108 2180 1247 2221 casali,
1270 2180 1330 2227 qui
1353 2192 1425 2217 eam
1461 2181 1660 2222 consuluit3
1686 2176 1898 2221 Sereniffima
1924 2180 2161 2227 Hispaniarum
2196 2181 2251 2216 ln-

188 2225 264 2263 fans
275 2251 288 2270 ,
316 2227 425 2271 Belgii
438 2228 589 2264 Clavum
604 2229 698 2272 regia
709 2227 784 2264 vice
807 2235 926 2264 tenens
939 2247 952 2268 ,
968 2225 1103 2264 lsabella
1118 2227 1382 2277 ClaraEugenia
1395 2254 1408 2273 ‚
1433 2231 1509 2275 quie
1530 2230 1584 2266 illi
1611 2230 1789 2278 specialem
1811 2229 1944 2268 addixit
1971 2229 2219 2277 protefflonem
2236 2240 2250 2268 3

189 2275 561 2360 {Reverendissimus
588 2278 632 2312 D„
653 2275 804 2324 jacobus
834 2277 976 2311 Boonen
1004 2297 1018 2319 ‚
1044 2274 1332 2325 Archiepiscopus
1358 2277 1610 2318 Mechlinienfis
1632 2302 1645 2323 ,
1667 2277 1732 2328 qui
1755 2286 1830 2314 eam
1860 2278 2069 2325 approbavit
2099 2276 2248 2326 sequenti

232 2335 268 2371 ip
284 2332 397 2360 omare
414 2334 424 2360 t
2098 2331 2100 2334 ’

337 2419 532 2490 ‘Ja'cobus
546 2458 563 2484 ,
588 2421 686 2473 ‘Det‘
713 2424 768 2472 &⁰
798 2423 1046 2490 Apos‘lolicae
1077 2424 1197 2474 Sedis
1221 2428 1365 2492 gratia
1391 2425 1732 2494 Archicpifiopus
1764 2425 2082 2494 Mecblinietfis

857 2494 1039 2544 omnibus
1066 2497 1142 2544 has
1171 2496 1334 2563 ‘vtfitris
1352 2497 1532 2564 salntem
1557 2533 1569 2544 .

278 2609 374 2647 luter
387 2611 518 2656 multa,
543 2622 614 2659 quae
634 2609 717 2647 ΚΒΑ
738 2610 815 2649 PP.
839 2612 881 2651 S.
903 2612 1079 2662 Francisci
1093 2614 1250 2650 Minores
1278 2614 1469 2662 Capuccini
1491 2615 1537 2651 ad
1550 2615 1618 2653 Dei
1643 2615 1800 2655 honorem
1824 2616 1867 2658 ἐς·
1883 2617 2077 2653 animarum
2091 2612 2241 2663 salutem

180 2660 440 2716 promovendam
466 2660 618 2708 quotidie
639 2659 798 2710 praestant
821 2685 833 2704 ‚
857 2662 1002 2698 eximius
1012 2663 1143 2709 semper
1155 2663 1233 2709 fuit
1243 2661 1379 2709 frufius
1394 2663 1576 2702 Orationis
1600 2678 1659 2712 40.
1687 2664 1849 2703 horarum
1896 2665 2056 2703 uotannis
2083 2661 2243 2711 pluribus

185 2704 268 2741 locis
281 2705 406 2742 abillis
417 2707 590 2744 celebrata
609 2721 619 2743 ι
646 2717 683 2745 at
696 2720 872 2756 nunquam
893 2709 1024 2746 meliori
1049 2711 1168 2746 ordine
1185 2734 1196 2753 ‚
1221 2710 1264 2752 «θ’
1283 2710 1442 2758 feliciore
1458 2711 1561 2761 succe
1586 2724 1609 2750 u
1629 2714 1667 2747 in
1689 2712 1776 2764 hisce
1818 2713 1955 2749 artubus
1970 2736 1981 2755 ,
2005 2722 2106 2758 quam
2130 2718 2238 2756 nuper

184 2755 224 2789 in
249 2751 312 2809 hac
326 2754 419 2811 vrb-e
440 2755 590 2838 Dioecjfis
603 2755 731 2804 nostrae,
741 2759 839 2803 opera
854 2755 900 2792 R.
915 2759 963 2794 A.
981 2759 1023 2796 P.
1037 2757 1233 2805 Hyacinthi
1247 2758 1440 2809 Casalensis‚
1462 2769 1532 2808 prot
1550 2761 1602 2800 ati
1622 2759 1771 2799 Ordinis
1785 2722 2027 2798 ssraedicatoris
2045 2756 2241 2806 Apostolici,

184 2801 305 2858 haberi
322 2801 472 2838 vidimus
484 2825 497 2845 ‚
509 2814 529 2837 a
555 2812 661 2858 eof-ut
674 2814 739 2838 non
759 2805 893 2840 tantum
907 2806 1116 2854 Sereniffima
1132 2806 1386 2855 Hispaniarum
1400 2808 1536 2856 Infans,
1553 2806 1691 2854 lsabella
1712 2808 1819 2846 Clara
1846 2806 2000 2853 Eugenia
2026 2806 2045 2851 (
2056 2806 2156 2842 tertii
2172 2805 2242 2841 Or·

187 2849 346 2905 danis-S.
369 2849 421 2884 ’Ῥ-
441 2849 615 2907 francisci
638 2847 727 2905 Filia
753 2851 924 2898 pitffima)
949 2862 1087 2899 totaque
1103 2855 1194 2890 vrbs
1218 2853 1279 2902 ista
1293 2855 1388 2903 ‚sed
1410 2857 1516 2893 etiam
1540 2856 1650 2891 viciai
1673 2857 1827 2903 undique
1844 2853 1985 2901 summis
2008 2855 2100 2890 votis
2122 2862 2240 2902 optant

185 2897 421 2954 devotzffimam
435 2898 529 2948 astam
551 2896 797 2954 filetum-tatem
806 2921 820 2940 ,
845 2899 933 2932 omni
939 2898 1051 2947 studio
1072 2903 1261 2946 quotannis
1272 2903 1384 2950 repeti
1395 2927 1410 2937 .
1435 2903 1524 2942 Cum
1536 2906 1648 2938 au'tem
1670 2904 1708 2938 in
1722 2915 1761 2940 ea
1775 2914 1812 2938 re
1825 2901 1966 2940 multum
1985 2903 2154 2939 enituerit
2160 2901 2241 2951 plu·

183 2952 348 2982 rimorum
372 2943 537 2983 Virorum
569 2945 799 2992 Principum,
824 2954 926 2992 atque
955 2947 1161 2992 Magnatum
1181 2949 1294 2994 pietas
1315 2972 1326 2991 ,
1353 2951 1415 2995 qui
1439 2950 1572 2984 nomine
1592 2949 1755 2996 Equitum
1770 2950 1940 2999 ‘Paffi'onis
1960 2951 2145 2988 Dominicae
2160 2976 2171 2993 ‚
2196 2951 2239 2991 Θ

184 2994 327 3030 Habitu
352 2993 472 3030 humili
502 2994 739 3041 poenitentium
753 2993 872 3040 sponte
884 2989 1039 3042 affumpto
1054 2993 1230 3035 ‚ordinem
1253 2995 1518 3042 pulcherrimum
1533 2997 1683 3044 praefatae
1704 2999 1931 3047 solemnitatis
1952 2996 2108 3049 indefeſjb
2126 2998 2240 3048 studia

185 3042 226 3077 in
245 3041 412 3078 auxilium
428 3042 590 3078 difiiorum
621 3040 696 3078 PP-
712 3040 966 3089 Capacinorum
989 3040 1097 3077 exaffle
1109 3042 1252 3089 servari
1275 3044 1452 3080 cura'runt
1466 3068 1476 3087 ‚
1502 3044 1545 3085 (ς’
1566 3045 1684 3093 populo
1703 3048 1749 3085 ad
1769 3046 1952 3095 diligenter
1965 3048 2003 3082 in
2024 3046 2090 3082 loco
2112 3048 2237 3084 oratio·

188 3090 243 3125 nis
249 3089 350 3138 statis
365 3092 487 3139 cuique
510 3090 602 3126 horis
616 3087 999 3138 &destinatisclaffibus
1020 3091 1288 3127 conveniendum
1312 3101 1392 3128 ante
1403 3112 1416 3119 ·
1421 3092 1550 3140 signati
1569 3093 1720 3142 fuerunt
1738 3121 1746 3131 .
1772 3096 1850 3134 Nos
1875 3097 1976 3132 etiam
1999 3095 2238 3143 summopere)

186 3137 407 3187 desiderantes
438 3148 508 3176 tam
525 3136 691 3186 praeclara
715 3137 908 3173 devotionis
931 3138 1109 3174 incentiva
1120 3138 1264 3185 fovere,
1291 3139 1334 3180 &⁶
1348 3139 1554 3188 satisfacere
1575 3143 1673 3180 enixo
1697 3144 1757 3181 bac
1785 3145 1823 3179 in
1849 3156 1886 3180 re
1906 3142 2061 3193 defiderio
2085 3144 2235 3191 praefatae

186 3186 414 3233 Serenissimae
435 3187 600 3235 Infantis,
611 3194 671 3234 per
693 3185 787 3233 hasce
808 3185 942 3222 litteras
966 3186 1128 3232 erigimus
1140 3186 1296 3222 devotam
1316 3187 1618 3235 Congregationem
1637 3201 1696 3236 40.
1719 3194 1925 3240 Magnetum
1940 3217 1950 3233 ‚
1971 3191 2208 3239 Principum.)
2224 3215 2237 3235 ,

178 3234 250 3283 five
266 3233 411 3271 aliorum
431 3235 607 3283 praecipuae
621 3232 813 3270 nobilitatis
827 3258 841 3277 ,
865 3243 927 3269 aut
947 3233 1131 3280 dignitatis
1145 3234 1349 3279 Procerum,
1375 3238 1435 3284 qui
1457 3248 1573 3273 nuncu
1596 3239 1748 3279 abuntur
1764 3241 1905 3287 Equites
1932 3241 2119 3277 Dominicae
2151 3240 2234 3288 Pas-

181 3283 283 3331 fionis
305 3283 373 3330 sub
395 3284 612 3319 invocatione
636 3281 679 3322 &⁴
694 3282 887 3329 patrocinio
902 3281 1083 3329 Seraphici
1106 3282 1150 3322 P.
1164 3281 1338 3331 Francisci
1353 3307 1367 3327 ,
1389 3295 1532 3332 quorum
1579 3286 1697 3325 udium
1718 3291 1760 3331 &⁶
1782 3288 1920 3338 officium
1938 3291 2006 3326 erit
2026 3299 2098 3325 tum
2128 3289 2166 3322 in
2177 3300 2237 3335 ge-

192 3342 273 3367 nere
297 3331 482 3378 diligenter
506 3329 760 3378 quibuscunque
778 3329 919 3377 pietatis
940 3330 1094 3375 operibus
1118 3338 1181 3378 pro
1193 3331 1261 3378 sua
1287 3331 1465 3368 devotione
1477 3334 1691 3379 incumbere.
1720 3348 1792 3375 tum
1807 3335 1977 3385 singulari
1998 3336 2090 3374 modo
2110 3335 2234 3373 Patri—

192 3378 253 3414 bus
277 3379 464 3427 Capucinis
489 3377 618 3415 auxilio
641 3373 725 3427 effe,
750 3387 790 3415 ut
813 3377 1015 3414 Orationem
1037 3388 1097 3421 40.
1128 3378 1312 3421 horarum,
1336 3382 1557 3428 quamoptimo
1585 3385 1704 3422 ordine
1724 3386 1906 3433 quotannis
1927 3383 2096 3421 celebrare
2119 3385 2234 3433 poffint

193 3425 234 3460 in
246 3436 462 3474 augmentum
482 3427 619 3463 honoris
632 3428 675 3468 &¹
696 3425 810 3463 cultris
829 3426 899 3462 SS.
913 3424 1132 3474 Eucharistiae
1146 3450 1158 3469 ‚
1184 3426 1226 3467 ἐν’
1246 3429 1407 3463 memoria
1420 3429 1605 3466 Dominicae
1625 3433 1788 3481 passionis
1801 3457 1813 3476 ,
1838 3444 1966 3468 necnon
1979 3433 2023 3469 ad
2035 3441 2234 3480 promoven-

191 3472 268 3509 dam
284 3474 428 3521 salutem
452 3474 757 3520 animarumjuxta
779 3474 910 3510 modum
929 3474 971 3514 ὅς’
984 3473 1130 3520 formam
1145 3474 1555 3526 praescribendam,cujus
1575 3480 1858 3529 Congregationis
1874 3481 2019 3528 praefata
2041 3481 2231 3526 Serenifsi·

192 3532 246 3555 ma
263 3521 432 3571 Infans-'se
445 3523 623 3573 specialem
636 3523 873 3561 Proteiiricem
887 3520 1101 3558 declaravit.
1129 3523 1178 3558 vt
1192 3533 1303 3559 autem
1331 3523 1397 3560 haec
1415 3526 1556 3572 pietatis
1582 3535 1680 3574 opera
1700 3529 1848 3565 alacrius
1869 3530 2043 3572 obeamus,
2061 3529 2217 3578 supplica

191 3572 449 3615 mus,quantam
465 3570 628 3622 possumus
644 3595 655 3614 ,
681 3571 894 3619 Sanfiiissimo
922 3570 1064 3606 Domino
1087 3569 1192 3618 nostro
1217 3571 1317 3618 Papae
1333 3598 1342 3613 ,
1359 3581 1408 3620 ‘ut
1426 3575 1564 3620 gratias
1585 3576 1628 3616 ὼ·
1651 3576 1887 3623 indulgentia,
1909 3603 1919 3618 ,
1947 3590 2031 3626 qua,-
2049 3580 2228 3627 praefata)

195 3615 419 3663 congregatio
433 3619 616 3656 humilibus
637 3621 794 3667 precibus
803 3627 918 3667 petere
938 3617 1115 3658 intendit,
1140 3619 1319 3659 concedere
1343 3621 1380 3655 ai
1405 3631 1506 3658 netur
1519 3649 1527 3657 .
1554 3622 1594 3656 In
1612 3625 1709 3672 cuju,-
1726 3625 1777 3660 νεὶ
1786 3622 1891 3669 fidem
1916 3624 2010 3673 hasoe
2026 3628 2146 3663 mana,-
2171 3637 2229 3661 no·

183 3662 258 3712 stra
263 3664 510 3714 subfiriptione
528 3668 570 3708 (θ’
591 3666 713 3714 Sigillo
726 3669 877 3705 munitas
889 3665 1040 3703 dedimus
1055 3691 1064 3702 .
1092 3664 1271 3701 ‘Bi-axellis
1291 3678 1342 3713 ¹3·
1390 3667 1456 3704 ulii.
1475 3679 1565 3704 anno
1586 3668 1606 3704 ἃ
1622 3672 1748 3722 Christi
1772 3668 1980 3710 Nativitate
2007 3677 2116 3721 1624.

1113 3761 1280 3816 ‘Jacobus
1306 3764 1618 3860 Arcbiepissopus
1648 3769 1925 3828 Mecbtim‘ensts
1940 3798 1951 3813 .

247 3828 252 3832 ·
286 3816 442 3856 Tom.lV.
2118 3831 2196 3866 pgr,
