<?xml version="1.0" encoding="UTF-8"?>
<!DOCTYPE html PUBLIC "-//W3C//DTD XHTML 1.0 Transitional//EN"
    "http://www.w3.org/TR/xhtml1/DTD/xhtml1-transitional.dtd">
<html xmlns="http://www.w3.org/1999/xhtml" xml:lang="en" lang="en">
 <head>
  <title>
</title>
<meta http-equiv="Content-Type" content="text/html;charset=utf-8" />
  <meta name='ocr-system' content='tesseract 3.04.00' />
  <meta name='ocr-capabilities' content='ocr_page ocr_carea ocr_par ocr_line ocrx_word'/>
</head>
<body>
  <div class='ocr_page' id='page_1' title='image "./bullariumordinis04cath_0147.png"; bbox 0 0 2658 4256; ppageno 0'>
   <div class='ocr_carea' id='block_1_1' title="bbox 939 237 1573 357">
    <p class='ocr_par' dir='ltr' id='par_1_1' title="bbox 939 237 1573 357">
     <span class='ocr_line' id='line_1_1' title="bbox 939 237 1573 357; baseline -0.011 -28"><span class='ocrx_word' id='word_1_1' title='bbox 939 237 1573 357; x_wconf 77' lang='lat' dir='ltr'>1Leadiensts.</span> 
     </span>
    </p>
   </div>
   <div class='ocr_carea' id='block_1_2' title="bbox 339 371 1093 561">
    <p class='ocr_par' dir='ltr' id='par_1_2' title="bbox 339 371 1093 561">
     <span class='ocr_line' id='line_1_2' title="bbox 409 371 1031 418; baseline -0.003 -2"><span class='ocrx_word' id='word_1_2' title='bbox 409 377 450 416; x_wconf 90' lang='lat' dir='ltr'><strong>D</strong></span> <span class='ocrx_word' id='word_1_3' title='bbox 509 376 542 415; x_wconf 87' lang='lat' dir='ltr'><strong>E</strong></span> <span class='ocrx_word' id='word_1_4' title='bbox 599 379 635 418; x_wconf 87' lang='lat' dir='ltr'>C</span> <span class='ocrx_word' id='word_1_5' title='bbox 699 375 738 416; x_wconf 84' lang='lat' dir='ltr'>R</span> <span class='ocrx_word' id='word_1_6' title='bbox 797 375 830 416; x_wconf 76' lang='grc' dir='ltr'><strong>Ξ</strong></span> <span class='ocrx_word' id='word_1_7' title='bbox 895 371 930 414; x_wconf 84' lang='grc' dir='ltr'><strong>Τ</strong></span> <span class='ocrx_word' id='word_1_8' title='bbox 992 375 1031 414; x_wconf 94' lang='grc' dir='ltr'>Ο</span> 
     </span>
     <span class='ocr_line' id='line_1_3' title="bbox 339 486 1093 561; baseline -0.005 -20"><span class='ocrx_word' id='word_1_9' title='bbox 339 492 431 542; x_wconf 74' lang='lat' dir='ltr'>Sac-</span> <span class='ocrx_word' id='word_1_10' title='bbox 468 487 661 561; x_wconf 73' lang='lat' dir='ltr'>Congreg.</span> <span class='ocrx_word' id='word_1_11' title='bbox 692 489 827 557; x_wconf 74' lang='lat' dir='ltr'>Epist.</span> <span class='ocrx_word' id='word_1_12' title='bbox 854 489 909 539; x_wconf 67' lang='lat'>&amp;⁵</span> <span class='ocrx_word' id='word_1_13' title='bbox 937 486 1093 556; x_wconf 77' lang='lat' dir='ltr'>Regul-</span> 
     </span>
    </p>
   </div>
   <div class='ocr_carea' id='block_1_3' title="bbox 219 626 1204 764">
    <p class='ocr_par' dir='ltr' id='par_1_3' title="bbox 219 626 1204 764">
     <span class='ocr_line' id='line_1_4' title="bbox 219 626 1204 703; baseline -0.013 -18"><span class='ocrx_word' id='word_1_14' title='bbox 219 636 543 703; x_wconf 80' lang='lat' dir='ltr'>Receptionem</span> <span class='ocrx_word' id='word_1_15' title='bbox 585 629 765 680; x_wconf 90' lang='lat' dir='ltr'>Novitii</span> <span class='ocrx_word' id='word_1_16' title='bbox 810 626 836 676; x_wconf 68' lang='grc' dir='ltr'><em>ἃ</em></span> <span class='ocrx_word' id='word_1_17' title='bbox 871 627 1056 677; x_wconf 84' lang='lat' dir='ltr'>Vicario</span> <span class='ocrx_word' id='word_1_18' title='bbox 1097 628 1204 675; x_wconf 85' lang='lat' dir='ltr'>Pro-</span> 
     </span>
     <span class='ocr_line' id='line_1_5' title="bbox 286 694 1203 764; baseline -0.013 -10"><span class='ocrx_word' id='word_1_19' title='bbox 286 706 471 754; x_wconf 90' lang='lat' dir='ltr'>vinciali</span> <span class='ocrx_word' id='word_1_20' title='bbox 511 699 599 750; x_wconf 84' lang='lat' dir='ltr'>fine</span> <span class='ocrx_word' id='word_1_21' title='bbox 637 694 832 764; x_wconf 77' lang='lat' dir='ltr'>expresso</span> <span class='ocrx_word' id='word_1_22' title='bbox 864 694 1059 744; x_wconf 81' lang='lat' dir='ltr'>Ministri</span> <span class='ocrx_word' id='word_1_23' title='bbox 1097 698 1203 744; x_wconf 85' lang='lat' dir='ltr'>Pro-</span> 
     </span>
    </p>
   </div>
   <div class='ocr_carea' id='block_1_4' title="bbox 283 763 1202 828">
    <p class='ocr_par' dir='ltr' id='par_1_4' title="bbox 283 763 1202 828">
     <span class='ocr_line' id='line_1_6' title="bbox 283 763 1202 828; baseline -0.014 -3"><span class='ocrx_word' id='word_1_24' title='bbox 283 774 486 826; x_wconf 83' lang='lat' dir='ltr'>vincialis</span> <span class='ocrx_word' id='word_1_25' title='bbox 501 769 653 820; x_wconf 88' lang='lat' dir='ltr'>ordine</span> <span class='ocrx_word' id='word_1_26' title='bbox 666 765 846 823; x_wconf 68' lang='lat' dir='ltr'>fastam,</span> <span class='ocrx_word' id='word_1_27' title='bbox 862 763 1000 814; x_wconf 87' lang='lat' dir='ltr'>sanari</span> <span class='ocrx_word' id='word_1_28' title='bbox 1006 764 1202 828; x_wconf 86' lang='lat' dir='ltr'>jubetur.</span> 
     </span>
    </p>
   </div>
   <div class='ocr_carea' id='block_1_5' title="bbox 298 890 1115 956">
    <p class='ocr_par' dir='ltr' id='par_1_5' title="bbox 298 890 1115 956">
     <span class='ocr_line' id='line_1_7' title="bbox 298 890 1115 956; baseline -0.023 -12"><span class='ocrx_word' id='word_1_29' title='bbox 298 898 539 956; x_wconf 81' lang='lat' dir='ltr'>Eminentiss&#39;.</span> <span class='ocrx_word' id='word_1_30' title='bbox 565 891 618 944; x_wconf 69' lang='grc' dir='ltr'>ὡ·</span> <span class='ocrx_word' id='word_1_31' title='bbox 646 890 900 946; x_wconf 73' lang='lat' dir='ltr'>Reverendiſs.</span> <span class='ocrx_word' id='word_1_32' title='bbox 926 894 1090 934; x_wconf 60' lang='lat' dir='ltr'>Domine</span> <span class='ocrx_word' id='word_1_33' title='bbox 1103 918 1115 930; x_wconf 83' lang='lat'><strong>.</strong></span> 
     </span>
    </p>
   </div>
   <div class='ocr_carea' id='block_1_6' title="bbox 205 1005 1206 2456">
    <p class='ocr_par' dir='ltr' id='par_1_6' title="bbox 313 1005 1205 1060">
     <span class='ocr_line' id='line_1_8' title="bbox 313 1005 1205 1060; baseline -0.017 -1"><span class='ocrx_word' id='word_1_34' title='bbox 313 1020 416 1060; x_wconf 86' lang='lat' dir='ltr'>Ater</span> <span class='ocrx_word' id='word_1_35' title='bbox 430 1008 673 1056; x_wconf 67' lang='lat' dir='ltr'>Theodotius</span> <span class='ocrx_word' id='word_1_36' title='bbox 687 1035 700 1058; x_wconf 89' lang='lat'><strong>,</strong></span> <span class='ocrx_word' id='word_1_37' title='bbox 716 1007 887 1050; x_wconf 86' lang='lat' dir='ltr'>Leodius</span> <span class='ocrx_word' id='word_1_38' title='bbox 901 1036 916 1056; x_wconf 93' lang='lat'>,</span> <span class='ocrx_word' id='word_1_39' title='bbox 929 1005 1205 1060; x_wconf 73' lang='lat' dir='ltr'>FF-Capucin-</span> 
     </span>
    </p>

    <p class='ocr_par' dir='ltr' id='par_1_7' title="bbox 205 1064 1206 2456">
     <span class='ocr_line' id='line_1_9' title="bbox 328 1064 1206 1114; baseline -0.013 0"><span class='ocrx_word' id='word_1_40' title='bbox 328 1070 547 1114; x_wconf 86' lang='lat' dir='ltr'>Provinciae</span> <span class='ocrx_word' id='word_1_41' title='bbox 576 1065 767 1109; x_wconf 90' lang='lat' dir='ltr'>Leodien.</span> <span class='ocrx_word' id='word_1_42' title='bbox 786 1065 961 1107; x_wconf 84' lang='lat' dir='ltr'>Minister</span> <span class='ocrx_word' id='word_1_43' title='bbox 974 1064 1206 1106; x_wconf 84' lang='lat' dir='ltr'>Provincia-</span> 
     </span>
     <span class='ocr_line' id='line_1_10' title="bbox 209 1122 1206 1183; baseline -0.014 -8"><span class='ocrx_word' id='word_1_44' title='bbox 209 1134 276 1183; x_wconf 85' lang='lat' dir='ltr'>lis,</span> <span class='ocrx_word' id='word_1_45' title='bbox 290 1133 459 1173; x_wconf 86' lang='lat' dir='ltr'>Romam</span> <span class='ocrx_word' id='word_1_46' title='bbox 486 1127 533 1169; x_wconf 85' lang='lat' dir='ltr'>ad</span> <span class='ocrx_word' id='word_1_47' title='bbox 548 1124 687 1167; x_wconf 82' lang='lat' dir='ltr'>ultima</span> <span class='ocrx_word' id='word_1_48' title='bbox 703 1123 879 1166; x_wconf 78' lang='lat' dir='ltr'>Comitia</span> <span class='ocrx_word' id='word_1_49' title='bbox 892 1122 1089 1179; x_wconf 84' lang='lat' dir='ltr'>generalia</span> <span class='ocrx_word' id='word_1_50' title='bbox 1100 1134 1206 1162; x_wconf 83' lang='lat' dir='ltr'>anno</span> 
     </span>
     <span class='ocr_line' id='line_1_11' title="bbox 211 1178 1204 1245; baseline -0.014 -13"><span class='ocrx_word' id='word_1_51' title='bbox 211 1189 390 1245; x_wconf 75' lang='lat' dir='ltr'>proxime</span> <span class='ocrx_word' id='word_1_52' title='bbox 402 1185 537 1241; x_wconf 88' lang='lat' dir='ltr'>elapso</span> <span class='ocrx_word' id='word_1_53' title='bbox 558 1195 675 1240; x_wconf 89' lang='lat'><strong>¹709·</strong></span> <span class='ocrx_word' id='word_1_54' title='bbox 702 1182 903 1225; x_wconf 88' lang='lat' dir='ltr'>celebrata</span> <span class='ocrx_word' id='word_1_55' title='bbox 926 1178 1175 1236; x_wconf 86' lang='lat' dir='ltr'>proficiscens</span> <span class='ocrx_word' id='word_1_56' title='bbox 1189 1207 1204 1228; x_wconf 95' lang='lat'>,</span> 
     </span>
     <span class='ocr_line' id='line_1_12' title="bbox 209 1238 1206 1296; baseline -0.013 -5"><span class='ocrx_word' id='word_1_57' title='bbox 209 1251 256 1291; x_wconf 86' lang='lat' dir='ltr'>P.</span> <span class='ocrx_word' id='word_1_58' title='bbox 284 1244 496 1290; x_wconf 84' lang='lat' dir='ltr'>Pacificum</span> <span class='ocrx_word' id='word_1_59' title='bbox 520 1241 807 1285; x_wconf 85' lang='lat' dir='ltr'>Dionatensem</span> <span class='ocrx_word' id='word_1_60' title='bbox 834 1238 1007 1296; x_wconf 83' lang='lat' dir='ltr'>ejusdem</span> <span class='ocrx_word' id='word_1_61' title='bbox 1036 1238 1206 1280; x_wconf 89' lang='lat' dir='ltr'>Provin-</span> 
     </span>
     <span class='ocr_line' id='line_1_13' title="bbox 210 1293 1204 1351; baseline -0.008 -4"><span class='ocrx_word' id='word_1_62' title='bbox 210 1305 276 1347; x_wconf 82' lang='lat' dir='ltr'>ciae</span> <span class='ocrx_word' id='word_1_63' title='bbox 297 1300 666 1347; x_wconf 82' lang='lat' dir='ltr'>ex-Provincialem</span> <span class='ocrx_word' id='word_1_64' title='bbox 681 1329 696 1351; x_wconf 83' lang='lat'><strong>,</strong></span> <span class='ocrx_word' id='word_1_65' title='bbox 727 1300 837 1340; x_wconf 88' lang='lat' dir='ltr'>suum</span> <span class='ocrx_word' id='word_1_66' title='bbox 854 1293 1204 1341; x_wconf 54' lang='lat' dir='ltr'>Commiffarium„</span> 
     </span>
     <span class='ocr_line' id='line_1_14' title="bbox 210 1355 1206 1415; baseline -0.011 -10"><span class='ocrx_word' id='word_1_67' title='bbox 210 1363 416 1405; x_wconf 86' lang='lat' dir='ltr'>constituit</span> <span class='ocrx_word' id='word_1_68' title='bbox 432 1387 447 1407; x_wconf 71' lang='lat' dir='ltr'>a</span> <span class='ocrx_word' id='word_1_69' title='bbox 481 1360 619 1415; x_wconf 82' lang='lat' dir='ltr'>illique</span> <span class='ocrx_word' id='word_1_70' title='bbox 633 1357 736 1405; x_wconf 84' lang='lat' dir='ltr'>suam</span> <span class='ocrx_word' id='word_1_71' title='bbox 751 1355 1021 1399; x_wconf 86' lang='lat' dir='ltr'>omnimodam</span> <span class='ocrx_word' id='word_1_72' title='bbox 1036 1355 1206 1395; x_wconf 65' lang='lat' dir='ltr'>austori-</span> 
     </span>
     <span class='ocr_line' id='line_1_15' title="bbox 210 1413 1203 1472; baseline -0.009 -10"><span class='ocrx_word' id='word_1_73' title='bbox 210 1431 335 1464; x_wconf 81' lang='lat' dir='ltr'>tatem</span> <span class='ocrx_word' id='word_1_74' title='bbox 362 1419 477 1461; x_wconf 90' lang='lat' dir='ltr'>dedit</span> <span class='ocrx_word' id='word_1_75' title='bbox 508 1432 581 1472; x_wconf 86' lang='lat' dir='ltr'>pro</span> <span class='ocrx_word' id='word_1_76' title='bbox 610 1416 801 1469; x_wconf 88' lang='lat' dir='ltr'>regimine</span> <span class='ocrx_word' id='word_1_77' title='bbox 831 1413 1080 1461; x_wconf 73' lang='lat' dir='ltr'>Provinciae,</span> <span class='ocrx_word' id='word_1_78' title='bbox 1112 1423 1203 1454; x_wconf 88' lang='lat' dir='ltr'>toto</span> 
     </span>
     <span class='ocr_line' id='line_1_16' title="bbox 208 1469 1202 1529; baseline -0.01 -8"><span class='ocrx_word' id='word_1_79' title='bbox 208 1479 284 1521; x_wconf 84' lang='lat' dir='ltr'>suae</span> <span class='ocrx_word' id='word_1_80' title='bbox 297 1477 476 1520; x_wconf 83' lang='lat' dir='ltr'>absentiae</span> <span class='ocrx_word' id='word_1_81' title='bbox 489 1484 675 1529; x_wconf 88' lang='lat' dir='ltr'>ternpore</span> <span class='ocrx_word' id='word_1_82' title='bbox 689 1500 703 1523; x_wconf 86' lang='lat'>‚</span> <span class='ocrx_word' id='word_1_83' title='bbox 733 1474 920 1528; x_wconf 85' lang='lat' dir='ltr'>mensque</span> <span class='ocrx_word' id='word_1_84' title='bbox 935 1469 1083 1526; x_wconf 79' lang='lat' dir='ltr'>praefati</span> <span class='ocrx_word' id='word_1_85' title='bbox 1101 1474 1202 1513; x_wconf 82' lang='lat' dir='ltr'>Pro-</span> 
     </span>
     <span class='ocr_line' id='line_1_17' title="bbox 210 1530 1201 1586; baseline -0.007 -8"><span class='ocrx_word' id='word_1_86' title='bbox 210 1535 389 1578; x_wconf 84' lang='lat' dir='ltr'>vincialis</span> <span class='ocrx_word' id='word_1_87' title='bbox 404 1562 418 1584; x_wconf 77' lang='lat'>‚</span> <span class='ocrx_word' id='word_1_88' title='bbox 432 1543 477 1576; x_wconf 89' lang='lat' dir='ltr'>ut</span> <span class='ocrx_word' id='word_1_89' title='bbox 492 1532 643 1575; x_wconf 81' lang='lat' dir='ltr'>constat</span> <span class='ocrx_word' id='word_1_90' title='bbox 657 1545 706 1573; x_wconf 83' lang='lat' dir='ltr'>ex</span> <span class='ocrx_word' id='word_1_91' title='bbox 720 1531 888 1586; x_wconf 87' lang='lat' dir='ltr'>epistolis</span> <span class='ocrx_word' id='word_1_92' title='bbox 902 1530 1009 1572; x_wconf 89' lang='lat' dir='ltr'>illius</span> <span class='ocrx_word' id='word_1_93' title='bbox 1030 1532 1201 1571; x_wconf 82' lang='lat' dir='ltr'>Romam</span> 
     </span>
     <span class='ocr_line' id='line_1_18' title="bbox 210 1587 1201 1639; baseline -0.008 -3"><span class='ocrx_word' id='word_1_94' title='bbox 210 1592 434 1637; x_wconf 69' lang='lat' dir='ltr'>transmissis</span> <span class='ocrx_word' id='word_1_95' title='bbox 450 1618 462 1639; x_wconf 81' lang='grc'>,</span> <span class='ocrx_word' id='word_1_96' title='bbox 493 1591 567 1633; x_wconf 90' lang='lat' dir='ltr'>fuit</span> <span class='ocrx_word' id='word_1_97' title='bbox 581 1589 747 1633; x_wconf 88' lang='lat' dir='ltr'>eandem</span> <span class='ocrx_word' id='word_1_98' title='bbox 765 1588 1045 1631; x_wconf 61' lang='lat' dir='ltr'>aufioritatem</span> <span class='ocrx_word' id='word_1_99' title='bbox 1060 1587 1201 1629; x_wconf 84' lang='lat' dir='ltr'>eidan-</span> 
     </span>
     <span class='ocr_line' id='line_1_19' title="bbox 210 1647 1200 1708; baseline -0.009 -12"><span class='ocrx_word' id='word_1_100' title='bbox 210 1654 250 1696; x_wconf 93' lang='lat' dir='ltr'>di</span> <span class='ocrx_word' id='word_1_101' title='bbox 266 1666 341 1708; x_wconf 89' lang='lat' dir='ltr'>pro</span> <span class='ocrx_word' id='word_1_102' title='bbox 357 1649 529 1694; x_wconf 88' lang='lat' dir='ltr'>Novitiis</span> <span class='ocrx_word' id='word_1_103' title='bbox 542 1649 590 1691; x_wconf 87' lang='lat' dir='ltr'>ad</span> <span class='ocrx_word' id='word_1_104' title='bbox 607 1648 796 1690; x_wconf 85' lang='lat' dir='ltr'>Ordinem</span> <span class='ocrx_word' id='word_1_105' title='bbox 813 1647 1098 1696; x_wconf 75' lang='lat' dir='ltr'>admittendi83</span> <span class='ocrx_word' id='word_1_106' title='bbox 1132 1659 1200 1687; x_wconf 88' lang='lat' dir='ltr'>ve-</span> 
     </span>
     <span class='ocr_line' id='line_1_20' title="bbox 209 1703 1198 1766; baseline -0.011 -13"><span class='ocrx_word' id='word_1_107' title='bbox 209 1711 296 1754; x_wconf 71' lang='lat' dir='ltr'>rum</span> <span class='ocrx_word' id='word_1_108' title='bbox 311 1710 425 1766; x_wconf 75' lang='lat' dir='ltr'>‚quia</span> <span class='ocrx_word' id='word_1_109' title='bbox 445 1709 588 1749; x_wconf 67' lang='lat' dir='ltr'>distam</span> <span class='ocrx_word' id='word_1_110' title='bbox 613 1704 714 1748; x_wconf 84' lang='lat' dir='ltr'>suam</span> <span class='ocrx_word' id='word_1_111' title='bbox 730 1713 902 1747; x_wconf 85' lang='lat' dir='ltr'>mentem</span> <span class='ocrx_word' id='word_1_112' title='bbox 918 1705 953 1745; x_wconf 92' lang='lat' dir='ltr'>in</span> <span class='ocrx_word' id='word_1_113' title='bbox 968 1703 1198 1746; x_wconf 85' lang='lat' dir='ltr'>commiffio-</span> 
     </span>
     <span class='ocr_line' id='line_1_21' title="bbox 209 1760 1193 1821; baseline -0.01 -10"><span class='ocrx_word' id='word_1_114' title='bbox 209 1784 262 1811; x_wconf 90' lang='lat' dir='ltr'>ne</span> <span class='ocrx_word' id='word_1_115' title='bbox 275 1769 406 1810; x_wconf 78' lang='lat' dir='ltr'>datam</span> <span class='ocrx_word' id='word_1_116' title='bbox 417 1780 490 1821; x_wconf 87' lang='lat' dir='ltr'>pro</span> <span class='ocrx_word' id='word_1_117' title='bbox 502 1767 572 1807; x_wconf 88' lang='lat' dir='ltr'>hac</span> <span class='ocrx_word' id='word_1_118' title='bbox 586 1765 848 1806; x_wconf 80' lang='lat' dir='ltr'>-Novitiorum</span> <span class='ocrx_word' id='word_1_119' title='bbox 862 1761 910 1802; x_wconf 89' lang='lat' dir='ltr'>ad</span> <span class='ocrx_word' id='word_1_120' title='bbox 919 1761 1095 1802; x_wconf 88' lang='lat' dir='ltr'>miffione</span> <span class='ocrx_word' id='word_1_121' title='bbox 1109 1760 1193 1816; x_wconf 85' lang='lat' dir='ltr'>spe·</span> 
     </span>
     <span class='ocr_line' id='line_1_22' title="bbox 205 1819 1194 1875; baseline -0.012 -3"><span class='ocrx_word' id='word_1_122' title='bbox 205 1829 362 1872; x_wconf 81' lang='lat' dir='ltr'>cialiter</span> <span class='ocrx_word' id='word_1_123' title='bbox 392 1838 472 1866; x_wconf 86' lang='lat' dir='ltr'>non</span> <span class='ocrx_word' id='word_1_124' title='bbox 510 1820 690 1875; x_wconf 79' lang='lat' dir='ltr'>expreflit</span> <span class='ocrx_word' id='word_1_125' title='bbox 720 1849 734 1869; x_wconf 91' lang='lat'><em>‚</em></span> <span class='ocrx_word' id='word_1_126' title='bbox 775 1819 936 1862; x_wconf 87' lang='lat' dir='ltr'>dubium</span> <span class='ocrx_word' id='word_1_127' title='bbox 971 1828 1104 1862; x_wconf 84' lang='lat' dir='ltr'>ortum</span> <span class='ocrx_word' id='word_1_128' title='bbox 1139 1819 1194 1860; x_wconf 88' lang='lat' dir='ltr'>est</span> 
     </span>
     <span class='ocr_line' id='line_1_23' title="bbox 207 1878 1193 1930; baseline -0.011 -1"><span class='ocrx_word' id='word_1_129' title='bbox 207 1887 318 1930; x_wconf 75' lang='lat' dir='ltr'>dicstis</span> <span class='ocrx_word' id='word_1_130' title='bbox 336 1882 517 1925; x_wconf 86' lang='lat' dir='ltr'>Patribus</span> <span class='ocrx_word' id='word_1_131' title='bbox 531 1893 579 1921; x_wconf 88' lang='lat' dir='ltr'>ex</span> <span class='ocrx_word' id='word_1_132' title='bbox 596 1879 766 1920; x_wconf 58' lang='lat' dir='ltr'>lenione</span> <span class='ocrx_word' id='word_1_133' title='bbox 787 1878 1071 1921; x_wconf 84' lang='lat' dir='ltr'>declarationis</span> <span class='ocrx_word' id='word_1_134' title='bbox 1089 1879 1129 1918; x_wconf 83' lang='lat' dir='ltr'>S.</span> <span class='ocrx_word' id='word_1_135' title='bbox 1141 1891 1193 1918; x_wconf 91' lang='lat' dir='ltr'>m.</span> 
     </span>
     <span class='ocr_line' id='line_1_24' title="bbox 206 1935 1196 1993; baseline -0.012 -5"><span class='ocrx_word' id='word_1_136' title='bbox 206 1943 364 1989; x_wconf 82' lang='lat' dir='ltr'>Nicolai</span> <span class='ocrx_word' id='word_1_137' title='bbox 391 1942 472 1983; x_wconf 88' lang='lat'>111.</span> <span class='ocrx_word' id='word_1_138' title='bbox 493 1952 577 1993; x_wconf 84' lang='lat' dir='ltr'>quae</span> <span class='ocrx_word' id='word_1_139' title='bbox 603 1937 734 1987; x_wconf 82' lang='lat' dir='ltr'>dicit,</span> <span class='ocrx_word' id='word_1_140' title='bbox 766 1935 971 1979; x_wconf 79' lang='lat' dir='ltr'>licentiam</span> <span class='ocrx_word' id='word_1_141' title='bbox 998 1935 1045 1979; x_wconf 91' lang='lat' dir='ltr'>ad</span> <span class='ocrx_word' id='word_1_142' title='bbox 1071 1935 1196 1978; x_wconf 83' lang='lat' dir='ltr'>Ordi-</span> 
     </span>
     <span class='ocr_line' id='line_1_25' title="bbox 209 1993 1196 2054; baseline -0.013 -7"><span class='ocrx_word' id='word_1_143' title='bbox 209 2017 301 2047; x_wconf 87' lang='lat' dir='ltr'>nem</span> <span class='ocrx_word' id='word_1_144' title='bbox 329 1997 545 2054; x_wconf 81' lang='lat' dir='ltr'>recipiendi</span> <span class='ocrx_word' id='word_1_145' title='bbox 575 1995 798 2050; x_wconf 80' lang='lat' dir='ltr'>specialiter</span> <span class='ocrx_word' id='word_1_146' title='bbox 825 1994 889 2036; x_wconf 90' lang='lat' dir='ltr'>seu</span> <span class='ocrx_word' id='word_1_147' title='bbox 916 1993 1097 2049; x_wconf 75' lang='lat' dir='ltr'>expresse</span> <span class='ocrx_word' id='word_1_148' title='bbox 1123 1994 1196 2035; x_wconf 90' lang='lat' dir='ltr'>Vi·</span> 
     </span>
     <span class='ocr_line' id='line_1_26' title="bbox 211 2052 1199 2103; baseline -0.014 1"><span class='ocrx_word' id='word_1_149' title='bbox 211 2061 330 2103; x_wconf 89' lang='lat' dir='ltr'>cariis</span> <span class='ocrx_word' id='word_1_150' title='bbox 365 2055 683 2099; x_wconf 84' lang='lat' dir='ltr'>Provincialibus</span> <span class='ocrx_word' id='word_1_151' title='bbox 718 2052 793 2095; x_wconf 79' lang='lat' dir='ltr'>effe</span> <span class='ocrx_word' id='word_1_152' title='bbox 836 2052 1168 2095; x_wconf 84' lang='lat' dir='ltr'>committendam</span> <span class='ocrx_word' id='word_1_153' title='bbox 1184 2080 1199 2103; x_wconf 83' lang='lat'>,</span> 
     </span>
     <span class='ocr_line' id='line_1_27' title="bbox 211 2109 1201 2173; baseline -0.007 -15"><span class='ocrx_word' id='word_1_154' title='bbox 211 2117 383 2173; x_wconf 80' lang='lat' dir='ltr'>quippe,</span> <span class='ocrx_word' id='word_1_155' title='bbox 413 2112 519 2169; x_wconf 92' lang='lat' dir='ltr'>quod</span> <span class='ocrx_word' id='word_1_156' title='bbox 537 2110 646 2153; x_wconf 87' lang='lat' dir='ltr'>illam</span> <span class='ocrx_word' id='word_1_157' title='bbox 670 2124 717 2151; x_wconf 87' lang='lat' dir='ltr'>ex</span> <span class='ocrx_word' id='word_1_158' title='bbox 741 2109 871 2152; x_wconf 83' lang='lat' dir='ltr'>officio</span> <span class='ocrx_word' id='word_1_159' title='bbox 897 2125 975 2152; x_wconf 93' lang='lat' dir='ltr'>non</span> <span class='ocrx_word' id='word_1_160' title='bbox 1006 2112 1201 2160; x_wconf 84' lang='lat' dir='ltr'>habeant,</span> 
     </span>
     <span class='ocr_line' id='line_1_28' title="bbox 212 2169 1202 2224; baseline -0.007 -7"><span class='ocrx_word' id='word_1_161' title='bbox 212 2189 264 2217; x_wconf 89' lang='lat' dir='ltr'>an</span> <span class='ocrx_word' id='word_1_162' title='bbox 281 2176 350 2216; x_wconf 86' lang='lat' dir='ltr'>Fr.</span> <span class='ocrx_word' id='word_1_163' title='bbox 369 2170 557 2215; x_wconf 85' lang='lat' dir='ltr'>Nicolaus</span> <span class='ocrx_word' id='word_1_164' title='bbox 574 2169 746 2212; x_wconf 89' lang='lat' dir='ltr'>Leodius</span> <span class='ocrx_word' id='word_1_165' title='bbox 761 2197 774 2220; x_wconf 90' lang='lat'>,</span> <span class='ocrx_word' id='word_1_166' title='bbox 796 2183 912 2222; x_wconf 88' lang='lat' dir='ltr'>quem</span> <span class='ocrx_word' id='word_1_167' title='bbox 932 2171 1202 2224; x_wconf 78' lang='lat' dir='ltr'>temporeiuae</span> 
     </span>
     <span class='ocr_line' id='line_1_29' title="bbox 214 2225 1197 2282; baseline -0.009 -6"><span class='ocrx_word' id='word_1_168' title='bbox 214 2229 501 2276; x_wconf 86' lang='lat' dir='ltr'>Commiffionis</span> <span class='ocrx_word' id='word_1_169' title='bbox 526 2225 707 2282; x_wconf 80' lang='lat' dir='ltr'>praefatus</span> <span class='ocrx_word' id='word_1_170' title='bbox 736 2230 779 2269; x_wconf 86' lang='grc' dir='ltr'>Ρ.</span> <span class='ocrx_word' id='word_1_171' title='bbox 796 2226 984 2270; x_wconf 77' lang='lat' dir='ltr'>Pacificus</span> <span class='ocrx_word' id='word_1_172' title='bbox 1013 2228 1060 2269; x_wconf 85' lang='lat' dir='ltr'>ad</span> <span class='ocrx_word' id='word_1_173' title='bbox 1078 2227 1197 2268; x_wconf 81' lang='lat' dir='ltr'>Habi-</span> 
     </span>
     <span class='ocr_line' id='line_1_30' title="bbox 213 2283 1199 2340; baseline -0.007 -8"><span class='ocrx_word' id='word_1_174' title='bbox 213 2283 298 2333; x_wconf 73' lang='lat' dir='ltr'>&#39;tum</span> <span class='ocrx_word' id='word_1_175' title='bbox 328 2286 477 2329; x_wconf 82' lang='lat' dir='ltr'>admifit</span> <span class='ocrx_word' id='word_1_176' title='bbox 501 2285 567 2327; x_wconf 88' lang='lat' dir='ltr'>die</span> <span class='ocrx_word' id='word_1_177' title='bbox 601 2298 661 2338; x_wconf 86' lang='lat'>¹4·</span> <span class='ocrx_word' id='word_1_178' title='bbox 690 2286 820 2339; x_wconf 86' lang='lat' dir='ltr'>April.</span> <span class='ocrx_word' id='word_1_179' title='bbox 846 2299 950 2327; x_wconf 80' lang='lat' dir='ltr'>anno</span> <span class='ocrx_word' id='word_1_180' title='bbox 972 2297 1087 2340; x_wconf 87' lang='lat'>¹709·</span> <span class='ocrx_word' id='word_1_181' title='bbox 1114 2285 1199 2338; x_wconf 85' lang='lat' dir='ltr'>post</span> 
     </span>
     <span class='ocr_line' id='line_1_31' title="bbox 213 2342 1199 2400; baseline -0.007 -8"><span class='ocrx_word' id='word_1_182' title='bbox 213 2360 356 2392; x_wconf 85' lang='lat' dir='ltr'>annum</span> <span class='ocrx_word' id='word_1_183' title='bbox 384 2344 624 2400; x_wconf 86' lang='lat' dir='ltr'>probationis</span> <span class='ocrx_word' id='word_1_184' title='bbox 650 2343 851 2396; x_wconf 84' lang='lat' dir='ltr'>expletum</span> <span class='ocrx_word' id='word_1_185' title='bbox 873 2373 888 2394; x_wconf 92' lang='lat'>,</span> <span class='ocrx_word' id='word_1_186' title='bbox 920 2343 1032 2396; x_wconf 87' lang='lat' dir='ltr'>poffit</span> <span class='ocrx_word' id='word_1_187' title='bbox 1066 2342 1199 2385; x_wconf 75' lang='lat' dir='ltr'>valide</span> 
     </span>
     <span class='ocr_line' id='line_1_32' title="bbox 213 2400 1199 2456; baseline -0.005 -8"><span class='ocrx_word' id='word_1_188' title='bbox 213 2402 500 2449; x_wconf 82' lang='lat' dir='ltr'>Profeffionem</span> <span class='ocrx_word' id='word_1_189' title='bbox 522 2401 740 2444; x_wconf 84' lang='lat' dir='ltr'>emittere?</span> <span class='ocrx_word' id='word_1_190' title='bbox 773 2404 854 2442; x_wconf 88' lang='lat' dir='ltr'>Pro</span> <span class='ocrx_word' id='word_1_191' title='bbox 878 2400 987 2456; x_wconf 87' lang='lat' dir='ltr'>cujus</span> <span class='ocrx_word' id='word_1_192' title='bbox 1008 2401 1115 2443; x_wconf 90' lang='lat' dir='ltr'>dubii</span> <span class='ocrx_word' id='word_1_193' title='bbox 1134 2415 1199 2443; x_wconf 90' lang='lat' dir='ltr'>re-</span> 
     </span>
    </p>
   </div>
   <div class='ocr_carea' id='block_1_7' title="bbox 2054 272 2212 355">
    <p class='ocr_par' dir='ltr' id='par_1_8' title="bbox 2054 272 2212 355">
     <span class='ocr_line' id='line_1_33' title="bbox 2054 272 2212 355; baseline 0.032 -29"><span class='ocrx_word' id='word_1_194' title='bbox 2054 272 2212 355; x_wconf 88' lang='lat'>119</span> 
     </span>
    </p>
   </div>
   <div class='ocr_carea' id='block_1_8' title="bbox 1262 368 2265 769">
    <p class='ocr_par' dir='ltr' id='par_1_9' title="bbox 1262 368 2265 769">
     <span class='ocr_line' id='line_1_34' title="bbox 1268 368 2263 429; baseline 0.005 -22"><span class='ocrx_word' id='word_1_195' title='bbox 1268 371 1391 426; x_wconf 70' lang='lat' dir='ltr'>Epist.</span> <span class='ocrx_word' id='word_1_196' title='bbox 1414 371 1466 419; x_wconf 59' lang='grc' dir='ltr'>(φ</span> <span class='ocrx_word' id='word_1_197' title='bbox 1485 368 1668 425; x_wconf 83' lang='lat' dir='ltr'>Regular.</span> <span class='ocrx_word' id='word_1_198' title='bbox 1688 369 1895 425; x_wconf 79' lang='lat' dir='ltr'>praepofi&#39;ta</span> <span class='ocrx_word' id='word_1_199' title='bbox 1906 369 2068 424; x_wconf 80' lang='lat' dir='ltr'>benigne</span> <span class='ocrx_word' id='word_1_200' title='bbox 2079 378 2263 429; x_wconf 63' lang='lat' dir='ltr'>commisit</span> 
     </span>
     <span class='ocr_line' id='line_1_35' title="bbox 1271 425 2265 483; baseline -0.001 -13"><span class='ocrx_word' id='word_1_201' title='bbox 1271 432 1385 471; x_wconf 82' lang='lat' dir='ltr'>Patri</span> <span class='ocrx_word' id='word_1_202' title='bbox 1398 429 1581 469; x_wconf 84' lang='lat' dir='ltr'>Generali</span> <span class='ocrx_word' id='word_1_203' title='bbox 1590 425 1775 483; x_wconf 70' lang='lat' dir='ltr'>praedt&#39;bi&#39;i</span> <span class='ocrx_word' id='word_1_204' title='bbox 1789 431 1946 471; x_wconf 82' lang='lat' dir='ltr'>Ordinis</span> <span class='ocrx_word' id='word_1_205' title='bbox 1959 460 1974 480; x_wconf 90' lang='lat'>,</span> <span class='ocrx_word' id='word_1_206' title='bbox 2006 441 2051 469; x_wconf 85' lang='lat' dir='ltr'>ut</span> <span class='ocrx_word' id='word_1_207' title='bbox 2071 431 2172 471; x_wconf 84' lang='lat' dir='ltr'>veris</span> <span class='ocrx_word' id='word_1_208' title='bbox 2184 437 2265 472; x_wconf 81' lang='lat' dir='ltr'>exi.</span> 
     </span>
     <span class='ocr_line' id='line_1_36' title="bbox 1263 485 2265 541; baseline 0.003 -15"><span class='ocrx_word' id='word_1_209' title='bbox 1263 485 1446 538; x_wconf 74' lang='lat' dir='ltr'>flentibus</span> <span class='ocrx_word' id='word_1_210' title='bbox 1463 488 1637 532; x_wconf 80' lang='lat' dir='ltr'>narratis</span> <span class='ocrx_word' id='word_1_211' title='bbox 1655 512 1668 534; x_wconf 91' lang='lat'>,</span> <span class='ocrx_word' id='word_1_212' title='bbox 1693 487 1908 537; x_wconf 67' lang='lat' dir='ltr'>praefatam</span> <span class='ocrx_word' id='word_1_213' title='bbox 1936 496 2183 541; x_wconf 64' lang='lat' dir='ltr'>receptionem</span> <span class='ocrx_word' id='word_1_214' title='bbox 2203 490 2265 529; x_wconf 81' lang='lat' dir='ltr'>di-</span> 
     </span>
     <span class='ocr_line' id='line_1_37' title="bbox 1266 541 2264 602; baseline 0.003 -17"><span class='ocrx_word' id='word_1_215' title='bbox 1266 542 1320 585; x_wconf 60' lang='lat'>&amp;72</span> <span class='ocrx_word' id='word_1_216' title='bbox 1347 545 1418 584; x_wconf 87' lang='lat' dir='ltr'>Fr.</span> <span class='ocrx_word' id='word_1_217' title='bbox 1444 543 1600 585; x_wconf 84' lang='lat' dir='ltr'>Nicolai</span> <span class='ocrx_word' id='word_1_218' title='bbox 1623 541 1677 584; x_wconf 82' lang='lat' dir='ltr'>ad</span> <span class='ocrx_word' id='word_1_219' title='bbox 1700 541 1889 584; x_wconf 80' lang='lat' dir='ltr'>Habitum</span> <span class='ocrx_word' id='word_1_220' title='bbox 1909 555 1982 597; x_wconf 85' lang='lat' dir='ltr'>pro</span> <span class='ocrx_word' id='word_1_221' title='bbox 1992 546 2071 602; x_wconf 65' lang='grc' dir='ltr'>βω</span> <span class='ocrx_word' id='word_1_222' title='bbox 2093 547 2264 589; x_wconf 80' lang='lat' dir='ltr'>arbitrt‘o</span> 
     </span>
     <span class='ocr_line' id='line_1_38' title="bbox 1264 599 2260 657; baseline 0.005 -17"><span class='ocrx_word' id='word_1_223' title='bbox 1264 600 1312 646; x_wconf 62' lang='grc' dir='ltr'>ις’</span> <span class='ocrx_word' id='word_1_224' title='bbox 1333 601 1564 657; x_wconf 79' lang='lat' dir='ltr'>confi-ientia</span> <span class='ocrx_word' id='word_1_225' title='bbox 1585 599 1640 641; x_wconf 85' lang='lat' dir='ltr'>ad</span> <span class='ocrx_word' id='word_1_226' title='bbox 1656 602 1845 641; x_wconf 80' lang='lat' dir='ltr'>cautelam</span> <span class='ocrx_word' id='word_1_227' title='bbox 1859 601 1976 657; x_wconf 85' lang='lat' dir='ltr'>sanet</span> <span class='ocrx_word' id='word_1_228' title='bbox 1989 632 2003 652; x_wconf 89' lang='lat'>,</span> <span class='ocrx_word' id='word_1_229' title='bbox 2043 617 2087 644; x_wconf 84' lang='lat' dir='ltr'>ac</span> <span class='ocrx_word' id='word_1_230' title='bbox 2117 609 2260 647; x_wconf 81' lang='lat' dir='ltr'>revali-</span> 
     </span>
     <span class='ocr_line' id='line_1_39' title="bbox 1262 656 2264 717; baseline 0.01 -22"><span class='ocrx_word' id='word_1_231' title='bbox 1262 656 1325 696; x_wconf 75' lang='lat' dir='ltr'>det</span> <span class='ocrx_word' id='word_1_232' title='bbox 1353 684 1368 707; x_wconf 84' lang='lat'><strong>,</strong></span> <span class='ocrx_word' id='word_1_233' title='bbox 1401 670 1476 699; x_wconf 81' lang='lat' dir='ltr'>nen</span> <span class='ocrx_word' id='word_1_234' title='bbox 1500 657 1734 702; x_wconf 69' lang='lat' dir='ltr'>obstantibus</span> <span class='ocrx_word' id='word_1_235' title='bbox 1758 656 2046 717; x_wconf 77' lang='lat' dir='ltr'>quibustunque</span> <span class='ocrx_word' id='word_1_236' title='bbox 2075 663 2158 711; x_wconf 58' lang='lat' dir='ltr'>&amp;a</span> <span class='ocrx_word' id='word_1_237' title='bbox 2184 666 2264 706; x_wconf 87' lang='lat' dir='ltr'><em>Ro-.</em></span> 
     </span>
     <span class='ocr_line' id='line_1_40' title="bbox 1263 715 2121 769; baseline 0.001 -14"><span class='ocrx_word' id='word_1_238' title='bbox 1263 726 1334 755; x_wconf 78' lang='lat' dir='ltr'>mae</span> <span class='ocrx_word' id='word_1_239' title='bbox 1350 725 1390 765; x_wconf 89' lang='lat'>3.</span> <span class='ocrx_word' id='word_1_240' title='bbox 1409 717 1539 769; x_wconf 83' lang='lat' dir='ltr'>April.</span> <span class='ocrx_word' id='word_1_241' title='bbox 1560 727 1684 766; x_wconf 88' lang='lat'>1710.</span> <span class='ocrx_word' id='word_1_242' title='bbox 2118 715 2121 718; x_wconf 77' lang='grc'>’</span> 
     </span>
    </p>
   </div>
   <div class='ocr_carea' id='block_1_9' title="bbox 1403 830 1878 897">
    <p class='ocr_par' dir='ltr' id='par_1_10' title="bbox 1403 830 1878 897">
     <span class='ocr_line' id='line_1_41' title="bbox 1403 830 1878 897; baseline -0.002 -18"><span class='ocrx_word' id='word_1_243' title='bbox 1403 830 1461 879; x_wconf 87' lang='lat' dir='ltr'>G.</span> <span class='ocrx_word' id='word_1_244' title='bbox 1486 830 1612 881; x_wconf 85' lang='lat' dir='ltr'>Card.</span> <span class='ocrx_word' id='word_1_245' title='bbox 1632 832 1878 897; x_wconf 83' lang='lat' dir='ltr'>Carpineus.</span> 
     </span>
    </p>
   </div>
   <div class='ocr_carea' id='block_1_10' title="bbox 1495 943 2188 1003">
    <p class='ocr_par' dir='ltr' id='par_1_11' title="bbox 1495 943 2188 1003">
     <span class='ocr_line' id='line_1_42' title="bbox 1495 943 2188 1003; baseline 0.003 -12"><span class='ocrx_word' id='word_1_246' title='bbox 1495 948 1612 991; x_wconf 84' lang='lat' dir='ltr'>Ferd.</span> <span class='ocrx_word' id='word_1_247' title='bbox 1628 948 1807 1003; x_wconf 60' lang='lat' dir='ltr'>Archia-p.</span> <span class='ocrx_word' id='word_1_248' title='bbox 1822 949 1990 991; x_wconf 69' lang='lat' dir='ltr'>Nica-nus</span> <span class='ocrx_word' id='word_1_249' title='bbox 2005 953 2146 993; x_wconf 83' lang='lat' dir='ltr'>Secret.</span> <span class='ocrx_word' id='word_1_250' title='bbox 2184 943 2188 947; x_wconf 46' lang='lat'><em>⁶</em></span> 
     </span>
    </p>
   </div>
   <div class='ocr_carea' id='block_1_11' title="bbox 2150 1085 2264 1101">
    <p class='ocr_par' dir='ltr' id='par_1_12' title="bbox 2150 1085 2264 1101">
     <span class='ocr_line' id='line_1_43' title="bbox 2150 1085 2264 1101; baseline 0.026 -3"><span class='ocrx_word' id='word_1_251' title='bbox 2150 1085 2264 1101; x_wconf 69' lang='lat' dir='ltr'>n—</span> 
     </span>
    </p>
   </div>
   <div class='ocr_carea' id='block_1_12' title="bbox 1267 1087 1553 1101">
    <p class='ocr_par' dir='ltr' id='par_1_13' title="bbox 1267 1087 1553 1101">
     <span class='ocr_line' id='line_1_44' title="bbox 1267 1087 1553 1101; baseline 0 3155"><span class='ocrx_word' id='word_1_252' title='bbox 1267 1087 1553 1101; x_wconf 95' lang='lat' dir='ltr'> </span> 
     </span>
    </p>
   </div>
   <div class='ocr_carea' id='block_1_13' title="bbox 1554 1085 1920 1102">
    <p class='ocr_par' dir='ltr' id='par_1_14' title="bbox 1554 1085 1920 1102">
     <span class='ocr_line' id='line_1_45' title="bbox 1554 1085 1920 1102; baseline 0.005 -2"><span class='ocrx_word' id='word_1_253' title='bbox 1554 1085 1920 1102; x_wconf 74' lang='lat'><em>———-</em></span> 
     </span>
    </p>
   </div>
   <div class='ocr_carea' id='block_1_14' title="bbox 1922 1087 2150 1103">
    <p class='ocr_par' dir='ltr' id='par_1_15' title="bbox 1922 1087 2150 1103">
     <span class='ocr_line' id='line_1_46' title="bbox 1922 1087 2150 1103; baseline 0 3153"><span class='ocrx_word' id='word_1_254' title='bbox 1922 1087 2150 1103; x_wconf 95' lang='lat' dir='ltr'> </span> 
     </span>
    </p>
   </div>
   <div class='ocr_carea' id='block_1_15' title="bbox 1414 1135 2115 1367">
    <p class='ocr_par' dir='ltr' id='par_1_16' title="bbox 1414 1135 2115 1367">
     <span class='ocr_line' id='line_1_47' title="bbox 1524 1135 2013 1251; baseline 0.006 -29"><span class='ocrx_word' id='word_1_255' title='bbox 1524 1135 1581 1222; x_wconf 15' lang='lat' dir='ltr'>‘D</span> <span class='ocrx_word' id='word_1_256' title='bbox 1610 1183 1644 1223; x_wconf 89' lang='lat' dir='ltr'><strong>E</strong></span> <span class='ocrx_word' id='word_1_257' title='bbox 1676 1184 1714 1224; x_wconf 91' lang='lat' dir='ltr'>C</span> <span class='ocrx_word' id='word_1_258' title='bbox 1747 1184 1785 1224; x_wconf 88' lang='lat' dir='ltr'>R</span> <span class='ocrx_word' id='word_1_259' title='bbox 1818 1183 1851 1224; x_wconf 86' lang='lat' dir='ltr'><strong>E</strong></span> <span class='ocrx_word' id='word_1_260' title='bbox 1885 1183 1921 1224; x_wconf 86' lang='lat' dir='ltr'>T</span> <span class='ocrx_word' id='word_1_261' title='bbox 1951 1184 2013 1251; x_wconf 59' lang='grc' dir='ltr'>ΟΓ</span> 
     </span>
     <span class='ocr_line' id='line_1_48' title="bbox 1414 1296 2115 1367; baseline 0.006 -22"><span class='ocrx_word' id='word_1_262' title='bbox 1414 1296 1459 1347; x_wconf 84' lang='lat' dir='ltr'>S.</span> <span class='ocrx_word' id='word_1_263' title='bbox 1485 1299 1683 1367; x_wconf 86' lang='lat' dir='ltr'>Congreg.</span> <span class='ocrx_word' id='word_1_264' title='bbox 1717 1297 1854 1366; x_wconf 67' lang='lat' dir='ltr'>El&#39;fi&#39;·</span> <span class='ocrx_word' id='word_1_265' title='bbox 1880 1299 1934 1347; x_wconf 63' lang='grc' dir='ltr'>ὁ·</span> <span class='ocrx_word' id='word_1_266' title='bbox 1960 1298 2115 1367; x_wconf 83' lang='lat' dir='ltr'>Regul.</span> 
     </span>
    </p>
   </div>
   <div class='ocr_carea' id='block_1_16' title="bbox 1264 1423 2266 1684">
    <p class='ocr_par' dir='ltr' id='par_1_17' title="bbox 1264 1423 2266 1684">
     <span class='ocr_line' id='line_1_49' title="bbox 1264 1423 2265 1494; baseline -0.002 -15"><span class='ocrx_word' id='word_1_267' title='bbox 1264 1423 1413 1479; x_wconf 84' lang='lat' dir='ltr'>Causa</span> <span class='ocrx_word' id='word_1_268' title='bbox 1449 1426 1751 1494; x_wconf 85' lang='lat' dir='ltr'>praecedentiae</span> <span class='ocrx_word' id='word_1_269' title='bbox 1792 1429 1909 1476; x_wconf 88' lang='lat' dir='ltr'>inter</span> <span class='ocrx_word' id='word_1_270' title='bbox 1937 1428 2141 1477; x_wconf 87' lang='lat' dir='ltr'>Clericos</span> <span class='ocrx_word' id='word_1_271' title='bbox 2168 1430 2265 1477; x_wconf 86' lang='lat' dir='ltr'>No·</span> 
     </span>
     <span class='ocr_line' id='line_1_50' title="bbox 1332 1494 2266 1554; baseline 0 -9"><span class='ocrx_word' id='word_1_272' title='bbox 1332 1498 1467 1545; x_wconf 91' lang='lat' dir='ltr'>vitios</span> <span class='ocrx_word' id='word_1_273' title='bbox 1485 1532 1501 1554; x_wconf 92' lang='lat'><strong>,</strong></span> <span class='ocrx_word' id='word_1_274' title='bbox 1522 1496 1568 1547; x_wconf 72' lang='lat' dir='ltr'>&lt;Sc</span> <span class='ocrx_word' id='word_1_275' title='bbox 1599 1499 1757 1545; x_wconf 88' lang='lat' dir='ltr'>Laicos</span> <span class='ocrx_word' id='word_1_276' title='bbox 1789 1494 2009 1544; x_wconf 83' lang='lat' dir='ltr'>Profeffos</span> <span class='ocrx_word' id='word_1_277' title='bbox 2034 1498 2090 1543; x_wconf 88' lang='lat' dir='ltr'>ad</span> <span class='ocrx_word' id='word_1_278' title='bbox 2107 1500 2155 1545; x_wconf 91' lang='lat' dir='ltr'>P.</span> <span class='ocrx_word' id='word_1_279' title='bbox 2173 1501 2266 1546; x_wconf 86' lang='lat' dir='ltr'>Mi-</span> 
     </span>
     <span class='ocr_line' id='line_1_51' title="bbox 1329 1565 2265 1624; baseline 0.002 -10"><span class='ocrx_word' id='word_1_280' title='bbox 1329 1565 1518 1614; x_wconf 87' lang='lat' dir='ltr'>nistrum</span> <span class='ocrx_word' id='word_1_281' title='bbox 1555 1565 1825 1614; x_wconf 78' lang='lat' dir='ltr'>Gener-alem</span> <span class='ocrx_word' id='word_1_282' title='bbox 1861 1566 2143 1624; x_wconf 84' lang='lat' dir='ltr'>remittitur,</span> <span class='ocrx_word' id='word_1_283' title='bbox 2180 1568 2265 1616; x_wconf 68' lang='lat' dir='ltr'>im,</span> 
     </span>
     <span class='ocr_line' id='line_1_52' title="bbox 1328 1633 2065 1684; baseline 0.001 -2"><span class='ocrx_word' id='word_1_284' title='bbox 1328 1634 1431 1682; x_wconf 64' lang='lat' dir='ltr'>aaa</span> <span class='ocrx_word' id='word_1_285' title='bbox 1457 1633 1722 1683; x_wconf 79' lang='lat' dir='ltr'>visitationis</span> <span class='ocrx_word' id='word_1_286' title='bbox 1749 1634 2034 1684; x_wconf 87' lang='lat' dir='ltr'>terminanda</span> <span class='ocrx_word' id='word_1_287' title='bbox 2053 1670 2065 1683; x_wconf 90' lang='lat'><strong>.</strong></span> 
     </span>
    </p>
   </div>
   <div class='ocr_carea' id='block_1_17' title="bbox 1254 1756 2265 2459">
    <p class='ocr_par' dir='ltr' id='par_1_18' title="bbox 1327 1756 2263 1810">
     <span class='ocr_line' id='line_1_53' title="bbox 1327 1756 2263 1810; baseline 0.004 -10"><span class='ocrx_word' id='word_1_288' title='bbox 1327 1763 1367 1804; x_wconf 90' lang='lat' dir='ltr'>N</span> <span class='ocrx_word' id='word_1_289' title='bbox 1382 1756 1996 1810; x_wconf 81' lang='lat' dir='ltr'>causaLeodien.Praecedentiae,</span> <span class='ocrx_word' id='word_1_290' title='bbox 2009 1768 2192 1805; x_wconf 87' lang='lat' dir='ltr'>vertente</span> <span class='ocrx_word' id='word_1_291' title='bbox 2206 1762 2263 1804; x_wconf 90' lang='lat' dir='ltr'>in-</span> 
     </span>
    </p>

    <p class='ocr_par' dir='ltr' id='par_1_19' title="bbox 1256 1818 2265 2049">
     <span class='ocr_line' id='line_1_54' title="bbox 1341 1818 2265 1864; baseline 0.003 -3"><span class='ocrx_word' id='word_1_292' title='bbox 1341 1828 1406 1861; x_wconf 82' lang='lat' dir='ltr'>ter</span> <span class='ocrx_word' id='word_1_293' title='bbox 1432 1820 1593 1861; x_wconf 83' lang='lat' dir='ltr'>Fratres</span> <span class='ocrx_word' id='word_1_294' title='bbox 1623 1822 1766 1861; x_wconf 88' lang='lat' dir='ltr'>Laicos</span> <span class='ocrx_word' id='word_1_295' title='bbox 1792 1818 1984 1862; x_wconf 82' lang='lat' dir='ltr'>Profeffos</span> <span class='ocrx_word' id='word_1_296' title='bbox 2002 1820 2168 1863; x_wconf 87' lang='lat' dir='ltr'>Ordinis</span> <span class='ocrx_word' id='word_1_297' title='bbox 2184 1826 2265 1864; x_wconf 85' lang='lat' dir='ltr'>Ca-</span> 
     </span>
     <span class='ocr_line' id='line_1_55' title="bbox 1256 1878 2265 1930; baseline 0.006 -15"><span class='ocrx_word' id='word_1_298' title='bbox 1256 1878 1508 1930; x_wconf 71' lang='lat' dir='ltr'>poemorum,</span> <span class='ocrx_word' id='word_1_299' title='bbox 1525 1878 1746 1921; x_wconf 86' lang='lat' dir='ltr'>Provinciae</span> <span class='ocrx_word' id='word_1_300' title='bbox 1775 1879 1985 1921; x_wconf 67' lang='lat' dir='ltr'>Leodiensl</span> <span class='ocrx_word' id='word_1_301' title='bbox 2008 1893 2057 1920; x_wconf 86' lang='lat' dir='ltr'>ex</span> <span class='ocrx_word' id='word_1_302' title='bbox 2084 1892 2159 1920; x_wconf 88' lang='lat' dir='ltr'>una</span> <span class='ocrx_word' id='word_1_303' title='bbox 2185 1907 2199 1930; x_wconf 87' lang='lat'>‚</span> <span class='ocrx_word' id='word_1_304' title='bbox 2224 1881 2265 1921; x_wconf 75' lang='grc' dir='ltr'>δι</span> 
     </span>
     <span class='ocr_line' id='line_1_56' title="bbox 1258 1934 2264 1993; baseline 0.002 -15"><span class='ocrx_word' id='word_1_305' title='bbox 1258 1935 1450 1978; x_wconf 84' lang='lat' dir='ltr'>Clericos</span> <span class='ocrx_word' id='word_1_306' title='bbox 1480 1949 1557 1977; x_wconf 90' lang='lat' dir='ltr'>non</span> <span class='ocrx_word' id='word_1_307' title='bbox 1585 1934 1779 1979; x_wconf 75' lang='lat' dir='ltr'>Professus</span> <span class='ocrx_word' id='word_1_308' title='bbox 1804 1936 1982 1993; x_wconf 85' lang='lat' dir='ltr'>ejusdem</span> <span class='ocrx_word' id='word_1_309' title='bbox 2009 1937 2200 1989; x_wconf 79' lang='lat' dir='ltr'>Ordinis,</span> <span class='ocrx_word' id='word_1_310' title='bbox 2222 1940 2264 1980; x_wconf 88' lang='lat'>&amp;</span> 
     </span>
     <span class='ocr_line' id='line_1_57' title="bbox 1259 1994 1943 2049; baseline 0.001 -13"><span class='ocrx_word' id='word_1_311' title='bbox 1259 1996 1482 2039; x_wconf 85' lang='lat' dir='ltr'>Provinciae</span> <span class='ocrx_word' id='word_1_312' title='bbox 1494 1994 1672 2049; x_wconf 87' lang='lat' dir='ltr'>partibus</span> <span class='ocrx_word' id='word_1_313' title='bbox 1687 2025 1703 2046; x_wconf 88' lang='lat'><strong>,</strong></span> <span class='ocrx_word' id='word_1_314' title='bbox 1738 1997 1777 2037; x_wconf 72' lang='grc' dir='ltr'>δι</span> <span class='ocrx_word' id='word_1_315' title='bbox 1795 1996 1918 2038; x_wconf 86' lang='lat' dir='ltr'>altera</span> <span class='ocrx_word' id='word_1_316' title='bbox 1932 2025 1943 2037; x_wconf 85' lang='grc'><strong>.</strong></span> 
     </span>
    </p>

    <p class='ocr_par' dir='ltr' id='par_1_20' title="bbox 1254 2052 2265 2459">
     <span class='ocr_line' id='line_1_58' title="bbox 1320 2052 2264 2110; baseline 0.002 -16"><span class='ocrx_word' id='word_1_317' title='bbox 1320 2056 1442 2095; x_wconf 75' lang='lat' dir='ltr'>,Sacra</span> <span class='ocrx_word' id='word_1_318' title='bbox 1479 2057 1733 2108; x_wconf 84' lang='lat' dir='ltr'>Congregatio</span> <span class='ocrx_word' id='word_1_319' title='bbox 1760 2052 2147 2110; x_wconf 79' lang='lat' dir='ltr'>Eminentifflmorum</span> <span class='ocrx_word' id='word_1_320' title='bbox 2174 2083 2189 2106; x_wconf 81' lang='lat'><strong>,</strong></span> <span class='ocrx_word' id='word_1_321' title='bbox 2215 2055 2264 2102; x_wconf 63' lang='grc' dir='ltr'>Θ*</span> 
     </span>
     <span class='ocr_line' id='line_1_59' title="bbox 1263 2109 2264 2168; baseline 0.001 -15"><span class='ocrx_word' id='word_1_322' title='bbox 1263 2109 1668 2166; x_wconf 78' lang='lat' dir='ltr'>Reverendisp‘morum</span> <span class='ocrx_word' id='word_1_323' title='bbox 1684 2116 1722 2153; x_wconf 79' lang='lat' dir='ltr'>S.</span> <span class='ocrx_word' id='word_1_324' title='bbox 1739 2115 1786 2155; x_wconf 89' lang='lat' dir='ltr'>R.</span> <span class='ocrx_word' id='word_1_325' title='bbox 1802 2117 1846 2155; x_wconf 87' lang='grc' dir='ltr'>Ε.</span> <span class='ocrx_word' id='word_1_326' title='bbox 1863 2115 2128 2156; x_wconf 80' lang='lat' dir='ltr'>Cardinalittm</span> <span class='ocrx_word' id='word_1_327' title='bbox 2151 2127 2264 2168; x_wconf 86' lang='lat' dir='ltr'>nego-</span> 
     </span>
     <span class='ocr_line' id='line_1_60' title="bbox 1254 2169 2260 2229; baseline 0.002 -19"><span class='ocrx_word' id='word_1_328' title='bbox 1254 2172 1375 2224; x_wconf 84' lang='lat' dir='ltr'>gotiis</span> <span class='ocrx_word' id='word_1_329' title='bbox 1402 2198 1416 2220; x_wconf 85' lang='lat'>‚</span> <span class='ocrx_word' id='word_1_330' title='bbox 1453 2169 1500 2217; x_wconf 67' lang='lat'>&amp;⁵</span> <span class='ocrx_word' id='word_1_331' title='bbox 1531 2170 1883 2227; x_wconf 67' lang='lat' dir='ltr'>consbltattonibus</span> <span class='ocrx_word' id='word_1_332' title='bbox 1916 2172 2184 2229; x_wconf 83' lang='lat' dir='ltr'>Epifioporum</span> <span class='ocrx_word' id='word_1_333' title='bbox 2211 2172 2260 2219; x_wconf 62' lang='grc' dir='ltr'>δ’</span> 
     </span>
     <span class='ocr_line' id='line_1_61' title="bbox 1262 2229 2265 2284; baseline 0.001 -14"><span class='ocrx_word' id='word_1_334' title='bbox 1262 2229 1517 2284; x_wconf 84' lang='lat' dir='ltr'>Regularium</span> <span class='ocrx_word' id='word_1_335' title='bbox 1547 2229 1751 2283; x_wconf 78' lang='lat' dir='ltr'>Praepofi&#39;ta</span> <span class='ocrx_word' id='word_1_336' title='bbox 1775 2257 1790 2280; x_wconf 78' lang='lat'>,</span> <span class='ocrx_word' id='word_1_337' title='bbox 1815 2230 1951 2270; x_wconf 87' lang='lat' dir='ltr'>audito</span> <span class='ocrx_word' id='word_1_338' title='bbox 1984 2232 2096 2269; x_wconf 85' lang='lat' dir='ltr'>Patre</span> <span class='ocrx_word' id='word_1_339' title='bbox 2125 2232 2265 2271; x_wconf 85' lang='lat' dir='ltr'>Procu-</span> 
     </span>
     <span class='ocr_line' id='line_1_62' title="bbox 1261 2285 2260 2342; baseline -0.001 -14"><span class='ocrx_word' id='word_1_340' title='bbox 1261 2297 1394 2329; x_wconf 86' lang='lat' dir='ltr'>ratore</span> <span class='ocrx_word' id='word_1_341' title='bbox 1423 2287 1607 2328; x_wconf 84' lang='lat' dir='ltr'>Generali</span> <span class='ocrx_word' id='word_1_342' title='bbox 1632 2287 1788 2328; x_wconf 78' lang='lat' dir='ltr'>Ordinis</span> <span class='ocrx_word' id='word_1_343' title='bbox 1815 2313 1829 2335; x_wconf 66' lang='lat'><em>2</em></span> <span class='ocrx_word' id='word_1_344' title='bbox 1870 2287 1918 2334; x_wconf 60' lang='grc' dir='ltr'>δ’</span> <span class='ocrx_word' id='word_1_345' title='bbox 1938 2285 2129 2342; x_wconf 79' lang='lat' dir='ltr'>perpensis</span> <span class='ocrx_word' id='word_1_346' title='bbox 2149 2286 2260 2342; x_wconf 80' lang='lat' dir='ltr'>juri-</span> 
     </span>
     <span class='ocr_line' id='line_1_63' title="bbox 1261 2343 2263 2400; baseline -0.001 -14"><span class='ocrx_word' id='word_1_347' title='bbox 1261 2346 1329 2386; x_wconf 84' lang='lat' dir='ltr'>bus</span> <span class='ocrx_word' id='word_1_348' title='bbox 1344 2374 1358 2395; x_wconf 82' lang='lat'>‚</span> <span class='ocrx_word' id='word_1_349' title='bbox 1383 2357 1429 2386; x_wconf 86' lang='lat' dir='ltr'>ac</span> <span class='ocrx_word' id='word_1_350' title='bbox 1453 2343 1670 2386; x_wconf 78' lang='lat' dir='ltr'>rationibus</span> <span class='ocrx_word' id='word_1_351' title='bbox 1685 2353 1758 2398; x_wconf 84' lang='lat' dir='ltr'>per</span> <span class='ocrx_word' id='word_1_352' title='bbox 1776 2343 1906 2386; x_wconf 85' lang='lat' dir='ltr'>Laicos</span> <span class='ocrx_word' id='word_1_353' title='bbox 1931 2344 2185 2400; x_wconf 78' lang='lat' dir='ltr'>informantes</span> <span class='ocrx_word' id='word_1_354' title='bbox 2199 2345 2263 2385; x_wconf 85' lang='lat' dir='ltr'>de-</span> 
     </span>
     <span class='ocr_line' id='line_1_64' title="bbox 1266 2401 2261 2459; baseline 0 -15"><span class='ocrx_word' id='word_1_355' title='bbox 1266 2403 1387 2446; x_wconf 70' lang='lat' dir='ltr'>dafiis</span> <span class='ocrx_word' id='word_1_356' title='bbox 1400 2429 1414 2452; x_wconf 85' lang='lat'>‚</span> <span class='ocrx_word' id='word_1_357' title='bbox 1430 2403 1626 2459; x_wconf 72' lang='lat' dir='ltr'>referente</span> <span class='ocrx_word' id='word_1_358' title='bbox 1645 2401 1938 2459; x_wconf 75' lang='lat' dir='ltr'>Eminentiffimo</span> <span class='ocrx_word' id='word_1_359' title='bbox 1954 2404 2155 2445; x_wconf 78' lang='lat' dir='ltr'>Gualterio</span> <span class='ocrx_word' id='word_1_360' title='bbox 2173 2415 2261 2444; x_wconf 87' lang='lat' dir='ltr'>cen-</span> 
     </span>
    </p>
   </div>
   <div class='ocr_carea' id='block_1_18' title="bbox 211 2458 2261 2632">
    <p class='ocr_par' dir='ltr' id='par_1_21' title="bbox 211 2458 2261 2632">
     <span class='ocr_line' id='line_1_65' title="bbox 213 2458 2261 2517; baseline -0.001 -12"><span class='ocrx_word' id='word_1_361' title='bbox 213 2463 406 2505; x_wconf 88' lang='lat' dir='ltr'>solutione</span> <span class='ocrx_word' id='word_1_362' title='bbox 417 2489 432 2511; x_wconf 84' lang='lat'>,</span> <span class='ocrx_word' id='word_1_363' title='bbox 460 2463 497 2502; x_wconf 89' lang='lat'>&amp;</span> <span class='ocrx_word' id='word_1_364' title='bbox 521 2459 679 2515; x_wconf 89' lang='lat' dir='ltr'>quidem</span> <span class='ocrx_word' id='word_1_365' title='bbox 704 2458 752 2500; x_wconf 88' lang='lat' dir='ltr'>ad</span> <span class='ocrx_word' id='word_1_366' title='bbox 769 2459 956 2514; x_wconf 85' lang='lat' dir='ltr'>majorem</span> <span class='ocrx_word' id='word_1_367' title='bbox 972 2461 1170 2502; x_wconf 78' lang='lat' dir='ltr'>cautelam</span> <span class='ocrx_word' id='word_1_368' title='bbox 1186 2487 1201 2509; x_wconf 79' lang='lat'>‚</span> <span class='ocrx_word' id='word_1_369' title='bbox 1246 2462 1341 2516; x_wconf 67' lang='lat' dir='ltr'>fiaeit</span> <span class='ocrx_word' id='word_1_370' title='bbox 1354 2489 1368 2511; x_wconf 87' lang='lat'>‚</span> <span class='ocrx_word' id='word_1_371' title='bbox 1399 2473 1443 2502; x_wconf 87' lang='lat' dir='ltr'>ac</span> <span class='ocrx_word' id='word_1_372' title='bbox 1455 2461 1624 2504; x_wconf 84' lang='lat' dir='ltr'>decrevit</span> <span class='ocrx_word' id='word_1_373' title='bbox 1637 2463 1764 2501; x_wconf 84' lang='lat' dir='ltr'>omnia</span> <span class='ocrx_word' id='word_1_374' title='bbox 1780 2461 2019 2502; x_wconf 86' lang='lat' dir='ltr'>remittenda</span> <span class='ocrx_word' id='word_1_375' title='bbox 2032 2460 2126 2517; x_wconf 73' lang='lat' dir='ltr'>effe,</span> <span class='ocrx_word' id='word_1_376' title='bbox 2137 2469 2261 2514; x_wconf 83' lang='lat' dir='ltr'>prout</span> 
     </span>
     <span class='ocr_line' id='line_1_66' title="bbox 211 2516 2260 2574; baseline -0.002 -12"><span class='ocrx_word' id='word_1_377' title='bbox 211 2534 303 2564; x_wconf 89' lang='lat' dir='ltr'>cum</span> <span class='ocrx_word' id='word_1_378' title='bbox 325 2535 374 2563; x_wconf 87' lang='lat' dir='ltr'>ex</span> <span class='ocrx_word' id='word_1_379' title='bbox 390 2517 610 2560; x_wconf 80' lang='lat' dir='ltr'>testimonio</span> <span class='ocrx_word' id='word_1_380' title='bbox 636 2516 831 2558; x_wconf 60' lang='lat' dir='ltr'>dierorum</span> <span class='ocrx_word' id='word_1_381' title='bbox 857 2519 1018 2559; x_wconf 79' lang='lat' dir='ltr'>Parrum</span> <span class='ocrx_word' id='word_1_382' title='bbox 1037 2521 1080 2560; x_wconf 85' lang='lat' dir='ltr'>P.</span> <span class='ocrx_word' id='word_1_383' title='bbox 1100 2520 1200 2559; x_wconf 82' lang='lat' dir='ltr'>Pro-</span> <span class='ocrx_word' id='word_1_384' title='bbox 1252 2519 1507 2574; x_wconf 64' lang='lat' dir='ltr'>praa-mium</span> <span class='ocrx_word' id='word_1_385' title='bbox 1521 2528 1649 2560; x_wconf 82' lang='lat' dir='ltr'>tenore</span> <span class='ocrx_word' id='word_1_386' title='bbox 1661 2517 1823 2573; x_wconf 67' lang='lat' dir='ltr'>benigne</span> <span class='ocrx_word' id='word_1_387' title='bbox 1835 2518 1982 2574; x_wconf 78' lang='lat' dir='ltr'>remisit</span> <span class='ocrx_word' id='word_1_388' title='bbox 1997 2521 2050 2560; x_wconf 87' lang='lat' dir='ltr'>ad</span> <span class='ocrx_word' id='word_1_389' title='bbox 2064 2521 2260 2562; x_wconf 54' lang='lat' dir='ltr'>Petram„</span> 
     </span>
     <span class='ocr_line' id='line_1_67' title="bbox 211 2566 2258 2632; baseline -0.003 -10"><span class='ocrx_word' id='word_1_390' title='bbox 211 2577 386 2622; x_wconf 86' lang='lat' dir='ltr'>curatori</span> <span class='ocrx_word' id='word_1_391' title='bbox 402 2566 596 2619; x_wconf 57' lang='lat' dir='ltr'>Generffli</span> <span class='ocrx_word' id='word_1_392' title='bbox 618 2575 798 2624; x_wconf 80' lang='lat' dir='ltr'>constet,</span> <span class='ocrx_word' id='word_1_393' title='bbox 830 2573 1031 2627; x_wconf 85' lang='lat' dir='ltr'>praefatum</span> <span class='ocrx_word' id='word_1_394' title='bbox 1046 2578 1109 2617; x_wconf 88' lang='lat' dir='ltr'>Fr.</span> <span class='ocrx_word' id='word_1_395' title='bbox 1127 2577 1199 2618; x_wconf 87' lang='lat' dir='ltr'>Ni·</span> <span class='ocrx_word' id='word_1_396' title='bbox 1258 2576 1490 2631; x_wconf 84' lang='lat' dir='ltr'>Ministrum</span> <span class='ocrx_word' id='word_1_397' title='bbox 1525 2578 1754 2618; x_wconf 58' lang='lat' dir='ltr'>Gen-*ratem</span> <span class='ocrx_word' id='word_1_398' title='bbox 1800 2579 1843 2617; x_wconf 85' lang='lat' dir='ltr'>in</span> <span class='ocrx_word' id='word_1_399' title='bbox 1878 2578 1968 2618; x_wconf 61' lang='lat' dir='ltr'>abiu</span> <span class='ocrx_word' id='word_1_400' title='bbox 1987 2576 2217 2632; x_wconf 76' lang='lat' dir='ltr'>vsstatioms</span> <span class='ocrx_word' id='word_1_401' title='bbox 2243 2606 2258 2629; x_wconf 85' lang='lat'>,</span> 
     </span>
    </p>
   </div>
   <div class='ocr_carea' id='block_1_19' title="bbox 209 2631 1198 2858">
    <p class='ocr_par' dir='ltr' id='par_1_22' title="bbox 209 2631 1198 2858">
     <span class='ocr_line' id='line_1_68' title="bbox 211 2631 1197 2680; baseline -0.002 -1"><span class='ocrx_word' id='word_1_402' title='bbox 211 2637 368 2679; x_wconf 82' lang='lat' dir='ltr'>colaum</span> <span class='ocrx_word' id='word_1_403' title='bbox 386 2635 442 2680; x_wconf 87' lang='lat' dir='ltr'>ad</span> <span class='ocrx_word' id='word_1_404' title='bbox 467 2635 656 2677; x_wconf 86' lang='lat' dir='ltr'>Ordinem</span> <span class='ocrx_word' id='word_1_405' title='bbox 680 2631 785 2676; x_wconf 67' lang='lat' dir='ltr'>bona</span> <span class='ocrx_word' id='word_1_406' title='bbox 819 2631 899 2676; x_wconf 85' lang='lat' dir='ltr'>fide</span> <span class='ocrx_word' id='word_1_407' title='bbox 925 2634 966 2676; x_wconf 86' lang='lat' dir='ltr'>in</span> <span class='ocrx_word' id='word_1_408' title='bbox 992 2634 1197 2677; x_wconf 62' lang='lat' dir='ltr'>absentia-„2</span> 
     </span>
     <span class='ocr_line' id='line_1_69' title="bbox 209 2688 1198 2742; baseline -0.001 -8"><span class='ocrx_word' id='word_1_409' title='bbox 209 2694 257 2734; x_wconf 86' lang='lat' dir='ltr'>P.</span> <span class='ocrx_word' id='word_1_410' title='bbox 282 2692 545 2738; x_wconf 89' lang='lat' dir='ltr'>Provincialis</span> <span class='ocrx_word' id='word_1_411' title='bbox 570 2688 678 2733; x_wconf 82' lang='lat' dir='ltr'>fuisse</span> <span class='ocrx_word' id='word_1_412' title='bbox 710 2689 912 2733; x_wconf 77' lang='lat' dir='ltr'>admissum</span> <span class='ocrx_word' id='word_1_413' title='bbox 936 2721 952 2742; x_wconf 91' lang='lat'>,</span> <span class='ocrx_word' id='word_1_414' title='bbox 985 2693 1198 2734; x_wconf 90' lang='lat' dir='ltr'>annuenti-</span> 
     </span>
     <span class='ocr_line' id='line_1_70' title="bbox 209 2747 1198 2804; baseline 0.001 -13"><span class='ocrx_word' id='word_1_415' title='bbox 209 2751 283 2791; x_wconf 89' lang='lat' dir='ltr'>bus</span> <span class='ocrx_word' id='word_1_416' title='bbox 310 2750 471 2804; x_wconf 86' lang='lat' dir='ltr'>quidem</span> <span class='ocrx_word' id='word_1_417' title='bbox 484 2748 663 2790; x_wconf 89' lang='lat' dir='ltr'>omnibus</span> <span class='ocrx_word' id='word_1_418' title='bbox 681 2747 996 2800; x_wconf 84' lang='lat' dir='ltr'>Definitoribus,</span> <span class='ocrx_word' id='word_1_419' title='bbox 1026 2764 1198 2803; x_wconf 88' lang='lat' dir='ltr'>eumque</span> 
     </span>
     <span class='ocr_line' id='line_1_71' title="bbox 209 2805 1192 2858; baseline -0.002 -7"><span class='ocrx_word' id='word_1_420' title='bbox 209 2805 462 2851; x_wconf 79' lang='lat' dir='ltr'>laudabiliter</span> <span class='ocrx_word' id='word_1_421' title='bbox 502 2818 644 2846; x_wconf 84' lang='lat' dir='ltr'>annum</span> <span class='ocrx_word' id='word_1_422' title='bbox 675 2807 919 2858; x_wconf 87' lang='lat' dir='ltr'>probationis</span> <span class='ocrx_word' id='word_1_423' title='bbox 955 2805 1192 2858; x_wconf 77' lang='lat' dir='ltr'>absolvisse,</span> 
     </span>
    </p>
   </div>
   <div class='ocr_carea' id='block_1_20' title="bbox 1257 2631 2258 2748">
    <p class='ocr_par' dir='ltr' id='par_1_23' title="bbox 1257 2631 2258 2748">
     <span class='ocr_line' id='line_1_72' title="bbox 1259 2631 2258 2691; baseline 0 -15"><span class='ocrx_word' id='word_1_424' title='bbox 1259 2639 1377 2678; x_wconf 88' lang='lat' dir='ltr'>etiam</span> <span class='ocrx_word' id='word_1_425' title='bbox 1390 2647 1474 2676; x_wconf 88' lang='lat' dir='ltr'>cum</span> <span class='ocrx_word' id='word_1_426' title='bbox 1478 2631 1745 2690; x_wconf 82' lang='lat' dir='ltr'>facultatibus</span> <span class='ocrx_word' id='word_1_427' title='bbox 1766 2634 1928 2690; x_wconf 72' lang='lat' dir='ltr'>ejusHem</span> <span class='ocrx_word' id='word_1_428' title='bbox 1946 2638 2074 2680; x_wconf 77' lang='lat' dir='ltr'>Sacrae</span> <span class='ocrx_word' id='word_1_429' title='bbox 2090 2638 2258 2691; x_wconf 81' lang='lat' dir='ltr'>Congre-</span> 
     </span>
     <span class='ocr_line' id='line_1_73' title="bbox 1257 2692 1970 2748; baseline 0.001 -14"><span class='ocrx_word' id='word_1_430' title='bbox 1257 2694 1438 2748; x_wconf 84' lang='lat' dir='ltr'>gationis.</span> <span class='ocrx_word' id='word_1_431' title='bbox 1454 2695 1584 2735; x_wconf 79' lang='lat' dir='ltr'>Romae</span> <span class='ocrx_word' id='word_1_432' title='bbox 1597 2705 1619 2734; x_wconf 88' lang='lat'><em>2</em></span> <span class='ocrx_word' id='word_1_433' title='bbox 1630 2706 1665 2735; x_wconf 86' lang='lat'>1.</span> <span class='ocrx_word' id='word_1_434' title='bbox 1676 2692 1830 2735; x_wconf 80' lang='lat' dir='ltr'>Martii</span> <span class='ocrx_word' id='word_1_435' title='bbox 1849 2704 1895 2742; x_wconf 88' lang='lat'>17</span> <span class='ocrx_word' id='word_1_436' title='bbox 1907 2704 1970 2740; x_wconf 86' lang='lat'>15·</span> 
     </span>
    </p>
   </div>
   <div class='ocr_carea' id='block_1_21' title="bbox 1429 2809 1536 2852">
    <p class='ocr_par' dir='ltr' id='par_1_24' title="bbox 1429 2809 1536 2852">
     <span class='ocr_line' id='line_1_74' title="bbox 1429 2809 1536 2852; baseline -0.037 0"><span class='ocrx_word' id='word_1_437' title='bbox 1429 2811 1477 2852; x_wconf 90' lang='lat' dir='ltr'>L.</span> <span class='ocrx_word' id='word_1_438' title='bbox 1493 2809 1536 2850; x_wconf 86' lang='lat' dir='ltr'>S.</span> 
     </span>
    </p>
   </div>
   <div class='ocr_carea' id='block_1_22' title="bbox 209 2861 1269 2920">
    <p class='ocr_par' dir='ltr' id='par_1_25' title="bbox 209 2861 1269 2920">
     <span class='ocr_line' id='line_1_75' title="bbox 209 2861 1269 2920; baseline -0.004 -11"><span class='ocrx_word' id='word_1_439' title='bbox 209 2882 255 2909; x_wconf 89' lang='lat' dir='ltr'>ac</span> <span class='ocrx_word' id='word_1_440' title='bbox 280 2861 507 2920; x_wconf 68' lang='lat' dir='ltr'>nuperrime</span> <span class='ocrx_word' id='word_1_441' title='bbox 536 2862 710 2903; x_wconf 88' lang='lat' dir='ltr'>omnium</span> <span class='ocrx_word' id='word_1_442' title='bbox 738 2863 838 2902; x_wconf 85' lang='lat' dir='ltr'>votis</span> <span class='ocrx_word' id='word_1_443' title='bbox 873 2877 946 2917; x_wconf 85' lang='lat' dir='ltr'>pro</span> <span class='ocrx_word' id='word_1_444' title='bbox 976 2866 1197 2907; x_wconf 87' lang='lat' dir='ltr'>emittenda</span> <span class='ocrx_word' id='word_1_445' title='bbox 1266 2893 1269 2895; x_wconf 95' lang='lat'>-</span> 
     </span>
    </p>
   </div>
   <div class='ocr_carea' id='block_1_23' title="bbox 210 2916 1200 3032">
    <p class='ocr_par' dir='ltr' id='par_1_26' title="bbox 210 2916 1200 3032">
     <span class='ocr_line' id='line_1_76' title="bbox 210 2916 838 2968; baseline -0.016 0"><span class='ocrx_word' id='word_1_446' title='bbox 210 2921 453 2968; x_wconf 84' lang='lat' dir='ltr'>Profeffione</span> <span class='ocrx_word' id='word_1_447' title='bbox 474 2917 584 2959; x_wconf 81' lang='lat' dir='ltr'>fuiffe</span> <span class='ocrx_word' id='word_1_448' title='bbox 609 2916 811 2958; x_wconf 79' lang='lat' dir='ltr'>admissum</span> <span class='ocrx_word' id='word_1_449' title='bbox 827 2947 838 2958; x_wconf 87' lang='lat'><strong>.</strong></span> 
     </span>
     <span class='ocr_line' id='line_1_77' title="bbox 272 2975 1200 3032; baseline -0.005 -9"><span class='ocrx_word' id='word_1_450' title='bbox 272 2984 393 3023; x_wconf 80' lang='lat' dir='ltr'>Sacra</span> <span class='ocrx_word' id='word_1_451' title='bbox 409 2976 665 3031; x_wconf 80' lang='lat' dir='ltr'>congregatio</span> <span class='ocrx_word' id='word_1_452' title='bbox 680 2978 804 3018; x_wconf 84' lang='lat' dir='ltr'>Emin.</span> <span class='ocrx_word' id='word_1_453' title='bbox 818 2987 862 3016; x_wconf 88' lang='lat' dir='ltr'>ac</span> <span class='ocrx_word' id='word_1_454' title='bbox 877 2975 1200 3032; x_wconf 57' lang='lat' dir='ltr'>Reverendifflmm</span> 
     </span>
    </p>
   </div>
   <div class='ocr_carea' id='block_1_24' title="bbox 213 3032 1277 3089">
    <p class='ocr_par' dir='ltr' id='par_1_27' title="bbox 213 3032 1277 3089">
     <span class='ocr_line' id='line_1_78' title="bbox 213 3032 1277 3089; baseline -0.008 -6"><span class='ocrx_word' id='word_1_455' title='bbox 213 3053 304 3083; x_wconf 88' lang='lat' dir='ltr'>rum</span> <span class='ocrx_word' id='word_1_456' title='bbox 322 3042 360 3079; x_wconf 74' lang='lat' dir='ltr'>S.</span> <span class='ocrx_word' id='word_1_457' title='bbox 374 3041 428 3082; x_wconf 83' lang='lat' dir='ltr'>R.</span> <span class='ocrx_word' id='word_1_458' title='bbox 444 3040 489 3080; x_wconf 85' lang='grc' dir='ltr'>Ε.</span> <span class='ocrx_word' id='word_1_459' title='bbox 513 3032 783 3080; x_wconf 74' lang='lat' dir='ltr'>cardinalitim</span> <span class='ocrx_word' id='word_1_460' title='bbox 796 3042 920 3087; x_wconf 82' lang='lat' dir='ltr'>negot.</span> <span class='ocrx_word' id='word_1_461' title='bbox 937 3034 984 3080; x_wconf 61' lang='grc' dir='ltr'>θ’</span> <span class='ocrx_word' id='word_1_462' title='bbox 997 3036 1199 3089; x_wconf 81' lang='lat' dir='ltr'>consultat.</span> <span class='ocrx_word' id='word_1_463' title='bbox 1271 3074 1277 3080; x_wconf 79' lang='grc'><em>,</em></span> 
     </span>
    </p>
   </div>
   <div class='ocr_carea' id='block_1_25' title="bbox 1612 2920 2181 2975">
    <p class='ocr_par' dir='ltr' id='par_1_28' title="bbox 1612 2920 2181 2975">
     <span class='ocr_line' id='line_1_79' title="bbox 1612 2920 2181 2975; baseline 0.009 -5"><span class='ocrx_word' id='word_1_464' title='bbox 1612 2920 1670 2970; x_wconf 91' lang='grc' dir='ltr'>Τ.</span> <span class='ocrx_word' id='word_1_465' title='bbox 1691 2920 1927 2969; x_wconf 81' lang='lat' dir='ltr'>Cardinalis</span> <span class='ocrx_word' id='word_1_466' title='bbox 1945 2922 1994 2971; x_wconf 83' lang='lat' dir='ltr'>de</span> <span class='ocrx_word' id='word_1_467' title='bbox 2010 2922 2181 2975; x_wconf 84' lang='lat' dir='ltr'>Abdua.</span> 
     </span>
    </p>
   </div>
   <div class='ocr_carea' id='block_1_26' title="bbox 1491 3035 2057 3089">
    <p class='ocr_par' dir='ltr' id='par_1_29' title="bbox 1491 3035 2057 3089">
     <span class='ocr_line' id='line_1_80' title="bbox 1491 3035 2057 3089; baseline 0.002 -8"><span class='ocrx_word' id='word_1_468' title='bbox 1491 3035 1541 3081; x_wconf 80' lang='lat' dir='ltr'>F.</span> <span class='ocrx_word' id='word_1_469' title='bbox 1558 3038 1609 3089; x_wconf 72' lang='lat' dir='ltr'>A,</span> <span class='ocrx_word' id='word_1_470' title='bbox 1622 3039 1784 3082; x_wconf 84' lang='lat' dir='ltr'>Nitenus</span> <span class='ocrx_word' id='word_1_471' title='bbox 1799 3043 2033 3084; x_wconf 77' lang='lat' dir='ltr'>secretarius</span> <span class='ocrx_word' id='word_1_472' title='bbox 2045 3070 2057 3082; x_wconf 92' lang='lat'><strong>.</strong></span> 
     </span>
    </p>
   </div>
   <div class='ocr_carea' id='block_1_27' title="bbox 1031 3151 1440 3216">
    <p class='ocr_par' dir='ltr' id='par_1_30' title="bbox 1031 3151 1440 3216">
     <span class='ocr_line' id='line_1_81' title="bbox 1031 3151 1440 3216; baseline 0.005 -2"><span class='ocrx_word' id='word_1_473' title='bbox 1031 3151 1440 3216; x_wconf 89' lang='lat' dir='ltr'>NOTA.</span> 
     </span>
    </p>
   </div>
   <div class='ocr_carea' id='block_1_28' title="bbox 214 3246 1510 3339">
    <p class='ocr_par' dir='ltr' id='par_1_31' title="bbox 214 3246 1510 3341">
     <span class='ocr_line' id='line_1_82' title="bbox 214 3246 1510 3339; baseline -0.002 -8"><span class='ocrx_word' id='word_1_474' title='bbox 214 3246 306 3334; x_wconf 88' lang='lat' dir='ltr'>V</span> <span class='ocrx_word' id='word_1_475' title='bbox 329 3295 429 3339; x_wconf 83' lang='lat' dir='ltr'>Igore</span> <span class='ocrx_word' id='word_1_476' title='bbox 442 3288 543 3339; x_wconf 86' lang='lat' dir='ltr'>hujus</span> <span class='ocrx_word' id='word_1_477' title='bbox 552 3288 722 3327; x_wconf 74' lang='lat' dir='ltr'>facultatis</span> <span class='ocrx_word' id='word_1_478' title='bbox 735 3298 924 3326; x_wconf 85' lang='lat' dir='ltr'>emanatum</span> <span class='ocrx_word' id='word_1_479' title='bbox 937 3288 985 3325; x_wconf 82' lang='lat' dir='ltr'>est</span> <span class='ocrx_word' id='word_1_480' title='bbox 1007 3291 1188 3326; x_wconf 86' lang='lat' dir='ltr'>Decretum</span> <span class='ocrx_word' id='word_1_481' title='bbox 1203 3311 1216 3333; x_wconf 87' lang='lat'><strong>,</strong></span> <span class='ocrx_word' id='word_1_482' title='bbox 1239 3290 1332 3336; x_wconf 86' lang='lat' dir='ltr'>quod</span> <span class='ocrx_word' id='word_1_483' title='bbox 1344 3290 1510 3338; x_wconf 88' lang='lat' dir='ltr'>sequitur.</span> 
     </span>
    </p>
   </div>
   <div class='ocr_carea' id='block_1_29' title="bbox 919 3385 1550 3439">
    <p class='ocr_par' dir='ltr' id='par_1_32' title="bbox 919 3385 1550 3439">
     <span class='ocr_line' id='line_1_83' title="bbox 919 3385 1550 3439; baseline 0.006 -5"><span class='ocrx_word' id='word_1_484' title='bbox 919 3385 972 3438; x_wconf 82' lang='lat' dir='ltr'>In</span> <span class='ocrx_word' id='word_1_485' title='bbox 1002 3390 1158 3435; x_wconf 87' lang='lat' dir='ltr'>nomine</span> <span class='ocrx_word' id='word_1_486' title='bbox 1185 3386 1366 3436; x_wconf 80' lang='lat' dir='ltr'>Domini</span> <span class='ocrx_word' id='word_1_487' title='bbox 1393 3389 1550 3439; x_wconf 76' lang='lat' dir='ltr'>Amen.</span> 
     </span>
    </p>
   </div>
   <div class='ocr_carea' id='block_1_30' title="bbox 413 3489 2055 3604">
    <p class='ocr_par' dir='ltr' id='par_1_33' title="bbox 413 3489 2055 3604">
     <span class='ocr_line' id='line_1_84' title="bbox 413 3489 2055 3553; baseline 0.006 -21"><span class='ocrx_word' id='word_1_488' title='bbox 413 3493 491 3550; x_wconf 87' lang='lat' dir='ltr'>Nos</span> <span class='ocrx_word' id='word_1_489' title='bbox 506 3493 649 3535; x_wconf 83' lang='lat' dir='ltr'>Frater</span> <span class='ocrx_word' id='word_1_490' title='bbox 664 3490 838 3534; x_wconf 71' lang='lat' dir='ltr'>Michae&#39;l</span> <span class='ocrx_word' id='word_1_491' title='bbox 849 3492 1015 3546; x_wconf 83' lang='lat' dir='ltr'>Angelus</span> <span class='ocrx_word' id='word_1_492' title='bbox 1034 3491 1063 3531; x_wconf 73' lang='grc' dir='ltr'><em>ἅ</em></span> <span class='ocrx_word' id='word_1_493' title='bbox 1073 3491 1291 3546; x_wconf 79' lang='lat' dir='ltr'>Ragusto,F</span> <span class='ocrx_word' id='word_1_494' title='bbox 1294 3494 1327 3535; x_wconf 85' lang='lat' dir='ltr'>F</span> <span class='ocrx_word' id='word_1_495' title='bbox 1330 3521 1340 3532; x_wconf 93' lang='lat'>.</span> <span class='ocrx_word' id='word_1_496' title='bbox 1349 3489 1450 3532; x_wconf 83' lang='lat' dir='ltr'>Min.</span> <span class='ocrx_word' id='word_1_497' title='bbox 1465 3494 1550 3534; x_wconf 82' lang='lat' dir='ltr'>s.P.</span> <span class='ocrx_word' id='word_1_498' title='bbox 1568 3495 1763 3553; x_wconf 78' lang='lat' dir='ltr'>Francisti</span> <span class='ocrx_word' id='word_1_499' title='bbox 1777 3498 2055 3551; x_wconf 82' lang='lat' dir='ltr'>Capueinorum</span> 
     </span>
     <span class='ocr_line' id='line_1_85' title="bbox 1027 3548 1441 3604; baseline -0.007 -12"><span class='ocrx_word' id='word_1_500' title='bbox 1027 3548 1208 3604; x_wconf 83' lang='lat' dir='ltr'>Minister</span> <span class='ocrx_word' id='word_1_501' title='bbox 1222 3550 1418 3591; x_wconf 84' lang='lat' dir='ltr'>Generalis</span> <span class='ocrx_word' id='word_1_502' title='bbox 1430 3578 1441 3589; x_wconf 90' lang='lat'><strong>.</strong></span> 
     </span>
    </p>
   </div>
   <div class='ocr_carea' id='block_1_31' title="bbox 217 3648 2260 3856">
    <p class='ocr_par' dir='ltr' id='par_1_34' title="bbox 217 3648 2260 3856">
     <span class='ocr_line' id='line_1_86' title="bbox 313 3648 2252 3713; baseline 0.007 -26"><span class='ocrx_word' id='word_1_503' title='bbox 313 3648 514 3699; x_wconf 67' lang='lat' dir='ltr'>Praefhntato</span> <span class='ocrx_word' id='word_1_504' title='bbox 524 3654 600 3690; x_wconf 87' lang='lat' dir='ltr'>olim</span> <span class='ocrx_word' id='word_1_505' title='bbox 613 3656 743 3691; x_wconf 82' lang='lat' dir='ltr'>nomine</span> <span class='ocrx_word' id='word_1_506' title='bbox 755 3653 915 3691; x_wconf 81' lang='lat' dir='ltr'>Fratrum</span> <span class='ocrx_word' id='word_1_507' title='bbox 929 3654 1106 3692; x_wconf 84' lang='lat' dir='ltr'>Laicorum</span> <span class='ocrx_word' id='word_1_508' title='bbox 1119 3655 1367 3702; x_wconf 60' lang='lat' dir='ltr'>capuanorum</span> <span class='ocrx_word' id='word_1_509' title='bbox 1381 3654 1483 3704; x_wconf 80' lang='lat' dir='ltr'>hujus</span> <span class='ocrx_word' id='word_1_510' title='bbox 1495 3655 1638 3693; x_wconf 83' lang='lat' dir='ltr'>Leodien</span> <span class='ocrx_word' id='word_1_511' title='bbox 1650 3670 1676 3693; x_wconf 83' lang='lat'>15</span> <span class='ocrx_word' id='word_1_512' title='bbox 1690 3658 1885 3697; x_wconf 78' lang='lat' dir='ltr'>Provineiae</span> <span class='ocrx_word' id='word_1_513' title='bbox 1900 3661 2165 3713; x_wconf 77' lang='lat' dir='ltr'>Eminentiffimis</span> <span class='ocrx_word' id='word_1_514' title='bbox 2176 3688 2189 3708; x_wconf 95' lang='lat'>,</span> <span class='ocrx_word' id='word_1_515' title='bbox 2213 3676 2252 3700; x_wconf 81' lang='lat' dir='ltr'>ac</span> 
     </span>
     <span class='ocr_line' id='line_1_87' title="bbox 218 3697 2256 3760; baseline 0.003 -27"><span class='ocrx_word' id='word_1_516' title='bbox 218 3697 508 3748; x_wconf 71' lang='lat' dir='ltr'>Reverendiffimis</span> <span class='ocrx_word' id='word_1_517' title='bbox 518 3702 601 3739; x_wconf 93' lang='lat' dir='ltr'>DD.</span> <span class='ocrx_word' id='word_1_518' title='bbox 620 3702 866 3740; x_wconf 81' lang='lat' dir='ltr'>Cardinalibus</span> <span class='ocrx_word' id='word_1_519' title='bbox 880 3703 993 3739; x_wconf 73' lang='lat' dir='ltr'>Sacra:</span> <span class='ocrx_word' id='word_1_520' title='bbox 1007 3703 1289 3749; x_wconf 60' lang='lat' dir='ltr'>Congregationis</span> <span class='ocrx_word' id='word_1_521' title='bbox 1296 3703 1401 3750; x_wconf 80' lang='lat' dir='ltr'>super</span> <span class='ocrx_word' id='word_1_522' title='bbox 1415 3704 1559 3750; x_wconf 83' lang='lat' dir='ltr'>negotiis</span> <span class='ocrx_word' id='word_1_523' title='bbox 1572 3705 1804 3753; x_wconf 68' lang='lat' dir='ltr'>Episcoporum</span> <span class='ocrx_word' id='word_1_524' title='bbox 1816 3733 1827 3749; x_wconf 86' lang='lat'><strong>‚</strong></span> <span class='ocrx_word' id='word_1_525' title='bbox 1838 3710 1880 3750; x_wconf 67' lang='grc' dir='ltr'>ὼ·</span> <span class='ocrx_word' id='word_1_526' title='bbox 1893 3708 2118 3757; x_wconf 84' lang='lat' dir='ltr'>Regularium</span> <span class='ocrx_word' id='word_1_527' title='bbox 2125 3711 2256 3760; x_wconf 66' lang='lat' dir='ltr'>suppli.</span> 
     </span>
     <span class='ocr_line' id='line_1_88' title="bbox 220 3745 2260 3807; baseline 0.006 -26"><span class='ocrx_word' id='word_1_528' title='bbox 220 3748 252 3781; x_wconf 82' lang='lat' dir='ltr'>ci</span> <span class='ocrx_word' id='word_1_529' title='bbox 265 3745 375 3782; x_wconf 84' lang='lat' dir='ltr'>libello</span> <span class='ocrx_word' id='word_1_530' title='bbox 387 3771 400 3789; x_wconf 92' lang='lat'>‚</span> <span class='ocrx_word' id='word_1_531' title='bbox 429 3760 492 3795; x_wconf 84' lang='lat' dir='ltr'>quo</span> <span class='ocrx_word' id='word_1_532' title='bbox 503 3749 540 3783; x_wconf 84' lang='lat' dir='ltr'>in</span> <span class='ocrx_word' id='word_1_533' title='bbox 549 3749 695 3796; x_wconf 81' lang='lat' dir='ltr'>puhlicis</span> <span class='ocrx_word' id='word_1_534' title='bbox 702 3750 1041 3798; x_wconf 65' lang='lat' dir='ltr'>fimflionibussuper</span> <span class='ocrx_word' id='word_1_535' title='bbox 1062 3750 1208 3787; x_wconf 84' lang='lat' dir='ltr'>Clericos</span> <span class='ocrx_word' id='word_1_536' title='bbox 1221 3747 1388 3787; x_wconf 83' lang='lat' dir='ltr'>Novitios</span> <span class='ocrx_word' id='word_1_537' title='bbox 1397 3749 1650 3796; x_wconf 56' lang='lat' dir='ltr'>praecedentiam</span> <span class='ocrx_word' id='word_1_538' title='bbox 1665 3755 1824 3800; x_wconf 80' lang='lat' dir='ltr'>petebant</span> <span class='ocrx_word' id='word_1_539' title='bbox 1836 3780 1848 3799; x_wconf 91' lang='lat'>‚</span> <span class='ocrx_word' id='word_1_540' title='bbox 1869 3757 1981 3794; x_wconf 84' lang='lat' dir='ltr'>eadem</span> <span class='ocrx_word' id='word_1_541' title='bbox 2005 3761 2045 3796; x_wconf 86' lang='lat' dir='ltr'>S.</span> <span class='ocrx_word' id='word_1_542' title='bbox 2065 3761 2260 3807; x_wconf 67' lang='lat' dir='ltr'>Congreget-</span> 
     </span>
     <span class='ocr_line' id='line_1_89' title="bbox 217 3793 2251 3856; baseline 0.006 -26"><span class='ocrx_word' id='word_1_543' title='bbox 217 3795 266 3830; x_wconf 84' lang='lat' dir='ltr'>tio</span> <span class='ocrx_word' id='word_1_544' title='bbox 274 3795 343 3842; x_wconf 86' lang='lat' dir='ltr'>sub</span> <span class='ocrx_word' id='word_1_545' title='bbox 355 3793 409 3833; x_wconf 82' lang='lat' dir='ltr'>die</span> <span class='ocrx_word' id='word_1_546' title='bbox 428 3807 483 3834; x_wconf 83' lang='lat'>21.</span> <span class='ocrx_word' id='word_1_547' title='bbox 498 3796 628 3845; x_wconf 69' lang='lat' dir='ltr'>Martii</span> <span class='ocrx_word' id='word_1_548' title='bbox 640 3800 723 3835; x_wconf 85' lang='lat' dir='ltr'>anni</span> <span class='ocrx_word' id='word_1_549' title='bbox 737 3808 795 3845; x_wconf 77' lang='lat'>171</span> <span class='ocrx_word' id='word_1_550' title='bbox 807 3810 836 3844; x_wconf 84' lang='lat'>5.</span> <span class='ocrx_word' id='word_1_551' title='bbox 849 3797 945 3836; x_wconf 82' lang='lat' dir='ltr'>dedit</span> <span class='ocrx_word' id='word_1_552' title='bbox 945 3798 1148 3847; x_wconf 76' lang='lat' dir='ltr'>subsequens</span> <span class='ocrx_word' id='word_1_553' title='bbox 1162 3797 1374 3856; x_wconf 57' lang='lat' dir='ltr'>Rescriptum</span> <span class='ocrx_word' id='word_1_554' title='bbox 1383 3822 1398 3842; x_wconf 83' lang='lat'>,</span> <span class='ocrx_word' id='word_1_555' title='bbox 1424 3797 1585 3837; x_wconf 75' lang='lat' dir='ltr'>videlicet</span> <span class='ocrx_word' id='word_1_556' title='bbox 1598 3802 1715 3839; x_wconf 80' lang='lat' dir='ltr'>omnia</span> <span class='ocrx_word' id='word_1_557' title='bbox 1728 3803 1770 3852; x_wconf 60' lang='lat' dir='ltr'>agl</span> <span class='ocrx_word' id='word_1_558' title='bbox 1786 3805 1825 3840; x_wconf 84' lang='grc' dir='ltr'>Ρ.</span> <span class='ocrx_word' id='word_1_559' title='bbox 1841 3804 2049 3845; x_wconf 82' lang='lat' dir='ltr'>Generalem</span> <span class='ocrx_word' id='word_1_560' title='bbox 2059 3809 2096 3845; x_wconf 86' lang='lat' dir='ltr'>in</span> <span class='ocrx_word' id='word_1_561' title='bbox 2107 3798 2184 3844; x_wconf 56' lang='lat' dir='ltr'>ablu</span> <span class='ocrx_word' id='word_1_562' title='bbox 2200 3806 2251 3842; x_wconf 84' lang='lat' dir='ltr'>vi-</span> 
     </span>
    </p>
   </div>
   <div class='ocr_carea' id='block_1_32' title="bbox 2142 3855 2216 3891">
    <p class='ocr_par' dir='ltr' id='par_1_35' title="bbox 2142 3855 2216 3891">
     <span class='ocr_line' id='line_1_90' title="bbox 2142 3855 2216 3891; baseline -0.014 0"><span class='ocrx_word' id='word_1_563' title='bbox 2142 3855 2216 3891; x_wconf 83' lang='lat' dir='ltr'>fita-</span> 
     </span>
    </p>
   </div>
  </div>
 </body>
</html>
