2638 4204
1256 240 1259 243 «
1305 247 1316 258 μ.
1423 238 1438 253 .
1597 237 1614 253 .

434 276 601 359 232
1136 236 1700 324 Provincia,

365 384 602 433 dubnaates
627 415 643 437 ,
680 395 744 425 eos
773 374 945 443 insignes
981 374 1035 422 ἐπ’
1054 373 1264 441 sollicitos
1297 373 1625 440 Refirmationis
1650 369 1873 437 Ministros
1899 403 1915 426 ,
1954 365 2184 438 Sanflaeq'ue
2215 373 2452 441 Religionis

363 455 654 520 Cooperatores
680 447 808 515 jore.
864 447 1011 495 Veritm
1028 480 1043 504 ,
1072 464 1158 492 cum
1177 444 1405 512 sufficienti
1420 446 1715 509 Operariorum
1755 442 1812 488 ad
1841 441 1917 488 hoc
1946 440 2253 506 neceffia'rioruin
2284 462 2452 494 'numero

363 526 486 573 hodie
512 541 646 572 carere
671 519 901 568 videantur
918 552 933 575 ,
965 521 1007 564 εὸ
1025 552 1040 574 ,
1069 516 1183 583 quod
1207 532 1316 564 certo
1343 515 1603 583 stringantur
1625 519 1800 562 termino
1825 547 1840 569 ,
1877 516 1991 558 intra
2017 514 2130 579 quem
2166 531 2232 560 uec
2260 515 2449 566 Sacerdo-

364 599 501 653 tium,
528 613 597 642 nec
619 592 925 639 Concionatoris
938 606 1110 646 munus,
1139 587 1365 636 Fratribus
1394 623 1410 645 ,
1448 590 1645 655 quamvis
1677 586 1813 633 idonei
1841 589 1894 631 &
1932 598 2094 648 capaces
2107 582 2201 650 stnt
2220 619 2235 641 ,
2272 587 2450 653 conferre

363 670 491 718 liceat
509 701 520 713 .
562 663 720 714 Idcirco
748 660 806 708 ad
811 659 1095 724 promovenda
1114 658 1445 722 Reformationis
1475 674 1586 708 vota
1604 692 1619 715 ,
1650 674 1735 724 quae
1765 659 1890 703 etiam
1930 657 1975 700 in
2008 654 2134 723 ipsius
2168 655 2341 703 Ordinis
2376 678 2456 708 ve-

354 740 438 805 stri
468 749 724 803 augmentum
752 731 895 779 cedunt
914 765 928 785 ,
960 734 985 778 a
1018 729 1140 778 Vobis
1177 730 1347 799 benigne
1374 734 1552 796 petimus
1579 764 1595 787 ,
1624 729 1780 778 velitis
1819 727 1870 776 P.
1894 724 2166 774 Provinciali
2194 723 2371 775 Bo‘emiae
2400 729 2454 776 (9⁵

366 808 543 863 ‚Austriae
578 801 803 868 exprfftm
833 800 1103 850 obedientiam
1132 802 1456 868 &facultatem
1488 802 1731 866 impertiri,
1768 814 1814 846 ut
1846 795 1970 864 poffit
2001 797 2056 842 ὠ·
2084 797 2235 846 valeat
2270 812 2456 849 certum.

368 896 579 929 numerum
602 874 854 923 Clericorum
874 872 1050 925 Ordinis
1082 872 1352 943 Proseffbrum
1370 908 1385 931 ,
1423 875 1496 939 qui
1517 874 1835 943 quinquennium
1852 905 1868 927 ,
1903 881 1976 915 aut
1996 870 2122 916 etiam
2140 869 2388 934 sexennium
2414 873 2457 917 in

366 950 591 1016 Religione
615 945 887 1012 absolverunt
905 978 919 1001 ,
944 950 996 992 ἐφ’
1027 944 1162 993 idonei
1193 949 1453 1012 reperiuntur
1470 979 1485 1001 ,
1510 944 1568 991 ad
1581 941 1863 990 Sacerdotium
1887 955 2162 1006 promovere,
2194 945 2349 986 ‘necnon
2368 939 2456 1004 siu-

369 1020 499 1087 diofhs
525 1012 778 1074 ,Conventus
814 1013 1023 1081 Lincensis
1059 1051 1074 1073 ,
1117 1016 1262 1084 quibus
1294 1017 1426 1065 adhuc
1463 1014 1522 1063 ad
1546 1013 1678 1063 {ludii
1714 1013 2044 1078 complementum
2068 1047 2084 1069 ,
2106 1015 2248 1076 juxta
2276 1010 2458 1058 Ordinis

371 1090 682 1157 Constitutiones
698 1122 713 1145 ,
748 1104 848 1133 unus
865 1104 990 1134 annus
1020 1087 1122 1154 deest
1137 1125 1151 1145 ,
1178 1089 1237 1140 ad
1257 1088 1430 1158 offi’cium
1460 1085 1795 1134 Contionatorum
1818 1083 2037 1132 admittere
2054 1119 2066 1132 .
2107 1086 2149 1141 g<
2161 1082 2243 1132 uod
2260 1099 2348 1130 cum
2373 1083 2459 1129 in...

370 1162 609 1229 Religionis
633 1195 648 1217 ,
683 1157 882 1226 causaque
912 1157 996 1205 Dei
1018 1163 1314 1223 promotionem
1331 1195 1347 1217 ,
1374 1164 1427 1207 ἐφ’
1458 1161 1501 1206 in
1532 1157 1655 1225 ipsius
1682 1159 1805 1202 etiam
1821 1155 1999 1202 Ordinis
2020 1155 2153 1224 'vestri
2181 1154 2328 1201 honum
2353 1170 2461 1201 ver-

366 1248 441 1303 gat
461 1267 477 1289 ,
514 1233 672 1280 omnino
696 1233 722 1277 a
755 1227 882 1278 vobis
905 1228 1185 1300 exspec‘lamus
1203 1266 1219 1289 ,
1256 1237 1320 1280 uti
1349 1231 1398 1278 de
1415 1248 1457 1278 eo
1488 1247 1640 1296 quoque
1658 1226 1792 1274 Rffzus
1822 1223 2060 1272 Cardinalis
2078 1223 2277 1271 Columna
2316 1221 2461 1288 Vobifi·

371 1322 460 1351 cum
489 1301 663 1370 confiret
679 1336 694 1358 ,
725 1315 974 1369 mentemque
1002 1302 1175 1366 nostram
1203 1302 1382 1351 ulterius
1419 1298 1651 1364 explicabit
1676 1334 1686 1345 .
1726 1294 1785 1345 Id
1817 1295 1932 1363 quod
1962 1309 2197 1366 pergratum
2232 1291 2456 1355 habituri,

367 1376 514 1444 gratiae
547 1371 693 1421 noflrae
711 1371 897 1437 Caestzreae
927 1369 1120 1440 affiHum
1146 1372 1302 1432 Vobis,
1338 1376 1496 1440 totique
1527 1369 1683 1419 Ordini
1710 1368 1847 1435 vestro
1875 1367 2173 1436 confirmamus.

514 1479 676 1528 Datum
707 1478 850 1545 Pragae
887 1475 975 1524 Die
1000 1494 1049 1535 9.
1071 1473 1324 1540 Septembris
1348 1472 1472 1524 Anno
1497 1483 1559 1524 16
1564 1490 1643 1536 5²·
2100 1486 2101 1489 ’

513 1640 588 1686 Ne
612 1652 794 1703 quoque
822 1638 1119 1684 Conventum
1156 1628 1461 1678 Viennensem
1492 1634 1704 1681 Fratrum
1734 1644 2052 1681 extraneorum
2081 1628 2272 1680 accursu
2301 1631 2463 1701 grava-'-

380 1710 451 1763 ri,
481 1705 686 1773 illiusque
725 1706 925 1773 quietem
960 1701 1131 1751 turbari
1153 1702 1390 1767 contingat
1417 1734 1432 1756 ,
1467 1702 1577 1749 tales
1614 1700 1701 1750 fine
1739 1699 1939 1768 expresso
1956 1700 2173 1753 Caesareae
2211 1700 2466 1763 Majestatis'

381 1776 551 1827 affensu
571 1812 586 1834 ‚
612 1778 733 1824 ultra
771 1790 861 1823 tres
892 1774 964 1821 vel
982 1786 1176 1836 quatuor
1201 1770 1296 1817 dies
1317 1771 1374 1817 ibi
1401 1769 1620 1828 detineri,
1648 1771 2005 1840 Augustiffimus
2032 1776 2293 1839 Imperator
2313 1775 2461 1822 Caro-

374 1849 446 1897 lus
482 1850 575 1896 VI.
624 1844 820 1894 inhibuit
841 1878 857 1903 ,
890 1845 1141 1892 Decretum
1170 1839 1279 1888 alias
1307 1837 1496 1909 desuper
1523 1856 1786 1894 emanatum
1822 1843 2115 1903 renovando,
2157 1841 2238 1893 sub
2270 1857 2460 1893 tenore.»

373 1915 608 1985 sequenti.

515 2059 649 2108 Sacrae
670 2057 855 2125 Cesareae
870 2095 885 2117 ,
912 2076 1059 2107 necnon
1072 2056 1364 2124 Hispaniarum
1378 2094 1393 2116 ,
1411 2063 1465 2109 &5
1480 2052 1720 2128 Hungariae‚
1737 2059 2020 2127 Bohemiaeque
2039 2059 2179 2124 Regiae
2196 2055 2459 2122 Majestatis,

375 2131 631 2182 Archiducis
650 2130 834 2179 Aus‘iriae
848 2165 862 2187 ,
878 2130 982 2179 ‘Diii
998 2129 1062 2180 N.
1093 2130 1404 2196 Clementiffi'mi
1430 2136 1588 2179 nomine
1604 2167 1620 2190 ,
1653 2128 1776 2178 Patri
1796 2131 1971 2196 Ephrem
1984 2165 1999 2188 ,
2031 2130 2209 2178 Ordinis
2237 2128 2465 2192 Capucino·

374 2221 464 2250 rum
485 2199 728 2252 Conventus
757 2202 825 2249 hcc
856 2201 1017 2250 Viennae
1046 2201 1314 2259 Guardiano,
1346 2203 1453 2268 histe
1463 2201 1710 2268 perbenigne
1724 2201 2072 2268 fignificandum:
2112 2202 2326 2249 reiteratis
2365 2198 2464 2245 huc-

377 2274 496 2340 usque
527 2273 698 2322 vicibus
724 2273 992 2339 recentiffi'mb
1017 2274 1137 2321 Aulae
1169 2286 1273 2338 expo
1292 2289 1394 2321 itum
1423 2272 1556 2339 fiiiffi
1586 2308 1600 2330 ‚
1638 2272 1748 2338 quod
1758 2272 1918 2336 spretis
1941 2271 2205 2336 superiorum
2222 2278 2462 2332 'temporum

369 2343 498 2411 seriis
531 2342 849 2392 inhibitionibus
882 2345 1076 2411 Caesareis
1109 2345 1236 2392 denuo
1264 2345 1449 2392 nonnulli
1465 2345 1582 2410 sttcri
1610 2343 1733 2405 hujus
1760 2342 1936 2389 Ordinis
1958 2339 2165 2407 Religicfi'
2181 2338 2231 2385 ab
2259 2338 2358 2385 aliis
2386 2354 2462 2383 ex-

378 2417 534 2462 traneis
561 2412 804 2462 Provinciis
832 2433 908 2462 non
919 2417 1015 2482 stne
1036 2419 1174 2483 gravi
1208 2413 1495 2464 Conventuum
1513 2450 1527 2472 ,
1558 2415 1761 2479 precipue
1797 2415 1901 2462 'vero
1935 2412 2098 2476 huJ'atis
2135 2406 2369 2475 Viennensis
2399 2406 2462 2455 di-

370 2484 543 2552 spendio
570 2485 627 2530 ’Θ
653 2481 872 2540 molestia,
907 2485 1054 2552 absque
1082 2489 1249 2550 praevio
1286 2484 1418 2532 Sacrae
1450 2483 1695 2549 Majestasis
1729 2482 1818 2532 Suae
1845 2481 1951 2549 affi’n
1972 2502 1996 2530 u
2023 2517 2038 2539 ,
2075 2483 2128 2529 &²
2161 2478 2352 2546 permiffit
2375 2481 2462 2527 in...

382 2555 561 2621 Austriae
591 2553 786 2600 Ditiones
807 2557 988 2612 venire,
1023 2552 1222 2621 nulllique
1252 2559 1447 2619 temporis
1483 2553 1632 2603 habttli
1662 2557 1824 2602 ratione
1856 2555 1913 2601 ad
1935 2553 2102 2602 libitum
2138 2553 2207 2600 hic
2237 2565 2459 2598 commora-

381 2629 453 2682 ri,
480 2626 534 2672 <9¹
561 2642 637 2671 non
650 2624 792 2689 solilm
812 2624 967 2674 Aulam
985 2624 1205 2692 Caesaream
1226 2659 1241 2682 ,
1278 2627 1432 2675 ‘verum
1461 2630 1584 2673 etiam
1614 2626 1719 2674 alios
1745 2624 1988 2692 Celstffimos
2006 2622 2220 2688 Principes
2239 2656 2254 2679 ,
2291 2626 2342 2669 c&
2361 2617 2466 2668 Ma-

379 2711 524 2763 gnates
560 2697 804 2760 importunis
823 2695 920 2761 sitis
942 2696 1159 2762 accffbus
1188 2695 1378 2763 lacffre
1400 2697 1645 2763 praefiimant
1663 2732 1674 2744 .
1714 2695 1816 2744 Cum
1839 2712 2003 2753 autem,
2021 2698 2086 2742 uti
2115 2706 2359 2756 compertum
2394 2690 2466 2737 ha*v

385 2766 534 2823 betur,
569 2768 614 2812 in
647 2765 747 2812 aliis
771 2764 931 2812 exteris
960 2765 1148 2835 ‘ngnis
1179 2768 1234 2814 Θ
1255 2767 1500 2816 Ditionibus
1543 2767 1739 2834 ejusmodi
1772 2767 1964 2817 Advenae
2004 2762 2215 2831 Religitfi
2240 2762 2385 2811 Patres
2411 2761 2466 2808 ό·

360 2835 658 2906 ·Fratresfine
680 2839 850 2900 praevia
869 2836 1055 2902 supremi
1090 2837 1230 2886 Terrae
1257 2838 1467 2903 Principis
1497 2840 1666 2885 licentia
1696 2855 1772 2885 non
1807 2838 2085 2886 admittantur
2115 2870 2130 2893 ,
2161 2851 2239 2903 qua
2264 2833 2314 2881 de
2345 2829 2464 2896 causa

383 2908 435 2956 id
459 2909 582 2954 etiam
610 2907 677 2953 hic
707 2907 938 2969 nullatenus
964 2908 1141 2974 amplius
1160 2910 1442 2957 concedendum
1461 2945 1476 2967 ,
1492 2909 1576 2976 st’d
1581 2907 1760 2973 publicis
1782 2906 2127 2958 Ordinationibus
2146 2941 2161 2963 ,
2197 2909 2251 2953 ἐφ’
2280 2902 2387 2950 bonae
2403 2900 2468 2958 dit

373 2978 564 3046 fiiplinae
587 2979 718 3039 magis
742 2978 1038 3042 conftntaneum
1071 2978 1145 3045 effi
1177 2980 1354 3028 videtur
1371 3016 1386 3037 ,
1421 2996 1467 3028 ut
1499 2978 1668 3047 praefiiti
1697 2979 1888 3030 Advenae
1922 2982 2062 3044 potius
2096 2977 2212 3042 longe
2237 2975 2334 3022 hinc
2360 2974 2467 3021 reti-7

386 3063 561 3097 neantur
574 3083 587 3104 ,
620 3047 674 3095 (Τ
688 3047 909 3113 consultius
928 3053 971 3096 in
984 3054 1037 3098 iis
1058 3049 1326 3108 Provinciis,
1357 3050 1429 3099 ubi
1445 3055 1489 3099 in
1493 3051 1649 3117 sortem
1672 3050 1844 3097 Domini
1869 3052 2019 3099 vocati
2039 3048 2141 3114 fimt
2156 3081 2171 3103 ,
2203 3048 2346 3095 vitam
2364 3078 2379 3101 ,
2409 3043 2464 3090 (9·

387 3122 518 3170 mores
542 3121 776 3166 contineant
793 3154 805 3166 .
843 3115 895 3166 In
926 3139 1040 3187 quem
1051 3122 1185 3187 finem
1201 3126 1341 3190 itaque
1367 3132 1444 3169 no'n
1465 3124 1673 3169 immerito
1696 3119 1892 3185 altiſjime
1921 3132 2232 3186 praememorata
2242 3116 2322 3182 fita
2339 3111 2466 3162 Sacra

388 3188 608 3254 M-vjes‘las
630 3187 844 3254 prioribus
869 3205 992 3252 nuper
1016 3192 1067 3239 ab
1099 3209 1272 3259 utraque
1290 3191 1664 3260 gloriostffimorum
1701 3191 1899 3261 quondam
1937 3188 2284 3256 Praedeceffirum
2303 3181 2468 3253 selicifi

375 3261 496 3330 fimae
528 3260 821 3308 recordationis
852 3258 1090 3324 Majeft'ate
1104 3298 1119 3320 ‚
1148 3262 1314 3329 desuper
1332 3267 1532 3311 emanatis
1549 3263 1723 3328 severis
1740 3260 2063 3310 inhibitionibus
2081 3274 2262 3308 recenter
2283 3253 2467 3321 insis‘len-

386 3333 437 3381 do
455 3367 469 3388 ,
487 3331 787 3393 clementifflime
808 3331 987 3397 refirlvit
1005 3368 1020 3391 ,
1046 3348 1168 3402 atque
1195 3334 1325 3398 hujus
1353 3348 1491 3382 tenore
1519 3332 1692 3383 Decreti
1705 3335 1820 3401 serio
1838 3335 2004 3381 mandat
2026 3369 2041 3390 ,
2081 3332 2136 3380 (θ’
2152 3329 2350 3396 'precipit
2371 3359 2386 3381 2
2418 3338 2466 3370 ut

387 3407 432 3452 in
462 3403 608 3467 hujate
636 3401 852 3458 Viennensi
860 3399 1081 3453 Conven'tu
1097 3404 1255 3469 fitturis
1287 3405 1536 3470 temporibus
1553 3405 1691 3453 nullus
1704 3403 1969 3470 ‘Qligivfiis
1995 3402 2134 3468 hospes
2154 3414 2276 3447 extra
2301 3396 2467 3444 iflhanc

389 3473 661 3524 Pro-vinciam
684 3472 913 3541 proseffits,
936 3473 1082 3542 absbue
1097 3476 1274 3541 speciali
1304 3475 1474 3543 benigno
1491 3474 1745 3541 Majes‘latis
1766 3473 1853 3522 Suae
1885 3473 2067 3539 coffenfii
2095 3472 2208 3519 ultra
2234 3483 2320 3515 tres
2335 3501 2351 3524 ‚
2384 3463 2468 3516 vel

390 3560 564 3614 quatuor
592 3545 680 3593 dies
695 3545 927 3594 detineatur
943 3580 958 3602 ,
975 3547 1111 3593 minits
1138 3564 1310 3613 unquam
1331 3547 1498 3595 illorum
1528 3547 1680 3614 aliquis
1705 3543 1786 3610 fieb
1821 3562 2048 3610 quocunque
2072 3555 2283 3606 praetextu
2307 3537 2365 3586 ad
2380 3537 2469 3586 Au·

391 3619 474 3666 lam
496 3614 717 3681 Caesaream
745 3615 859 3683 (nisi
883 3615 930 3663 ob
955 3617 1276 3684 urgentiffimam
1295 3617 1451 3684 causam
1477 3614 1784 3684 Augus‘liffi‘mae
1802 3612 2036 3677 Majefiati
2066 3615 2148 3660 rite
2177 3610 2293 3677 prius
2325 3622 2466 3676 propo-

377 3687 512 3756 sitam
551 3720 565 3741 ,
601 3686 654 3733 &
689 3685 740 3733 ab
778 3687 913 3736 eadem
950 3687 1267 3748 ratihabitam)
1311 3707 1515 3737 recurrere
1553 3687 1730 3753 amplius
1767 3689 2042 3751 permittatur
2072 3704 2086 3742 3
2121 3683 2240 3749 ficus
2271 3679 2469 3748 fhflurus

389 3755 683 3827 graviffimam
731 3757 851 3805 Aulae
899 3758 1084 3824 Caefiereae
1125 3760 1446 3828 indignationem
1489 3777 1563 3808 non
1605 3760 1848 3809 evitaturus
1879 3777 1890 3805 :
1953 3757 2075 3820 hujus
2121 3757 2273 3819 vigore
2322 3751 2473 3798 Decre-

395 3833 431 3880 ti
463 3827 610 3878 Aulioi
645 3824 901 3892 Majeffasis
937 3829 1027 3879 Suae
1063 3830 1250 3900 Caeſsireae
1275 3831 1428 3900 sigillo
1447 3828 1668 3897 secretiore
1705 3831 1857 3895 muniti
1884 3863 1902 3887 ,
1951 3827 2062 3896 quod
2086 3825 2227 3875 datum
2262 3822 2314 3891 est
2352 3819 2475 3869 Vien-

2322 3909 2410 3948 nae,
