2658 4256
386 369 659 414 exequantur,
680 357 799 411 atque
814 355 852 399 in
865 366 1018 414 partem
1032 353 1239 400 Pastoraii's
1255 354 1391 396 nostras

385 416 666 459 sollicitudinis
688 415 816 457 vocati
844 443 858 466 ,
886 418 963 460 rite
978 416 1177 471 &jugiter
1200 412 1392 466 expleant

386 477 468 518 haec
484 476 613 517 nostra
643 470 825 516 mandata
841 503 852 514 .
871 476 992 530 Qod
1012 474 1036 516 si
1062 474 1100 515 in
1124 470 1391 526 adimplendis

384 550 435 580 ex
464 532 537 576 asse
551 531 736 573 omnibus
763 531 995 590 prescriptis
1023 531 1307 587 negligentes,
1330 529 1390 572 in-

385 594 517 642 curii,
541 590 727 644 segnesve
753 586 937 642 fueritis,
973 588 1258 645 Omnipotenti
1275 591 1393 639 Deo,

387 651 544 699 Nobis,
575 645 871 692 §accessoribus
894 649 1038 692 nostris
1054 677 1067 699 ,
1089 658 1209 703 atque
1229 660 1392 689 venera-

384 711 455 754 bili
472 708 602 750 nostro
615 705 813 761 capitulo
839 708 1052 750 districtam
1070 705 1302 748 reddituros
1328 719 1392 749 ra-

387 771 542 810 tionem
555 794 568 816 ,
592 764 738 820 vosque
754 764 924 808 nostram
940 795 952 817 ,
969 768 1193 821 horumque
1207 763 1392 819 indigna-

388 829 542 868 tionem
559 823 755 865 noveritis
772 822 998 866 incursuros
1013 826 1179 865 .A5tum
1199 820 1394 865 Salisbur·

383 887 418 940 gi
434 887 472 924 in
487 881 710 935 Metropoli
726 879 855 924 nostra
869 884 942 927 hac
955 883 1022 925 die
1044 896 1107 937 ¹4·
1130 880 1268 926 mensis
1284 884 1392 923 Mar·

384 944 430 986 tii
446 941 555 984 Anni
582 950 702 995 1737.

953 1047 1213 1118 Leopoldus
1234 1085 1246 1099 .

442 1175 676 1223 Praeinserta
707 1184 840 1220 autem
873 1177 1093 1231 Capitula,
1124 1175 1328 1231 Regulas,
1350 1175 1389 1215 &

386 1240 517 1295 leges,
539 1236 741 1292 postquam
772 1234 952 1291 praefatus
969 1233 1204 1290 Leopoldus
1219 1233 1388 1276 Archie·

383 1300 563 1354 piscopus
600 1293 836 1337 condidiffet
859 1323 875 1345 ,
913 1294 953 1334 &
980 1294 1030 1336 ad
1063 1293 1231 1336 dilectos
1268 1292 1387 1335 Filios

389 1355 604 1399 modernos
644 1354 856 1396 memorati
895 1352 1063 1395 Ordinis
1098 1380 1112 1402 ,
1151 1355 1191 1394 &
1228 1351 1387 1393 Institu-

383 1416 415 1457 ti
466 1410 680 1467 respective
708 1413 942 1467 Superiores
965 1440 979 1462 ‚
1022 1421 1066 1453 ut
1093 1411 1392 1461 admitterent,

386 1473 648 1526 exciperent,
677 1471 716 1511 &
730 1480 892 1525 accepta
909 1469 1104 1512 haberent
1124 1497 1137 1519 ‚
1163 1466 1390 1526 proposuis-

385 1531 442 1573 set
459 1556 472 1578 ,
498 1529 618 1570 iidem
635 1527 817 1570 moderni
834 1528 1069 1582 Superiores
1085 1558 1099 1580 ,
1115 1527 1161 1571 ea
1177 1557 1192 1579 ,
1218 1526 1295 1583 qua
1319 1541 1389 1583 par

383 1598 471 1631 erat
489 1615 502 1638 ,
536 1587 759 1627 animorum
776 1583 1033 1628 consensione
1048 1615 1062 1638 ,
1085 1589 1126 1628 δι
1140 1584 1388 1636 obedientia,

386 1647 472 1705 jam
485 1644 819 1698 accepta,&rata
833 1644 1079 1695 habuerunt,
1091 1645 1146 1686 ad
1169 1647 1253 1686 Nos
1268 1645 1392 1685 etiam

384 1701 853 1758 transmifit,suppliciter
869 1713 1076 1757 rogans2ut
1089 1716 1133 1744 ea
1148 1702 1390 1756 approbare,

379 1766 422 1806 n&
439 1760 680 1806 confirmare
693 1761 965 1816 dignaremur.
1002 1763 1089 1803 Nos
1110 1761 1209 1802 vero
1226 1760 1319 1809 iila,
1347 1770 1389 1801 ut

384 1820 516 1879 quoad
534 1832 674 1860 omnes
692 1830 827 1875 partes
849 1818 956 1873 prius
980 1818 1268 1862 accuratissime
1293 1831 1389 1860 exa·-

385 1881 664 1928 minarentur,
691 1877 739 1920 ad
765 1878 1134 1931 Congregationem
1162 1877 1383 1918 Venerabi-

383 1940 482 1982 lium
497 1940 682 1978 Fratrum
699 1937 920 1977 nostrorum
939 1938 1089 1978 S.R.E.
1104 1933 1384 1981 Cardinalium

387 1996 564 2052 negotiis
585 1993 846 2050 propagandae
864 1993 975 2035 Fidei
998 1993 1299 2050 praepofitorum
1315 2008 1383 2035 re-

386 2055 582 2100 misimus.

442 2116 571 2155 Porro
583 2112 862 2166 Congregatio
877 2111 1059 2168 praedicta
1075 2120 1155 2155 tam
1173 2109 1382 2154 institutio-

383 2186 435 2215 ne
452 2167 677 2212 Miffionum
700 2170 976 2223 praedictarum
994 2200 1006 2222 ,
1020 2170 1137 2226 quam
1155 2170 1356 2226 Capitulis
1370 2197 1384 2220 ,

385 2229 533 2283 regulis
554 2254 569 2278 ,
606 2228 646 2267 δι
674 2227 829 2281 legibus
864 2229 1086 2282 hujusmodi
1115 2239 1272 2272 maturo
1294 2242 1388 2271 exa.-

383 2290 489 2332 mine
508 2286 774 2340 perpensis,ad
791 2290 878 2327 Nos
891 2288 1048 2338 retulit,
1063 2303 1216 2342 aequum
1232 2287 1306 2330 effe
1319 2315 1333 2339 ,
1346 2296 1391 2329 ut

386 2349 461 2404 piis
477 2342 651 2399 ejusdem
668 2343 866 2397 Leopoldi
880 2345 1185 2402 Archiepiscopi
1202 2348 1306 2390 votis
1319 2375 1333 2398 ,
1347 2348 1386 2387 δι

385 2404 576 2462 precibus
604 2401 919 2444 obsecundantes
935 2429 950 2451 ,
980 2403 1139 2459 praesata
1153 2407 1286 2448 omnia
1300 2417 1386 2448 tan-

384 2477 503 2520 quam
521 2459 692 2515 proficua
705 2489 718 2511 ,
745 2460 781 2501 δι
797 2459 977 2505 salutaria
992 2466 1327 2519 approbaremus,
1346 2466 1385 2506 &

383 2521 623 2577 Apostolicae
638 2519 904 2562 Auctoritatis
921 2520 1057 2563 nostrae
1079 2524 1298 2566 munimine
1320 2537 1385 2565 ro·

393 2581 640 2623 boraremus.

446 2643 527 2681 Nos
545 2638 679 2692 itaque
705 2636 890 2680 eumdem
906 2638 1163 2693 Leopoldum
1177 2640 1387 2697 Archiepi-

390 2702 550 2752 scopum
576 2693 810 2750 specialibus
822 2695 1054 2749 favoribus,
1082 2700 1122 2740 δι
1136 2699 1275 2755 gratiis
1296 2713 1389 2755 pro-

387 2756 494 2812 sequi
513 2754 722 2804 volentes,
750 2757 789 2797 &
810 2756 831 2797 a
848 2755 1049 2813 quibusvis
1063 2762 1389 2801 excommunica·

384 2817 503 2858 tionis
521 2843 534 2863 ‚
566 2811 819 2868 sui'penlionis
834 2842 849 2865 ‚
871 2816 910 2856 &
926 2815 1155 2864 inter-dieti,
1183 2816 1385 2872 aliisque)

384 2872 664 2916 Ecclefiasticis
690 2873 926 2925 sententiis,
958 2873 1134 2916 censuris
1151 2902 1165 2925 ‚
1189 2877 1230 2917 δι
1253 2876 1384 2931 poenis

388 2931 529 2987 ajure,
564 2930 626 2972 vel
642 2932 689 2973 ab
705 2932 866 2974 homine
887 2934 1029 2990 quavis
1055 2935 1291 2985 occafione,
1320 2933 1385 2975 vel

387 2991 499 3032 causa
518 2988 636 3035 latis,
659 2992 686 3032 fi
712 2992 857 3045 quibus
884 2991 1192 3047 quomodolibet
1216 2991 1384 3035 innoda-

391 3058 457 3090 tus
471 3048 594 3091 existit
609 3077 623 3100 ,
645 3048 692 3090 ad
708 3048 889 3092 effectum
908 3048 1155 3107 praesentium
1175 3051 1386 3095 dumtaxat

387 3107 709 3162 consequendum
723 3136 737 3159 ,
753 3109 892 3150 harum
920 3111 1018 3153 serie
1035 3109 1290 3153 abiolventes
1304 3139 1320 3162 ,
1348 3110 1388 3151 δι

385 3164 608 3208 absolutum
638 3164 724 3208 fore
756 3166 957 3210 censentes
981 3197 995 3220 ,
1031 3169 1388 3226 supplicationibus

387 3224 475 3278 ejus
492 3225 647 3266 nomine
666 3226 794 3267 Nobis
810 3225 925 3282 super
939 3228 1011 3269 hoc
1028 3227 1234 3270 humiliter
1252 3242 1388 3283 porre-

386 3285 461 3325 stis
477 3282 725 3331 inclinati2de
739 3283 916 3339 ejusdem
931 3287 1271 3342 Congregationis
1285 3290 1391 3329 Car-

390 3342 583 3383 dinalium
614 3343 805 3394 consilio,
834 3358 918 3386 non
945 3343 1068 3386 solum
1095 3346 1388 3388 institutionem

389 3400 618 3444 Miffionum
636 3404 711 3452 ,ab
726 3402 809 3458 ipso
835 3402 1046 3459 Leopoldo
1073 3406 1388 3461 Archiepiscopo

388 3459 638 3514 susceptam,
665 3461 959 3519 statutamque,
990 3461 1126 3506 verum
1152 3466 1272 3506 etiam
1291 3477 1388 3519 prae-

385 3518 537 3561 inserta
565 3520 739 3575 capitula
775 3549 790 3573 ,
828 3519 1010 3577 regulas,
1041 3523 1079 3562 &
1110 3523 1247 3578 leges,
1270 3538 1315 3566 ac
1342 3522 1389 3564 fi·

386 3590 560 3634 gnanter
583 3593 747 3628 omnes,
772 3582 813 3622 δι
838 3579 1004 3635 lingulas
1028 3580 1308 3634 affignationes
1339 3583 1387 3624 ab

385 3637 532 3679 eodem
559 3639 771 3694 Leopoldo
792 3640 1112 3695 Archiepiscopo
1139 3655 1214 3695 pro
1238 3641 1389 3684 Minio-

385 3709 481 3739 num
498 3697 722 3754 hujusmodi
739 3700 1044 3742 manutentione
1061 3698 1179 3741 faffitas
1194 3730 1208 3751 ‚
1231 3711 1276 3743 ut
1289 3715 1387 3756 prae-

385 3753 537 3806 fertur,
562 3759 598 3797 &
618 3758 668 3799 ab
684 3754 1006 3813 Archiepiscopis
1019 3758 1384 3814 Salisburgenfibus

385 3816 681 3860 §accessoribus
698 3811 804 3874 suis,
827 3818 1035 3875 perpetuis
1054 3818 1196 3861 futuris
1222 3829 1383 3875 tempo-

1110 221 1700 311 Provincia

1452 353 1562 395 ribus
1580 355 1745 397 omnino
1762 351 1999 406 servandas,
2012 360 2261 409 Auctoritate
2277 365 2451 423 Apono..>

1452 412 1556 462 lica,
1569 421 1711 455 tenore
1728 411 1979 467 praesentium
1996 445 2010 468 ‚
2037 426 2232 475 perpetus,
2252 427 2450 480 ,pproba-

1451 484 1537 513 mus
1566 497 1580 521 ,
1601 473 1641 513 &
1663 469 1947 516 confirmamus
1974 502 1989 526 ,
2028 476 2181 533 illisque
2207 482 2450 527 inviolabilis

1451 530 1687 584 Apostolicae
1720 527 1919 575 firmitatis
1947 535 2073 577 robur
2103 535 2338 593 adjicimus,
2363 556 2454 584 om·

1453 587 1603 643 nesque
1618 615 1632 639 ,
1651 591 1690 630 δε
1707 587 1881 645 singulos
1900 589 1996 648 juris
2010 621 2024 643 ,
2050 592 2193 636 &faeti
2209 623 2224 648 ,
2249 611 2295 640 ac
2312 599 2454 642 solem·

1452 647 1626 688 nitatum
1643 660 1986 706 quarumcumque
2001 651 2181 695 defectus
2195 680 2210 703 ,
2242 653 2267 696 fi
2297 657 2363 712 qui
2378 658 2450 700 de·-

1454 704 1567 758 super
1582 705 1621 745 in
1640 705 1718 747 illis
1733 709 2036 762 quomodolibet
2056 712 2375 765 intervenerint,
2397 715 2455 758 di.

1452 765 1513 804 eta
1527 764 1770 807 auctoritate
1786 765 2009 822 supplemus
2026 798 2040 820 ,
2065 771 2106 810 δι’.
2122 769 2299 814 (ananius
2318 797 2333 820 ‚

1512 821 1676 876 lnsuper
1690 823 1951 868 Miffionarios
1966 838 2047 869 tam
2065 830 2115 870 ab
2138 829 2220 883 ipso
2242 829 2455 884 Leopoldo

1453 880 1771 936 Archiepiscopo
1786 883 1864 938 jam
1880 884 2104 941 designatos
2117 914 2131 937 ,
2153 888 2193 928 δι
2210 890 2455 940 nominatos,

1451 938 1572 993 quam
1587 938 1665 980 five
1687 939 1737 981 ab
1753 941 1834 994 ipso
1849 944 1970 985 etiam
1987 971 2001 993 ,
2027 945 2104 988 five
2125 946 2202 987 suis
2217 945 2459 989 Successori-

1451 997 1523 1039 bus
1551 996 1589 1038 in
1614 997 1814 1052 posterum
1832 1001 1942 1059 juxta
1959 1003 2151 1060 Capitula
2166 1033 2179 1055 ,
2197 1004 2360 1061 regulas
2376 1033 2388 1055 ,
2415 1005 2455 1046 δι

1450 1054 1558 1110 leges
1583 1057 1825 1110 praeinsertas
1851 1060 2111 1115 defignandos
2138 1089 2153 1112 ‚
2186 1063 2227 1104 &
2251 1063 2460 1106 nominan-

1449 1113 1699 1169 dos2semper
1716 1118 1968 1172 Apostolicos
1985 1120 2247 1163 Miffionarios
2261 1121 2364 1172 dici,
2385 1133 2458 1165 vo·

1450 1175 1558 1223 cari,
1584 1170 1737 1225 &esse‚
1752 1176 1892 1218 eadem
1918 1179 2152 1222 auctoritate
2176 1180 2426 1223 decernimus
2442 1208 2457 1229 ,

1449 1230 1678 1286 eisdemque
1694 1232 1942 1276 Miffionariis
1958 1263 1971 1285 ,
1985 1246 2027 1277 ut
2043 1237 2228 1280 omnibus
2243 1265 2257 1287 ‚
2276 1239 2316 1279 δι
2331 1237 2460 1293 fingu-

1451 1289 1497 1332 lis
1513 1289 1733 1345 privilegiis
1750 1320 1764 1343 ,
1777 1292 2009 1343 honoribus,
2027 1296 2327 1350 praerogativis,
2340 1298 2380 1337 δι
2393 1308 2459 1337 ex-

1450 1348 1723 1403 emptionibus
1750 1379 1764 1401 ,
1792 1351 1935 1406 quibus
1966 1350 2192 1408 hujusmodi
2226 1353 2452 1409 Apostolici

1451 1407 1683 1450 Miffionarii
1701 1419 1780 1451 tam
1797 1408 1848 1450 de
1864 1407 1952 1465 jure
1965 1438 1981 1463 ,
2009 1411 2078 1452 usu
2090 1411 2128 1452 &
2142 1410 2456 1463 consuetudine,

1449 1467 1568 1521 quam
1589 1466 1687 1511 alias
1703 1468 2013 1523 quomodolibet
2031 1479 2201 1512 utuntur
2213 1498 2228 1522 ‚
2242 1467 2455 1522 fruuntur,

1448 1526 1489 1566 &
1506 1524 1685 1581 gaudent
1699 1554 1713 1576 ,
1725 1536 1792 1568 aut
1804 1526 1862 1567 uti
1876 1555 1891 1576 ‚
1906 1524 2001 1579 frui,
2016 1529 2055 1569 &
2069 1527 2248 1582 gaudere
2266 1529 2422 1584 possunt
2439 1555 2453 1578 ,

1451 1586 1492 1625 ὃς
1506 1593 1698 1639 poterunt
1718 1585 1755 1626 in
1775 1583 1953 1627 futurum
1967 1614 1981 1636 ,
2011 1587 2231 1640 parimodo
2255 1588 2314 1629 uti
2330 1584 2460 1638 ,srui,

1452 1644 1489 1683 δι
1505 1643 1679 1697 gaudere
1697 1642 1843 1693 libere,
1857 1644 2022 1686 &licite
2042 1644 2182 1699 poffint
2195 1671 2209 1694 ,
2223 1647 2263 1687 δι
2275 1645 2458 1696 valeant,

1451 1701 1688 1743 auctoritate
1713 1701 1894 1756 praedicta
1920 1703 2179 1747 concedimus
2202 1732 2217 1756 ,
2248 1705 2287 1746 &
2318 1701 2455 1754 indul?

1479 1773 1588 1800 emus
1606 1787 1617 1799 .

1450 1773 1474 1814 g
1509 1817 1709 1860 Volumus
1736 1833 1899 1876 quoque
1913 1849 1929 1872 ,
1959 1831 2002 1862 ut
2031 1820 2257 1866 Missionarii
2287 1820 2340 1864 fic
2364 1850 2380 1873 ,
2411 1826 2456 1863 ut

1445 1877 1678 1932 praemittitu
1687 1892 1719 1929 r,
1738 1878 1934 1931 instituti,
1947 1895 1993 1923 ac
2009 1879 2201 1936 deinceps
2217 1881 2254 1922 in
2272 1880 2456 1935 praedieta

1446 1936 1617 1976 Dioecesi
1638 1936 1880 1989 instituendi,
1896 1949 1977 1980 tam
1995 1937 2126 1981 eidem
2145 1938 2357 1994 Leopoldo
2371 1951 2457 1978 mo—

1443 1992 1587 2043 derno,
1600 1994 1793 2049 quampro
1808 2006 1992 2051 tempore
2018 1997 2274 2040 existentibus
2290 1997 2457 2039 Archie.

1443 2051 1869 2109 piscopisbalisburgen
1890 2055 2022 2110 quoad
2038 2058 2215 2110 regimen
2227 2055 2458 2098 &direftio-

1444 2110 1589 2153 nemin
1608 2109 1653 2150 iis
1669 2138 1681 2160 ‚
1696 2124 1779 2165 quae
1801 2112 1848 2153 ad
1864 2114 2102 2155 exercitium
2121 2114 2310 2156 Miffionis
2326 2112 2456 2169 perti-

1447 2167 1911 2226 nent,subiacere,eisque
1925 2174 2090 2214 omnino
2105 2187 2246 2228 parere
2260 2172 2458 2223 debeant,

1448 2242 1494 2270 ac
1511 2226 1742 2269 neceffarias
1771 2226 1984 2273 facultates
2015 2231 2064 2273 ad
2084 2232 2279 2274 Miffiones
2306 2231 2455 2286 praedi-
2507 2227 2511 2231 ”

1450 2288 1529 2329 &as
1556 2286 1800 2328 exercendas
1839 2291 1887 2331 ab
1919 2289 2066 2331 eisdem
2101 2289 2421 2345 Archiepiscopis
2439 2316 2454 2340 ‚

1452 2346 1562 2403 juxta
1585 2346 1639 2387 eis
1657 2347 1850 2404 tributam
1864 2376 1877 2397 ,
1907 2350 1947 2390 &
1959 2349 2146 2401 deinceps
2162 2347 2320 2403 lingulis
2337 2347 2455 2402 quin·

1444 2405 1623 2461 quenniis
1638 2418 1707 2457 per
1721 2418 1911 2460 organum
1927 2405 2457 2462 memoratvaeCongregatio·

1445 2465 1505 2507 nis
1520 2462 1802 2505 Cardinalium
1830 2466 2100 2509 renovandam
2116 2494 2129 2513 ,
2143 2466 2349 2508 mediante
2367 2462 2454 2505 for·

1444 2520 1552 2564 mula
1580 2521 1702 2564 tertia
1726 2521 1977 2577 praefatarum
2005 2522 2244 2567 facultatum
2268 2550 2283 2570 a
2313 2524 2452 2564 austo-

1448 2582 1636 2628 ritatem,
1649 2582 1690 2621 in
1707 2591 1839 2623 totum
1856 2583 1919 2625 vel
1935 2584 1973 2624 in
1989 2590 2145 2638 partem
2160 2612 2173 2634 ,
2191 2583 2288 2625 ficut
2302 2580 2450 2624 eisdem

1448 2638 1772 2695 Archiepiscopis
1788 2644 1909 2696 magis
1935 2641 1974 2683 in
1993 2644 2168 2684 Domino
2182 2639 2375 2696 expedire
2393 2639 2450 2680 vi-

1447 2698 1607 2740 debitur
1627 2727 1641 2750 ,
1673 2700 1870 2754 recipiant
1887 2727 1901 2748 ‚
1936 2699 2092 2744 servat&
2116 2700 2273 2755 semper
2288 2710 2454 2740 eorum·

1448 2757 1541 2799 dem
1555 2757 1961 2814 Archiepiscoporum
1991 2771 2072 2800 tam
2094 2760 2198 2800 circa
2216 2756 2425 2800 facultates
2440 2782 2454 2805 ,

1445 2822 1563 2872 quam
1580 2816 1686 2859 circa
1705 2817 1793 2859 loca
1809 2843 1823 2864 a
1839 2819 2049 2872 &tempus
2066 2815 2224 2859 easdem
2237 2813 2452 2858 exercendi

1445 2874 1741 2924 moderatione,
1756 2875 1870 2917 nullo
1885 2878 1985 2919 vero
2000 2875 2123 2917 modo
2137 2886 2248 2918 extra
2265 2873 2360 2916 fines
2377 2871 2451 2916 suae

1446 2933 1664 2987 respeetive
1681 2932 1875 2976 Miffiunis
1891 2935 1937 2978 iis
1949 2936 2008 2976 uti
2022 2945 2172 2989 queant
2187 2964 2202 2986 ,
2232 2935 2280 2975 ad
2300 2945 2449 2985 quam...

1444 2992 1573 3035 donec
1589 3020 1603 3043 ,
1633 2993 1671 3033 &
1684 2993 1886 3047 quousque
1900 2994 2163 3049 pervenerint
2176 3022 2192 3043 ,
2207 2989 2317 3033 nulla
2335 3002 2452 3046 pror-

1446 3052 1508 3095 sus
1537 3053 1796 3106 exemptione
1809 3079 1825 3102 ,
1854 3052 1894 3094 &
1921 3052 2133 3109 privilegio
2158 3050 2333 3107 gaudere
2360 3045 2451 3104 pos-

1450 3109 1523 3153 fint
1541 3137 1554 3150 .

1510 3172 1731 3212 Hortamur
1755 3168 1917 3212 demum
1946 3170 2111 3228 paterne
2125 3169 2237 3212 simul
2259 3196 2272 3219 ‚
2303 3169 2342 3209 &
2366 3164 2450 3209 effi-

1450 3229 1602 3271 caciter
1627 3226 1787 3271 eosdem
1810 3227 2174 3285 Archiepii‘copos,
2206 3243 2254 3276 ne
2283 3238 2452 3281 graven-

1452 3297 1519 3329 tur
1533 3288 1719 3343 quolibet
1735 3289 2010 3344 quinquennio
2022 3316 2037 3338 ‚
2069 3301 2212 3342 nempe
2228 3299 2319 3327 cum
2336 3297 2454 3326 reno-

1448 3346 1532 3389 vari
1551 3345 1616 3389 libi
1644 3346 1835 3402 praedistae
1850 3346 2027 3390 formuiae
2056 3348 2184 3390 tertiae
2210 3342 2450 3387 facultatem

1447 3405 1699 3462 postulabunt
1713 3432 1726 3455 ‚
1756 3410 1843 3450 Nos
1862 3436 1879 3457 ,
1893 3408 1960 3450 seu
1974 3409 2204 3450 Romanum
2218 3401 2452 3445 Pontificem

1448 3479 1522 3522 pro
1546 3474 1728 3521 tempore
1765 3465 2000 3507 existentem
2025 3479 2099 3520 per
2124 3475 2316 3518 organum
2347 3460 2454 3514 ejus·

1447 3525 1539 3567 dem
1559 3524 1898 3578 congregationis
1919 3524 1971 3566 de
1997 3523 2123 3564 fructu
2139 3550 2154 3573 ,
2180 3524 2219 3564 δι
2249 3516 2451 3574 progressu

1446 3583 1645 3625 dinatum
1662 3581 1887 3624 Miffionum
1916 3583 2140 3624 certiorare
2154 3608 2168 3630 ‚
2198 3577 2451 3623 salvatamen

1448 3643 1488 3684 in
1525 3639 1720 3696 praemissis
1748 3642 1986 3683 austoritate
2015 3640 2356 3696 Congregationis
2385 3650 2453 3679 eo·

1446 3699 1628 3743 rumdem
1650 3699 1931 3742 Cardinalium
1949 3729 1960 3741 .

1506 3762 1786 3802 Decernentes
1800 3759 1956 3802 easdem
1972 3758 2182 3815 praesentes
2200 3760 2336 3803 literas
2351 3757 2450 3798 sem-

1444 3832 1518 3875 per
1531 3817 1660 3861 firm'as
1674 3844 1688 3867 ,
1719 3817 1870 3867 validas
1886 3846 1899 3870 ,
1925 3819 1964 3860 &
1986 3817 2172 3862 efficaces
2187 3818 2357 3862 existere
2370 3843 2385 3865 a
2412 3815 2450 3855 &

2307 3877 2392 3919 fore
