2638 4204
440 206 612 266 210

1178 177 1695 264 Provincia

363 311 498 362 aeficiis
512 337 525 357 ‚
551 313 594 354 (9¹
609 311 851 360 temporalium
864 315 1159 367 administratione
1172 336 1186 357 ‚
1211 314 1326 361 quoad
1350 311 1580 362 spiritualem
1602 309 1930 361 administrationem
1940 311 2099 360 appeltam
2115 314 2258 366 nostram
2277 316 2459 367 promtu

363 374 438 401 mus
450 363 493 404 ὠ·
513 361 681 412 offbrimus
697 386 707 402 ,
747 370 866 411 utpote
879 377 920 403 ex
937 363 1000 416 affe
1013 363 1213 413 ‘Beatiffimae
1232 361 1378 412 Virgini
1396 363 1514 400 devoti
1533 361 1686 400 Clientes
1698 385 1713 406 ,
1737 361 1812 403 &c-

464 408 609 450 Vietmae
631 411 739 458 iutra
755 412 881 452 vrbem
904 416 960 453 die
971 428 1005 464 9.
1026 415 1117 464 Maji
1138 414 1245 460 ²635·

1006 520 1128 572 Veflrae
1150 519 1421 569 Eminenttffimae
1447 519 1670 571 Celsitudinis

927 572 1071 624 Patris
1105 573 1161 620 (9·
1192 572 1448 621 fundatoris
1473 568 1792 635 Clementiffi’mi
1808 603 1823 618 .

1045 700 1273 751 ‘Devotiffimi
1299 713 1339 737 ac
1364 698 1594 749 promptiffimi
1621 695 1707 733 Filii

1145 748 1206 787 Fr.
1223 748 1373 788 Alexim
1393 748 1615 794 ‘Burgundus
1631 769 1643 790 ‚
1670 745 1909 784 Provincialis
1922 769 1934 777 -

1143 796 1204 835 Fr.
1230 798 1431 836 Ludovicus
1455 795 1736 843 Rosenheimeafis
1753 819 1766 838 ,
1791 795 1963 844 Definitor
1978 821 1990 833 .

1143 845 1204 884 Fr.
1230 846 1442 884 ‘Remedium
1469 844 1790 893 Forckenheimensts
1807 870 1818 888 ,
1846 844 2041 892 Βςβιιίιον.

1139 894 1200 932 Fr·
1221 895 1399 944 sylvanus
1423 896 1465 932 de
1486 892 1698 943 Monteforte
1712 917 1724 937 ,
1751 893 1923 942 Definitor
1950 919 1961 930 .

1146 944 1211 983 Fr.
1236 944 1473 995 Hieronymus
1492 941 1732 993 Brixiuensis,
1758 943 1933 993 Definitor
1947 965 1959 978 .

364 1083 604 1104 Ἀ-
956 1084 1202 1098 --ί

363 1194 567 1247 Instante
588 1196 796 1264 Philippo
809 1194 1142 1264 Christophoro
1158 1232 1174 1255 ,
1193 1196 1381 1247 Archie-

429 1265 615 1335 piscopo
653 1265 700 1315 ὅ(
736 1267 943 1316 ΕΙεέὶοτε
960 1266 1234 1318 Trevirense
1253 1303 1268 1325 ,
1303 1271 1379 1318 Fr.

433 1336 643 1387 Antonio
672 1339 836 1386 Mariae
863 1339 919 1387 de
940 1341 1093 1389 Reitta
1120 1357 1228 1390 cum
1244 1341 1381 1390 Socio

426 1406 634 1475 quaedam
651 1410 893 1478 privilegia
907 1409 1119 1459 concedit
1135 1445 1148 1458 .

361 1536 399 1579 A
415 1545 555 1592 tergo:
580 1537 797 1580 Venerabili
811 1537 984 1590 Fratri,
1015 1538 1192 1594 Philippo
1207 1536 1382 1594 Christo·

407 1595 538 1652 pharo
551 1625 567 1649 ‚
599 1595 893 1654 Archiepfiopo
913 1594 1156 1654 Trevireust',
1185 1600 1322 1641 s.R·1.

679 1657 851 1713 Principz
868 1655 1037 1701 Eli-Hori
1049 1685 1061 1697 .

354 1761 842 1833 URBANUS
915 1778 1134 1826 PAPA
1177 1778 1372 1825 V111.

390 1901 626 1949 Venerabilis
650 1905 799 1948 Frater
809 1901 991 1961 sulutem
1013 1901 1067 1953 ὠ·
1082 1900 1341 1960 Apostolioum

706 1961 1026 2005 Benediblionem.

456 2080 495 2122 A
509 2108 525 2130 ,
540 2093 627 2136 quae
641 2076 838 2134 possumus
853 2080 1119 2125 Fraternitati
1152 2089 1230 2123 tuae
1261 2083 1371 2125 Pon·

470 2137 602 2181 tificiae
618 2139 832 2184 charitatis
849 2141 1093 2185 documenta
1107 2139 1222 2189 dare,
1237 2140 1367 2183 liben-

353 2207 422 2240 ter
438 2197 674 2241 exhibemus
688 2227 703 2251 ‚
730 2201 771 2242 &
789 2201 951 2244 illorum
965 2229 980 2252 ‚
1010 2214 1096 2258 quae
1109 2200 1130 2241 i
1150 2199 1278 2243 Nobis
1293 2201 1366 2242 fla-

355 2257 459 2313 gitas
475 2287 490 2310 ‚
522 2257 867 2313 quemadmodum
882 2273 954 2316 par
969 2260 1025 2302 est
1039 2289 1055 2312 ‚
1086 2260 1283 2303 rationem
1301 2261 1368 2302 ha·-

355 2315 496 2358 bemus
508 2345 518 2356 .
547 2318 764 2372 Propterea
782 2334 876 2362 cum
890 2320 1007 2361 rebus
1023 2319 1101 2360 tuis
1116 2317 1166 2361 ad
1183 2328 1369 2375 optatum

355 2375 511 2418 exitum
539 2376 806 2428 perducendis
819 2409 836 2430 ,
870 2379 1062 2434 Religiofi
1080 2378 1198 2429 Viri,
1233 2379 1370 2420 Anto-

357 2433 414 2476 nii
437 2433 570 2476 Mariae
592 2433 644 2476 de
676 2437 819 2479 Reitta
834 2466 849 2488 ,
879 2452 929 2479 ex
953 2437 1111 2479 Ordine
1134 2437 1370 2491 Capucino-

358 2505 451 2536 rum
476 2495 515 2536 S.
543 2493 775 2546 Francisci,
806 2492 1048 2538 confessarii
1063 2495 1125 2538 tui
1142 2508 1368 2551 ,opes-am..

1172 2646 1375 2712 ΝΟ

1441 1209 1519 1239 non
1534 1207 1673 1250 parum
1689 1190 1923 1235 conducere
1937 1190 2044 1247 poffe
2061 1195 2288 1249 exposueris
2303 1224 2317 1247 ‚
2348 1198 2459 1252 peti-

1440 1254 1617 1298 tionibus
1634 1253 1711 1295 tuis
1727 1261 1949 1294 annuentes
1963 1279 1977 1301 ‚
1991 1251 2165 1294 libenter
2176 1254 2456 1309 concedimus,

1442 1324 1487 1355 ut
1522 1323 1604 1354 tam
1622 1311 1692 1354 ille
1707 1339 1721 1363 ‚
1752 1313 1871 1367 quam
1892 1310 1978 1367 ejus
1994 1312 2133 1353 Socius
2153 1340 2167 1363 ,
2198 1312 2248 1352 nd
2265 1327 2313 1356 ea
2329 1342 2346 1364 ,
2370 1329 2459 1368 qua

1445 1370 1650 1420 indicasti,
1679 1371 1841 1427 negotia
1864 1370 2144 1424 pertractanda
2162 1400 2175 1423 ‚
2205 1371 2274 1413 ubi
2299 1372 2461 1428 longius

1441 1430 1757 1485 digrediendum
1775 1430 1854 1471 illis
1872 1428 2022 1476 fuerit,
2055 1430 2168 1487 equis
2185 1431 2278 1474 vehi
2295 1431 2460 1487 poffint‚

1441 1491 1598 1541 &,cum
1617 1503 1710 1531 vera
1725 1488 1932 1532 necessitas
1948 1489 2109 1545 exigere
2126 1490 2335 1533 videbitur
2349 1519 2364 1543 ,
2380 1491 2457 1533 ali-

1440 1563 1558 1606 quem
1572 1548 1802 1600 adducant,
1829 1550 1853 1592 ὲ
1867 1563 1951 1604 quo
1968 1550 2182 1604 pecuniam
2201 1559 2274 1592 tuo
2285 1550 2456 1593 nomine

1436 1618 1637 1663 erogante
1652 1607 1733 1650 illis
1747 1605 1967 1650 necessaria
1984 1607 2300 1664 suppeditentur
2313 1637 2326 1649 .
2350 1611 2473 1651 Coe--

1436 1679 1522 1710 tera
1539 1680 1786 1722 nequaquam
1814 1667 2086 1720 permittenda
2111 1668 2299 1710 duximus
2317 1695 2331 1717 ‚
2359 1677 2458 1710 tan-

1435 1739 1555 1782 quam
1583 1724 1759 1780 regularl
1786 1724 2005 1781 disciplinae
2034 1727 2150 1768 nimis
2167 1724 2426 1769 adversantia
2443 1755 2457 1768 .

1433 1784 1558 1843 Quod
1575 1784 1666 1826 Tibi
1682 1797 1840 1840 quoque
1866 1799 1940 1839 pro
1956 1784 2146 1828 consueta
2169 1795 2240 1828 tua
2254 1785 2455 1840 pietatt,

1432 1845 1608 1887 maxime
1624 1845 1840 1898 probatum
1856 1844 1903 1885 iri
1931 1843 2135 1900 sperantes
2151 1871 2166 1892 0
2187 1843 2455 1887 fraternitati

1432 1914 1507 1947 tuae
1528 1904 1578 1946 ab
1604 1902 1788 1946 altiffimo
1817 1901 1938 1946 fausta
1965 1907 2108 1946 cuneta
2134 1916 2348 1959 precamur
2365 1932 2380 1956 ‚
2415 1905 2457 1945 &

1430 1961 1709 2019 Apostolicam
1741 1962 2069 2006 Benedistionem
2094 1971 2356 2019 peramanter
2371 1963 2453 2005 im-

1433 2032 1655 2078 pertimui·-

1494 2083 1644 2122 Datum
1668 2080 1807 2121 Romae
1821 2078 1925 2133 apud
1943 2083 1986 2123 S.
1999 2081 2165 2123 Petrum
2196 2077 2264 2122 sub
2279 2077 2451 2121 Annulo

1427 2139 1646 2182 Piscatoris
1659 2137 1725 2180 die
1736 2142 1828 2180 xxx.
1839 2139 2021 2195 Januarii
2038 2151 2330 2183 mocxxxuu·
2344 2138 2452 2191 Pong

1428 2198 1604 2243 tificatus
1621 2197 1758 2240 Nostri
1778 2201 1899 2240 Anno
1915 2199 2226 2254 decimoquinto
2238 2224 2251 2237 .

1713 2313 1847 2370 Julius
1862 2313 2154 2370 Rospigliosius
2169 2317 2334 2357 Secret.

1489 2436 1636 2488 Autog.
1650 2433 1693 2473 iu
1711 2435 1855 2475 Secret.
1874 2434 1987 2475 Brev·
2001 2431 2052 2476 ad
2066 2431 2203 2476 Princ-
2221 2434 2316 2489 ch.
2330 2432 2454 2492 meris}

1545 2492 1599 2542 (γ’
1610 2489 1930 2550 annipraed.fol.
1946 2503 2016 2540 52.

1442 2646 1656 2711 TA.

439 2797 485 2834 R.
511 2796 708 2833 Antonium
722 2795 892 2840 Mariam,
920 2795 1047 2834 Virum
1060 2799 1192 2835 virtute
1206 2796 1242 2834 8<
1257 2796 1415 2835 doftrina
1433 2796 1594 2842 insignem
1619 2794 1714 2832 fuifl'e
1737 2796 1885 2844 probant
1900 2798 1935 2831 &
1962 2794 2100 2840 officia,
2126 2808 2206 2844 quae
2229 2795 2331 2842 geffit
2350 2794 2448 2843 apud

456 2847 708 2883 Sereniffimum
721 2845 916 2884 Eleaorem
930 2846 1172 2884 Trevirensem
1193 2869 1206 2889 ‚
1243 2846 1278 2882 &
1298 2846 1451 2884 encomia
1464 2870 1477 2889 ‚
1514 2847 1639 2892 quibus
1660 2857 1739 2882 eum
1767 2844 2004 2881 commendant
2030 2847 2119 2882 varii
2135 2846 2333 2894 Scriptores
2347 2869 2360 2889 ‚
2389 2844 2448 2881 In-

358 2905 409 2932 ter
426 2907 515 2942 quos
529 2897 713 2932 Garamuel
743 2895 780 2931 in
806 2895 950 2932 secunda
964 2905 1055 2942 parte
1077 2896 1141 2932 suae
1156 2894 1400 2932 Matremeticae
1417 2896 1592 2941 Apollinis
1606 2894 1798 2930 circularis
1815 2893 1912 2930 Musa
1930 2894 2072 2930 secunda
2084 2895 2227 2931 Coelesti
2243 2907 2340 2932 num.
2357 2894 2443 2940 348.

358 2956 442 2992 pag.
458 2953 493 2990 7.
508 2945 581 2991 post
602 2945 786 2982 articulum
801 2968 814 2988 ‚
839 2956 910 2991 quo
935 2944 971 2980 in
983 2944 1116 2981 Ordine
1140 2943 1258 2980 nostro
1283 2943 1451 2981 Scientias
1462 2955 1579 2980 omnes
1601 2943 1724 2979 florere
1739 2968 1752 2986 ,
1780 2949 1813 2980 &
1841 2942 1946 2980 Viros
1966 2943 2088 2980 doetus
2108 2945 2238 2990 semper
2264 2941 2413 2989 viguisse
2426 2964 2440 2980 2

358 2993 497 3035 asserit,
523 2992 565 3029 de
590 3005 634 3029 eo
652 2993 699 3030 ita
713 2993 892 3041 loquitur-z
919 2993 965 3029 Et
985 2993 1094 3031 Pater
1118 2991 1315 3030 Musonius
1340 2993 1462 3029 Maria
1484 2993 1527 3030 de
1549 2990 1681 3028 Reitha
1707 2992 1793 3028 mihi
1816 2991 1919 3027 etiam
1947 3002 2041 3027 nunc
2062 2992 2100 3026 in
2121 2991 2197 3028 calo
2225 2995 2293 3039 (ut
2309 2990 2443 3039 spero)
2491 3023 2494 3026 ,

357 3041 568 3092 amiciffimus
580 3066 594 3086 ,
617 3042 755 3089 ingenio
767 3053 886 3089 magno
895 3040 1019 3090 polluis
1032 3066 1046 3087 ,
1069 3044 1108 3079 in
1130 3042 1283 3079 omnibus
1304 3042 1474 3079 Scientiis
1486 3042 1650 3086 emicuit,
1675 3050 1717 3078 ut
1735 3041 1808 3091 ejus
1827 3038 1912 3078 libri
1934 3041 1973 3075 in
2001 3038 2109 3077 lucem
2120 3041 2233 3090 emissi
2245 3040 2414 3092 testantur
2427 3062 2439 3074 .

362 3091 445 3127 Hos
466 3102 598 3128 enarrat
617 3090 831 3128 Bibliotheca
851 3090 965 3127 nostra
978 3091 1193 3139 Scriptorum
1220 3091 1368 3129 Ordinis
1390 3090 1600 3138 sequentes:

457 3140 561 3186 Opus
581 3140 818 3176 intitulatum:
844 3138 977 3176 Oculus
993 3140 1106 3178 Enoch
1120 3141 1163 3183 ὼ·
1174 3139 1256 3177 Eliae
1267 3164 1279 3184 ,
1294 3140 1369 3189 five
1382 3139 1506 3176 radius
1515 3139 1718 3187 Sydereomy
1745 3138 1820 3174 icus
1832 3162 1844 3182 ‚
1871 3137 2096 3176 planetarum
2110 3139 2230 3176 varios
2249 3147 2359 3175 motus
2363 3133 2439 3187 sblo

362 3190 557 3226 excentrica
571 3189 714 3227 tradens
730 3212 743 3234 ,
767 3199 860 3225 nova
881 3188 1086 3238 &jucunda
1105 3189 1305 3246 continens:
1332 3187 1471 3237 ejusque
1486 3188 1634 3238 perfefiia
1653 3190 1693 3224 vi
1702 3186 1801 3225 tbilia
1819 3185 1992 3236 magnalia
2003 3187 2196 3236 praedicans
2206 3213 2220 3233 ,
2245 3188 2346 3237 cujus
2360 3188 2440 3225 Το-

362 3249 440 3275 mus
460 3237 625 3276 secundus
640 3239 711 3283 agit
730 3238 776 3275 de
790 3237 932 3286 mystica
947 3238 1164 3275 Astronomia
1180 3250 1260 3276 cum
1277 3239 1403 3273 titulo:

463 3285 753 3337 Theoaslronomia
769 3311 782 3332 ,
805 3285 874 3335 qud
893 3286 1153 3326 conlideratione
1167 3284 1352 3337 visibilium
1367 3310 1378 3330 ,
1405 3285 1449 3328 ὠ·
1467 3286 1642 3338 coelestium
1662 3296 1725 3336 per
1740 3298 1844 3324 novos
1866 3286 1910 3328 ἐς·
1925 3284 2096 3335 jucundos
2108 3294 2288 3336 conceptus
2309 3283 2438 3334 pradi-

364 3334 489 3374 cabiles
509 3337 553 3372 ab
567 3335 682 3388 Astris
699 3335 886 3386 desumptos
900 3336 1001 3373 Mem
1015 3336 1163 3374 humana
1181 3337 1221 3373 in
1233 3334 1423 3385 invifibilia
1436 3336 1507 3374 Dei
1520 3337 1774 3375 introducitur.
1790 3335 1944 3385 lmpress.
1963 3335 2166 3383 Antuerpiae
2188 3336 2280 3384 apud
2297 3333 2427 3371 Hiero-

365 3396 509 3435 nymum
532 3385 737 3422 verdunum
750 3397 842 3421 anno
858 3383 962 3431 1645.

458 3431 568 3471 Nova
576 3435 777 3483 parodotica
787 3459 800 3477 ,
815 3433 880 3484 seu
897 3434 988 3471 mira
1000 3433 1043 3476 &⁹
1049 3434 1208 3486 jucunda
1219 3433 1365 3485 expensio
1381 3431 1525 3485 Visiouis
1539 3433 1728 3473 Ezechielis
1742 3431 1920 3484 Propheta
1938 3432 2171 3483 Systigmatico
2193 3432 2319 3475 mundo
2339 3440 2429 3479 vago

364 3481 535 3533 applicata
550 3509 560 3519 .

463 3532 503 3567 Et
524 3530 715 3581 Fasciculus
733 3532 1033 3582 Indulgentiarum
1057 3533 1077 3568 ὲ
1092 3534 1201 3575 Paulo
1214 3534 1263 3572 V.
1275 3533 1511 3579 Regularibus
1532 3531 1763 3572 concessarum
1778 3555 1792 3577 ,
1815 3530 1851 3568 &
1873 3532 1915 3568 ab
1929 3531 2075 3568 Urbano
2091 3528 2195 3567 vni.
2217 3531 2435 3567 confirmam-

365 3591 442 3618 tum
460 3605 471 3616 .
501 3582 791 3628 lmpressdbidem
805 3595 893 3620 anno
908 3582 1011 3630 1646.

464 3629 624 3678 Reliquit
638 3632 673 3669 ἃ
700 3633 733 3667 in
748 3631 890 3681 Scriptis
901 3631 1154 3670 commentaria
1165 3633 1204 3669 iu
1209 3631 1346 3683 sacram
1360 3631 1509 3684 Genefim
1518 3655 1534 3678 ,
1556 3631 1592 3670 &
1606 3629 1845 3686 Equfitionem
1857 3629 1898 3668 in
1912 3625 2132 3681 Apvssalypfin
2146 3653 2158 3673 ο
2182 3641 2282 3678 ‘1⁰⁸2
2293 3633 2438 3668 morte„

368 3678 549 3717 Ravenna
569 3691 787 3728 praeventus,
799 3680 1027 3731 publicijuris
1037 3680 1146 3721 facere
1162 3694 1233 3722 non
1247 3684 1363 3731 potuit
1377 3710 1388 3722 .

2283 3848 2393 3897 Eune
