2638 4204
444 205 625 288 218

373 335 672 390 Provinciam
709 331 767 380 ad
800 330 1032 382 instantias
1067 327 1389 397 Augustiffimi

440 404 739 474 Imperatoris
762 402 985 472 Leopoldi
1020 401 1196 459 dividi,
1231 402 1388 452 P.Mi-

439 478 579 528 nistro
595 475 811 524 Generali
830 474 1081 524 committit
1093 506 1106 521 .

367 609 405 653 Ἀ
431 617 547 660 tergo
571 616 583 645 ε
620 600 773 645 Βίῖεὲῗο
805 601 909 647 Filia
928 630 942 653 ‚
959 599 1146 658 Ministro
1174 600 1386 655 Generali,

444 664 600 707 Ordinis
625 664 814 703 Fratrum
836 666 1038 705 Minorum
1055 664 1095 701 s.
1111 661 1314 718 Franctfii

560 721 848 775 Capacinorum
860 730 1174 775 nuncupatorum
1188 747 1200 760 .

375 841 874 892 CLEMENS
980 840 1234 890 PAPA
1319 845 1384 895 X.

435 977 606 1021 ‘Dileb‘le
628 978 709 1021 Fili
724 977 928 1034 sulutem,
961 977 1016 1027 ὠ·
1039 975 1299 1038 Apostolicam

714 1037 1035 1082 Benediffloncm.

490 1159 526 1200 U
542 1157 613 1206 M,
639 1154 737 1197 ficut
763 1157 895 1198 Nobis
919 1169 1050 1213 nuper
1067 1155 1215 1210 exponi
1235 1155 1384 1210 fecisti,

506 1215 719 1259 Provincia
751 1216 952 1258 Bohemiae
992 1214 1051 1260 tui
1082 1215 1249 1260 Ordinis
1282 1218 1382 1260 Fra-

368 1285 476 1316 trum
507 1276 714 1316 Minor-um
747 1278 791 1316 S.
810 1274 1010 1318 Francisci
1041 1277 1381 1330 Capucinorum„

365 1331 692 1388 nuncupatorum
709 1332 763 1375 ita
781 1334 939 1389 ampla,
955 1334 1145 1390 vastaque
1163 1333 1208 1377 sit
1222 1366 1236 1386 ‚
1250 1345 1295 1377 ut
1311 1337 1379 1378 uni

364 1393 436 1435 soli
452 1392 635 1434 Ministro
652 1391 896 1437 Provinciali
922 1394 1083 1450 penitus
1102 1394 1146 1436 fit
1161 1393 1375 1449 impossibi-

363 1450 416 1493 lis
446 1450 621 1493 visitatio
647 1449 834 1495 consueta
863 1451 977 1509 juxta
1001 1453 1273 1510 praescriptum
1291 1455 1377 1496 Re-

364 1508 468 1565 gulae
493 1537 507 1559 ,
534 1510 574 1549 &
599 1508 954 1555 Constitutionutn
995 1512 1090 1553 dicti
1116 1511 1288 1558 Ordinis
1325 1513 1374 1556 ad

361 1566 678 1612 conservandam
694 1567 945 1621 Regularem
966 1570 1277 1613 observantiam
1291 1585 1358 1612 om

363 1626 461 1669 nino
477 1624 665 1683 requisita
678 1638 694 1679 3
727 1638 856 1681 eaque
870 1627 920 1669 de
932 1626 1049 1670 causa
1062 1627 1305 1670 chariffimus
1331 1630 1371 1672 in

361 1685 527 1727 Christo
543 1683 667 1729 Filius
683 1684 818 1726 noster
833 1711 847 1733 ‚
880 1684 1109 1740 Leopoldus
1123 1716 1139 1737 ,
1164 1687 1369 1729 Romano·

360 1757 451 1790 rum
470 1744 560 1788 Rex
590 1741 748 1786 illustris
764 1770 778 1793 ‚
812 1744 851 1785 in
871 1745 1160 1797 Imperatorem
1189 1744 1371 1799 electus,

361 1801 539 1857 ejusdem
567 1801 791 1843 Provinciae
825 1802 1044 1844 neceffitati
1070 1817 1143 1855 per
1171 1815 1372 1858 opportu-

361 1873 455 1903 nam
472 1858 711 1901 divifionem
733 1859 755 1900 a
774 1860 904 1901 Nobis
922 1860 1130 1914 provideri
1152 1861 1371 1914 plurimum

361 1917 590 1962 desideret:
625 1919 711 1958 Nos
734 1913 912 1971 ejusdem
933 1917 1130 1973 Leopoldi
1148 1919 1275 1974 Regis
1299 1933 1372 1963 vo-

360 1979 414 2020 tis
429 1978 504 2021 hac
518 1977 556 2018 in
574 1979 833 2030 re‚quantum
850 1991 941 2022 cum
960 1977 1137 2019 Domino
1154 1977 1371 2032 possumus,

359 2033 640 2079 favorabiliter
667 2047 847 2077 annuere
875 2065 892 2087 ,
924 2049 970 2079 ac
1001 2035 1115 2077 dietae
1148 2038 1370 2081 Provincia

360 2093 587 2137 commodis
601 2121 614 2144 ‚
641 2092 682 2135 &
704 2092 926 2136 neceffitati
940 2093 1149 2140 consulere
1163 2095 1373 2151 volentes,

361 2155 536 2209 Tequea
552 2151 751 2208 quibusvis
766 2154 1195 2197 excommunicationis
1207 2156 1270 2197 &c
1299 2157 1371 2198 ha-

361 2225 449 2257 rum
480 2211 580 2255 serie
605 2207 891 2263 absolventes3
918 2213 958 2253 &
982 2211 1209 2258 absolutum
1231 2213 1375 2259 fore-³

362 2269 571 2313 censentes
585 2298 598 2320 ‚
626 2268 985 2323 supplicationibus
1001 2280 1075 2314 tuo
1092 2274 1268 2316 Nomine
1289 2276 1376 2316 No-

366 2330 426 2374 bis
441 2330 556 2384 super
571 2329 647 2370 hoc
665 2327 875 2371 humiliter
888 2331 1084 2386 porrectis
1100 2330 1285 2374 inclinati
1296 2359 1310 2382 ‚
1325 2345 1372 2374 ac

365 2388 418 2430 de
443 2398 510 2430 tua
526 2387 604 2429 fide
621 2412 636 2436 2
668 2387 884 2443 prudentia
901 2417 915 2440 ,
938 2389 1142 2435 charitate
1157 2417 1171 2440 ,
1202 2390 1372 2447 vigilan-

365 2448 421 2490 tia
435 2472 449 2496 a
477 2447 630 2502 pietate
647 2471 662 2494 ‚
691 2445 922 2501 integritate
938 2475 952 2498 ‚
973 2449 1013 2490 δι
1029 2448 1255 2504 Religionis
1281 2450 1371 2492 zelo

366 2506 587 2562 plurimum
600 2505 640 2547 in
658 2505 838 2548 Domino
853 2505 986 2548 confifi
1001 2536 1017 2558 ,
1039 2508 1154 2559 Tibi,
1169 2510 1265 2551 utin
1283 2511 1368 2554 aestu

363 2563 604 2607 vifitationis
645 2574 873 2606 memoratae
915 2565 1136 2611 Provincia:
1177 2581 1247 2622 per
1286 2569 1370 2611 Te-

366 2623 496 2677 ipsum
508 2649 521 2670 a
537 2624 561 2663 fi
579 2623 733 2678 poteris
747 2649 760 2673 ,
787 2621 840 2666 fin
859 2625 990 2666 minus
1004 2654 1019 2677 ,
1043 2626 1168 2667 etiam
1184 2637 1295 2669 extra
1312 2628 1373 2670 vi-

366 2681 593 2724 sitatiedem
625 2679 854 2734 hujusmodi
871 2708 885 2730 ‚
905 2685 944 2727 ἃ
968 2696 1038 2737 per
1049 2685 1374 2733 Commiil'arium¹

367 2739 558 2783 idoneum
581 2738 631 2783 ad
660 2739 698 2781 id
717 2739 736 2780 a
758 2741 820 2784 Te
834 2741 1111 2798 deputandum
1127 2773 1141 2796 ,
1169 2744 1376 2791 eandem-a

323 2853 326 2859 .
365 2799 624 2854 Provinciam
640 2799 838 2843 Bohemiae
858 2828 872 2853 ,
897 2801 936 2845 in
954 2801 1081 2854 duaS‚
1098 2805 1326 2851 nominibus
1353 2805 1377 2847 εὶ

372 2859 434 2900 Te
450 2857 700 2913 imponendis
716 2860 1018 2913 nuncupandas,
1036 2864 1286 2910 Auctoritate
1302 2878 1377 2907 no-

373 2916 449 2960 stra
465 2915 696 2971 Apostolica
712 2917 899 2960 dividere
912 2948 927 2969 ,
956 2934 1003 2965 ac
1026 2921 1185 2978 utrique
1204 2925 1376 2966 Provin-

371 2977 440 3017 ciae
464 2974 966 3029 hujusmodi2Conventus,
983 2981 1139 3023 Domos
1153 3010 1166 3031 ,
1181 2984 1219 3024 &
1241 2982 1377 3038 hospi·

369 3036 427 3089 tia
439 3034 660 3080 Provinciae
674 3032 726 3076 fic
738 3033 959 3083 dividendae
973 3038 1190 3098 respective
1203 3042 1374 3099 affigun-

1124 3172 1348 3269 No

1403 2047 1405 2049 ’
1434 2037 1551 2076 matis
1566 2064 1580 2085 ‚
1603 2037 1858 2080 &innovatis
1872 2063 1882 2074 .

1191 193 1711 282 Provincia

1453 345 1512 380 re,
1528 331 1595 372 seu
1609 327 1762 379 dividi,
1774 327 1814 368 &
1830 326 2042 383 assignari,
2056 334 2282 389 c-aeteraque
2298 332 2335 376 in
2354 346 2458 389 prae-

1450 389 1566 431 miffis
1578 418 1593 441 ,
1629 390 1666 430 &
1682 390 1789 430 circa
1822 401 1869 428 ea
1885 386 2196 443 quomodolibet
2207 391 2462 444 necessum,⁴

1447 450 1487 490 δι
1499 459 1726 504 opportuna
1745 446 1883 489 facere
1898 476 1913 498 ,
1942 448 1981 487 δι
1998 459 2143 501 exequi
2165 447 2292 493 libere
2308 453 2346 495 ὃ(
2363 454 2460 494 lici-

1449 518 1490 550 te
1515 506 1658 562 poffis,
1681 508 1718 548 &
1750 505 1907 557 valeas,
1929 503 2165 547 facultatem
2192 508 2461 562 &licentiam‚

1448 567 1688 610 austoritate
1710 564 2033 621 praefitanenore
2050 566 2300 620 praesentium
2316 570 2467 612 tribui-

1448 640 1534 670 mus
1551 654 1565 677 ,
1594 626 1911 679 &impertimur
1926 654 1942 676 ‚
1969 624 2018 667 cai
2034 635 2167 666 tamen
2184 626 2274 679 iege
2289 651 2302 672 a
2326 638 2369 668 ut
2387 643 2461 684 pet·

1446 683 1640 742 ejusmodi
1658 685 1894 727 divisionem
1909 683 2093 738 suffragia
2114 683 2157 725 in
2174 685 2382 738 Capitulis
2398 701 2469 742 ge-

1443 744 1651 788 neralibus
1668 744 1839 786 Ordinis
1869 742 2018 798 praefati
2041 743 2177 797 augeri
2196 755 2275 784 non
2293 743 2433 797 poffint
2449 773 2465 798 ,

1447 802 1513 845 sed
1547 802 1740 859 cujusque
1777 803 2002 845 Provincia:
2040 801 2089 843 fic
2128 801 2263 844 divisae
2292 803 2465 846 Ministri

1444 861 1725 907 Provinciales
1745 865 1823 906 una
1840 876 1932 904 cum
1946 860 2125 904 Custode
2139 860 2375 903 alternatim
2389 861 2465 904 eli.

1447 922 1583 978 gendo
1596 922 1636 963 in
1652 922 1761 964 dieto
1772 922 1970 977 Capitulo
1987 920 2239 963 intervenire
2254 920 2430 962 debeant
2442 949 2461 972 ,

1444 983 1525 1029 ita,
1552 990 1597 1023 ut
1613 981 1688 1022 tria
1699 982 1854 1023 tantum
1872 992 1967 1023 vota
1982 1007 1995 1030 ,
2017 992 2166 1034 nempe
2179 977 2354 1021 duorum
2375 979 2463 1022 Mi-

1445 1039 1663 1084 nistrorum
1686 1039 2030 1087 Provincialium,
2057 1039 2097 1080 δι
2119 1038 2233 1081 unius
2260 1036 2453 1082 Custodis

1446 1099 1721 1152 constituant3
1750 1108 1875 1154 utque
1891 1100 1929 1141 in
1947 1096 2119 1153 praefatis
2138 1096 2364 1140 Provinciis
2381 1109 2456 1139 no-

1448 1159 1486 1200 vi
1515 1160 1755 1200 Conventus
1785 1158 1888 1213 erigi
1923 1157 1963 1197 in
1997 1156 2196 1211 posterum
2224 1157 2460 1198 nullatenus

1444 1214 1583 1272 poffint
1611 1216 1688 1259 fine
1714 1215 1888 1270 expressa
1907 1214 2071 1256 licentia
2097 1213 2210 1255 ‹1161ae
2226 1215 2342 1259 Sedis
2357 1241 2371 1265 ‚
2389 1229 2464 1270 per

1442 1276 1599 1318 litteras
1615 1276 1652 1316 in
1668 1275 1781 1316 fimili
1798 1272 1925 1316 forma
1942 1274 2081 1315 Brevis
2098 1272 2461 1331 expedienda,quae

1440 1334 1611 1389 deroget
1629 1333 1854 1390 hujusmodi
1870 1332 2138 1388 prohibitioni
2150 1360 2161 1372 .
2180 1335 2274 1374 Non
2288 1333 2429 1375 obstan
2443 1354 2463 1364 -

1441 1394 1550 1435 tibus
1566 1391 1635 1435 fel.
1651 1407 1734 1435 rec.
1749 1394 1907 1436 Urbani
1924 1391 2128 1434 PP-VIH.
2149 1389 2460 1433 Praedecefforis

1438 1451 1556 1494 nostri
1576 1452 1726 1494 litteris
1740 1479 1753 1502 ,
1781 1451 1847 1494 die
1861 1463 2041 1494 xxv111.
2078 1449 2183 1507 Junii
2210 1463 2354 1492 mocxi.
2370 1462 2464 1492 ιιι.

1441 1511 1637 1553 emanatis
1653 1538 1667 1561 ‚
1708 1524 1781 1566 per
1796 1524 1890 1566 quas
1916 1511 2024 1552 inter
2055 1509 2134 1551 alia
2153 1508 2464 1551 Provinciarum

1438 1570 1535 1611 dieti
1549 1569 1716 1612 Ordinis
1741 1568 1883 1612 divifio
1897 1568 2103 1624 prohibita
2119 1566 2339 1621 reperitur,
2354 1565 2466 1610 aliis·-

1435 1641 1513 1682 que
1528 1629 1912 1679 Constitutionibus,
1930 1629 1970 1670 &
1981 1625 2328 1669 ordinationibus
2343 1627 2457 1681 Apo-³

1432 1686 1580 1730 stolicis
1597 1714 1610 1738 ,
1626 1700 1782 1728 necnon
1801 1686 1967 1728 Ordinis
1982 1714 1994 1738 ,
2022 1687 2062 1726 &
2076 1684 2298 1727 Provinciae
2314 1681 2457 1741 hujus-

1436 1744 1573 1792 modi,
1587 1745 1709 1787 etiam
1726 1743 1981 1799 juramento,
1999 1742 2327 1803 confirmatione
2342 1748 2459 1798 Apo-

1435 1801 1571 1845 stolica
1584 1832 1601 1853 ‚
1618 1802 1683 1846 vel
1699 1803 1838 1859 quavis
1855 1801 2047 1844 firmitate
2062 1802 2136 1845 alia
2152 1802 2355 1844 roboratis
2373 1802 2457 1845 sta·-

1437 1862 1534 1903 tutis
1550 1890 1563 1912 ,
1579 1863 1619 1905 δι
1632 1861 1996 1904 consuetudinibus
2011 1890 2027 1912 ,
2045 1859 2275 1915 privilegiis
2289 1873 2459 1917 quoque

1434 1919 1603 1961 indultis
1617 1948 1630 1971 ,
1644 1922 1681 1961 δι
1698 1920 1867 1965 Litteris
1883 1920 2127 1975 Apostolicis
2143 1919 2180 1960 in
2197 1920 2454 1962 contrarium

1432 1977 1716 2032 praemissorum
1737 1979 2045 2034 quomodolibet
2059 1977 2248 2021 concessis
2262 2008 2278 2028 ,
2305 1977 2451 2020 confir.

1916 2038 2081 2093 Qibus
2099 2036 2281 2076 omnibus
2293 2064 2306 2086 ,
2321 2039 2361 2078 δι
2375 2035 2456 2077 fin-

1435 2092 1730 2148 gulis,illorum
1758 2103 1924 2138 tenores
1939 2094 2193 2150 praesentibus
2209 2106 2284 2147 pro
2305 2093 2424 2148 plene
2440 2119 2456 2144 ,

1441 2153 1479 2193 δι
1496 2151 1739 2195 sufficienter
1765 2152 1979 2210 expreffis,
2007 2153 2047 2193 &
2075 2151 2125 2194 ad
2143 2151 2307 2193 verbum
2325 2151 2456 2194 inser-

1439 2210 1491 2252 tis
1507 2212 1701 2255 habentes
1715 2241 1728 2263 ,
1743 2210 1824 2255 illis
1844 2210 1940 2256 alias
1959 2211 1996 2253 in
2012 2211 2079 2254 suo
2097 2210 2248 2252 robore
2265 2213 2458 2266 perman-

1439 2269 1538 2312 suris
1549 2300 1565 2321 ,
1577 2270 1626 2312 ad
1642 2268 1926 2327 praemifforum
1950 2269 2135 2312 effeaum
2150 2270 2223 2312 hac
2240 2271 2329 2311 vice
2343 2269 2457 2312 dun-

1437 2338 1547 2372 taxat
1566 2327 1790 2384 specialiter
1804 2332 1842 2372 &
1864 2327 2053 2385 expresse
2066 2328 2308 2384 derogamus
2324 2356 2339 2380 ,
2372 2326 2453 2371 cat-²

1434 2388 1612 2444 terisque
1627 2390 1849 2432 contrariis
1864 2386 2185 2445 quibuscunque.

1492 2449 1643 2490 Datum
1661 2451 1800 2492 Romae
1813 2449 1919 2504 apud
1936 2448 2117 2490 Sanelam
2134 2447 2303 2490 Mariam
2319 2444 2453 2500 Majo-v

1430 2521 1516 2552 rem
1545 2503 1613 2549 sub
1641 2507 1806 2552 Annulo
1833 2506 2049 2551 Piscatoris
2062 2533 2077 2558 ,
2109 2505 2178 2548 die
2197 2519 2271 2547 xxi
2287 2520 2321 2547 1.
2340 2507 2453 2548 Mar·

1432 2566 1479 2609 tii
1508 2581 1541 2607 M
1559 2581 1587 2608 o
1604 2581 1628 2609 c
1645 2582 1665 2613 ,ι
1679 2581 1705 2610 x
1719 2582 1742 2611 x
1761 2582 1775 2610 1
1801 2581 1815 2609 ι
1837 2580 1872 2609 ι.
1907 2565 2171 2611 ‚Pontificatus
2200 2563 2324 2610 nostri
2354 2564 2447 2610 Ana

1433 2639 1487 2673 no
1505 2624 1648 2671 Tertio
1660 2655 1673 2669 .

2000 2745 2034 2787 Ι.
2065 2744 2122 2785 G.
2154 2739 2338 2786 Slufius·

1497 2867 1642 2919 Autog.
1660 2863 1703 2905 in
1717 2863 1836 2906 Arcb.
1854 2865 1997 2904 Secret.
2013 2865 2133 2905 Brev.
2149 2857 2281 2914 Apost.
2297 2856 2453 2915 chcsso

1554 2923 1674 2979 mens
1684 2922 1737 2972 ὠ·
1760 2921 1856 2964 anni
1870 2921 1997 2976 praed.
2012 2919 2096 2977 fol.
2111 2931 2178 2967 25.
2205 2919 2250 2960 de
2263 2931 2338 2972 quo
2360 2921 2452 2969 Bne,

1554 2994 1599 3024 vc
1611 2981 1839 3038 formatum
1862 2994 1904 3021 m
1935 2980 2054 3022 Arch.
2077 2991 2171 3037 gen.
2202 2977 2298 3021 Ord.
2329 2980 2446 3021 Arm·

1550 3041 1766 3089 Provincia
1781 3040 1993 3085 Bohemiae.

1441 3172 1500 3238 T
1593 3172 1688 3255 A.

371 3271 461 3363 A
476 3317 638 3358 Gnatum
653 3318 714 3357 diu
726 3318 902 3368 negotium
917 3322 1051 3362 tandem
1069 3326 1266 3366 executioni
1287 3326 1406 3364 datum
1421 3325 1468 3363 est
1481 3337 1540 3377 per
1561 3325 1694 3361 tabulas
1709 3321 1887 3369 sequentes
1897 3347 1908 3363 .

788 3441 901 3492 ΙΝ
999 3445 1455 3500 ΝοΜιΝΕ
1555 3406 2027 3497 ι)ὀΜ”’“ιΝ’Ῑ.

684 3567 782 3623 Nos
811 3569 889 3623 Fr.
919 3571 1152 3640 Stephanus
1195 3578 1221 3624 ἃ
1251 3574 1400 3641 (Ῑψηα
1424 3610 1440 3636 ,
1471 3577 1601 3625 totius
1626 3572 1924 3638 Capacinorum
1960 3571 2136 3623 Ordinis

1043 3642 1256 3697 Minister
1281 3647 1500 3701 Generalis
1517 3681 1529 3697 .
1582 3646 1669 3711 (L.
1699 3646 1775 3707 Ῑ.)

468 3765 557 3806 Cum
571 3763 672 3815 'nostri
696 3769 848 3806 muneris
860 3771 906 3819 fit
922 3795 936 3815 ‚
962 3771 1005 3813 (θ’
1015 3772 1132 3812 deceat
1147 3786 1200 3812 eos
1213 3797 1226 3818 ‚
1248 3776 1309 3823 qui
1321 3775 1367 3812 ad
1376 3773 1571 3823 Regimt‘m'x
1585 3773 1711 3821 apicem
1723 3769 1923 3818 evefiiisunt
1933 3793 1946 3813 ,
1959 3771 1998 3806 in
2010 3769 2071 3808 illa
2080 3768 2248 3818 praecipue
2267 3768 2371 3805 aciem
2383 3765 2442 3824 dt:-

375 3816 514 3878 ²⁴33?qu
537 3827 609 3867 ΨΜ
619 3826 788 3855 commune
797 3818 1068 3871 Provinciarum
1076 3846 1090 3868 ,
1111 3823 1155 3872 ἐξ
1167 3822 1362 3873 Religion&
1374 3824 1497 3863 bonum
1511 3845 1525 3869 ,
1551 3833 1591 3862 ac
1605 3821 1764 3872 majorem
1778 3820 1848 3858 Dei
1854 3818 2004 3867 gloriam
2018 3844 2032 3867 ,
2060 3817 2340 3870 Chrtssifidelium
2368 3824 2445 3858 utne

401 3883 408 3888 *
428 3889 431 3894 ,
448 3883 456 3894 x
475 3882 481 3894 ι
499 3883 506 3894 ι
1142 3885 1150 3899 3

2320 3865 2405 3902 lita-
