2658 4256
926 220 1562 338 Tyrolensis.

195 356 382 400 culinam
405 369 503 399 cum
518 371 673 414 poenu,
703 356 868 401 cellam
897 356 1091 402 vinariam
1111 384 1125 407 ‚
1154 357 1194 399 δι

194 414 300 458 aliud
313 415 465 466 cubile,
479 418 740 460 Bibliothecae
756 414 1036 459 inserviturum
1050 444 1065 467 ,
1079 428 1192 458 cum·

192 486 266 527 que
282 473 446 518 hortulo
460 478 510 518 ad
526 477 798 520 neceffitatem
816 475 880 526 ,δι
896 470 1008 516 usum
1021 474 1194 518 Cutina,

184 531 230 575 in
244 532 483 590 ampliorem
499 538 604 579 vero
619 534 777 579 forman
799 529 1008 576 aedificium
1033 545 1108 572 nec
1124 545 1194 572 ex-

184 592 295 635 ,trahi
324 622 338 645 ,
368 606 442 637 nec
485 596 616 650 redigi
646 593 761 650 potiit
789 620 803 643 ,
832 602 1006 647 quorum
1037 588 1197 644 insuper

186 650 491 695 Beneficiorum
505 654 620 696 donis
636 681 650 703 ,
679 654 720 697 δι
742 649 962 703 sumptibus
977 647 1110 703 surget
1126 660 1196 702 pa-

185 711 292 755 riter
314 710 505 758 sacellum
532 711 597 754 seu
622 723 742 766 parva
757 707 932 754 Ecclesia
949 735 961 758 ,
992 706 1116 749 tribus
1142 704 1196 772 ad

183 770 381 814 summum
396 772 606 814 Altaribus
633 771 815 811 extructa
832 793 847 816 a
878 767 1007 808 Beata:
1034 765 1195 822 Virgini

183 830 323 873 Mariae
338 829 594 873 Auxiliatrici
610 827 783 870 dicanda
800 854 812 866 .

247 886 744 933 Tertio-Miffionariorum
759 896 949 926 numerus
962 881 1007 924 sit
1025 879 1195 934 semper,

183 949 225 989 δι
246 949 286 989 in
312 961 444 991 aevum
459 955 678 1002 quaternus
693 970 708 993 ,
740 941 930 984 Miffionis
951 940 1193 995 superiore,

183 998 1195 1106 inui‘ss'nssffiZi‘ivissssissffiesefflfff‘lifffiffi}

177 1118 344 1178 insuper
356 1119 496 1163 addito
508 1149 523 1170 ‚
536 1119 607 1174 qui
620 1088 814 1162 numert'is
830 1115 909 1159 fine
922 1112 1104 1172 expreffo
1119 1127 1189 1179 no:

183 1180 264 1222 stro
279 1208 294 1232 ,
324 1178 388 1221 vel
406 1175 690 1222 Succei-sorum
706 1207 721 1228 ,
745 1178 786 1218 δι
801 1174 1052 1218 Venerabilis
1069 1173 1189 1215 nostri

183 1238 367 1295 Capituli
394 1234 586 1280 consensu
623 1236 747 1279 nullis
785 1249 962 1292 unquam
994 1231 1190 1288 tempori-

185 1299 257 1340 bus
287 1297 458 1352 augeri,
489 1309 564 1338 nec
583 1296 705 1338 minui
729 1292 843 1350 poffit
863 1323 876 1336 .

243 1356 403 1415 Qarto
417 1383 428 1396 .
454 1354 733 1398 Providebunt
747 1366 872 1408 porro
887 1350 1124 1395 Monasteria
1142 1347 1193 1390 de

184 1413 380 1469 Salzburg
402 1441 417 1464 ,
444 1415 485 1454 &
510 1412 697 1455 Radstatt
713 1441 726 1462 ,
758 1410 837 1452 sive
856 1411 935 1467 ipse
952 1412 1070 1452 Pater
1089 1412 1190 1453 Pro·

186 1472 367 1514 vincialis
382 1499 397 1521 ,
425 1473 466 1512 &
490 1471 705 1513 Provincia
724 1468 973 1513 Miffionariis
997 1467 1191 1523 praedictis

184 1531 237 1574 de
255 1542 433 1585 congrua
461 1527 770 1579 sustentatione,
802 1538 886 1570 tum
901 1530 940 1571 δε
953 1529 1004 1570 de
1021 1525 1195 1582 supelle-

184 1589 268 1632 &ili
281 1617 295 1641 ,
318 1587 482 1644 aliisque
497 1585 721 1632 necessariis
739 1586 790 1629 ad
807 1585 918 1630 usum
935 1586 1109 1636 sacelli,
1126 1584 1194 1635 fic,

186 1659 234 1692 ut
248 1662 322 1690 nec
340 1648 467 1689 Nobis
483 1674 496 1697 ,
529 1647 757 1691 Provinciae
771 1647 910 1688 nostrae
925 1674 939 1696 ,
971 1646 1089 1688 vel&
1103 1643 1194 1685 sub·

185 1708 284 1749 ditis
298 1705 387 1761 ipfis
412 1704 462 1748 de
479 1706 658 1748 districtu
683 1703 871 1746 Minionis
887 1704 1194 1758 Capucinorum

186 1764 288 1809 fiant
317 1766 470 1806 onerosi
498 1790 512 1812 2
557 1763 673 1818 lignis
700 1763 748 1804 ab
775 1764 869 1818 igne
902 1759 1192 1804 tantummodo

185 1823 361 1878 demptis
375 1849 389 1872 ,
419 1836 507 1878 quae
525 1823 608 1864 Nos
626 1822 666 1862 δε
682 1819 933 1863 successores
949 1820 1084 1863 Nostri
1103 1832 1193 1874 per-

185 1882 318 1940 petuis
340 1879 491 1923 futuris
510 1879 778 1934 Temporibus
802 1879 851 1922 ad
867 1878 977 1922 usum
1001 1881 1041 1921 δε
1054 1874 1194 1921 necest-

184 1942 344 1984 [itatem
359 1936 708 1983 MiffionisDomfis
724 1938 971 2000 suppeditari
985 1936 1195 1985 mandabi-

189 2013 301 2044 mus.

244 2056 405 2116 Quinto
433 2085 445 2099 .
477 2056 775 2110 Defignabimus
805 2056 892 2110 ipfis
920 2057 970 2099 ad
999 2068 1194 2111 peragen-

190 2113 530 2169 dumApostolicae
549 2113 738 2158 missionis
753 2114 930 2158 officium
946 2125 1073 2157 totam
1090 2116 1193 2156 Prae-

192 2175 383 2217 secturam
399 2170 653 2230 Werfensem
670 2201 684 2222 ,
714 2188 806 2217 cnm
833 2173 1030 2229 adjacenti
1049 2171 1191 2215 Praefe-

190 2237 305 2275 etun
333 2230 372 2272 in
391 2231 700 2274 Bischoffhoven
715 2262 730 2284 ,
763 2229 1038 2276 Praefeauram
1055 2232 1092 2274 in
1107 2232 1189 2273 Ab·

190 2294 362 2335 batenau
375 2304 467 2332 cum
481 2290 549 2333 illa
567 2290 891 2349 deGolling,qua
909 2293 965 2336 hae
979 2304 1115 2333 omnes
1132 2290 1190 2331 la-

195 2350 238 2393 te
254 2356 391 2404 patent
418 2349 552 2403 quoad
570 2349 834 2404 temporalem
862 2365 933 2406 per
950 2353 1032 2393 Nos
1047 2361 1188 2391 eorum

196 2404 395 2452 Praefectis
411 2407 642 2463 delegatam
656 2407 967 2463 iurisdietionem
979 2439 990 2449 .

250 2467 403 2508 Sexto.
431 2468 536 2522 Quia
556 2468 656 2509 vero
671 2466 902 2512 Miffionarii
931 2466 998 2523 ipfi
1024 2477 1105 2510 tam
1133 2466 1194 2509 la-

191 2535 277 2566 tum
294 2552 310 2575 ,
339 2524 535 2582 longeque
551 2524 725 2568 diffitum
740 2525 960 2570 districtum
981 2539 1194 2582 peragrare

193 2582 298 2625 haud
319 2583 471 2637 poffent
488 2612 502 2635 ,
533 2582 558 2625 fi
576 2595 836 2630 excurrentes
850 2583 1076 2629 necessariis
1091 2584 1141 2627 ad
1158 2580 1194 2627 se

193 2640 359 2682 alendos
387 2641 565 2697 pecuniis
593 2657 671 2686 non
699 2642 847 2686 fuerint
870 2645 1079 2695 instructi,
1102 2643 1194 2686 hinc

191 2697 419 2753 affignamus
455 2710 681 2744 memoratae
709 2705 858 2745 Domui
894 2702 1086 2746 Missionis
1123 2716 1196 2744 an-

187 2769 293 2802 nuos
317 2757 491 2799 florenos
516 2767 678 2801 centum
707 2774 758 2802 ex
772 2762 980 2815 Capitali,
1012 2763 1196 2804 Statibus

189 2812 466 2857 Provinciae-a
497 2812 651 2860 secreta
688 2819 964 2871 Deputatione
990 2819 1116 2862 nostra
1145 2833 1198 2862 ex

190 2870 352 2915 mulctis
366 2897 379 2918 ,
413 2872 610 2914 haereticis
626 2872 691 2914 vel
716 2873 773 2915 de
784 2876 913 2918 haerefi
930 2874 1111 2929 suspeais
1127 2879 1199 2919 ha-

188 2934 328 2975 &enus
367 2929 525 2972 indictis
552 2930 735 2971 conflato
764 2958 778 2981 ,
807 2933 848 2972 &
877 2932 926 2973 ad
952 2934 1199 2986 quincunces

190 2989 327 3034 usuras
352 3001 446 3031 cum
470 2987 701 3032 omnimoda
730 2988 985 3034 immunitate
1010 2990 1060 3030 ab
1088 2989 1199 3031 omni

190 3047 462 3092 decimatione
478 3074 491 3098 ,
506 3045 635 3090 steura
650 3075 661 3097 ,
677 3045 811 3089 aliove
826 3048 1088 3103 excogitabili
1103 3062 1179 3090 one
1191 3069 1200 3077 ·

191 3122 238 3151 re
258 3103 384 3156 reali,
414 3115 481 3146 aut
508 3103 707 3160 personali
722 3105 914 3158 elocato,
946 3107 1130 3149 volentes
1146 3106 1202 3147 in-

195 3167 315 3222 super
337 3192 351 3214 ,
380 3164 669 3207 &mandantes
685 3191 698 3214 ,
728 3173 899 3221 ut,quae
913 3167 1100 3210 haetenus
1131 3178 1202 3219 per

195 3222 474 3280 inquisitiones
506 3235 575 3276 per
587 3223 889 3275 Capucinorum
919 3223 1119 3268 Miffiones
1141 3221 1200 3263 fa-

197 3287 280 3326 &as
295 3283 335 3324 in
354 3279 603 3322 Praefecturis
615 3279 796 3323 Werffen
813 3310 828 3333 ,
841 3284 881 3327 ὃς
894 3282 1098 3329 Radstatt,
1114 3290 1199 3323 tum

198 3343 239 3383 Βι
263 3343 303 3383 in
336 3339 578 3382 Praefectura
597 3339 789 3391 Wagrain
827 3339 979 3382 indicta:
1005 3340 1165 3381 fuerunt
1182 3367 1197 3389 ,

199 3398 377 3442 nondum
403 3408 537 3440 tamen
553 3399 698 3440 exaetae
716 3424 730 3447 ,
761 3396 828 3439 vel
857 3397 906 3440 ad
923 3396 1081 3439 Caffam
1102 3397 1194 3440 Mis-

199 3457 315 3498 fionis
339 3455 592 3506 transmiffae‚
622 3464 692 3497 aut
709 3484 725 3506 ,
759 3468 843 3510 quae
867 3456 907 3498 in
927 3454 1108 3501 futurum
1131 3455 1196 3497 di-

200 3516 410 3557 &abutitur
439 3515 663 3568 pecunariae
690 3527 819 3569 poenae
843 3514 1036 3559 adversus
1063 3513 1193 3555 subdi·-

1253 355 1322 396 bus
1341 349 1575 408 praemiffum
1589 347 1661 399 est,
1676 351 1797 391 annui
1812 350 1958 393 floreni
1973 351 2196 396 bis'centum
2211 372 2260 400 ex

1254 410 1526 454 decurrendis
1541 408 1668 454 usuris
1685 407 1844 451 valeant
1861 410 1987 452 titulo
2003 411 2261 456 Eleemofinae

1254 470 1462 524 persolvi,
1491 469 1556 513 ubi
1573 468 1766 523 temporis
1795 472 1922 509 tractu
1939 483 2032 511 mox
2052 484 2260 513 memora-

1255 538 1304 571 tae
1320 528 1474 571 indid'tae
1498 530 1536 570 &
1552 541 1630 568 non
1646 526 1791 568 exactae
1809 554 1823 576 ,
1859 528 1922 568 vel
1942 529 2165 570 indicendae
2195 530 2265 571 in-

1255 587 1440 630 futurum
1465 586 1621 629 mulctat
1649 583 1760 627 aliud
1784 585 1980 639 Capitale
2004 588 2259 630 florenorum

1258 648 1318 692 bis
1337 643 1451 687 mille
1466 645 1701 689 conflabunt
1715 672 1729 683 .

1313 703 1500 758 Septimo
1513 732 1524 744 .
1547 701 1674 762 Qod
1689 702 1788 744 vero
1806 699 1989 757 ipsosmet
2015 695 2093 746 P'P.
2110 705 2261 748 Miffio-

1256 762 1391 808 uarios
1413 761 1593 813 attinet,
1622 759 1968 815 praesentabuntur
1994 765 2124 804 Nobis
2149 761 2257 806 sem-

1256 834 1328 876 per
1343 828 1429 860 tum
1447 833 1552 860 nunc
1565 848 1580 870 ‚
1609 831 1693 860 turn
1710 821 1750 862 δε
1765 817 1986 862 succeffivis
2003 823 2259 876 tempor-Ibus

1255 877 1487 932 designandi
1509 880 1532 920 a
1559 879 1678 919 Patre
1707 877 1952 920 Provinciali
1980 893 2120 920 eorum
2137 907 2151 929 ,
2195 882 2264 924 ubi

1255 938 1357 980 vero
1373 936 1423 977 ad
1437 934 1638 978 Missiones
1655 937 1804 978 nostras
1820 934 1968 976 fuerint
1983 940 2032 977 ab
2045 939 2120 979 hoc
2135 941 2172 980 se
2186 940 2266 981 mel

1255 995 1406 1038 delesti
1422 1024 1435 1045 ,
1465 994 1724 1050 ablegatique
1741 1024 1754 1047 ,
1780 997 1820 1036 &
1835 993 1856 1036 ἃ
1870 995 2002 1035 Nobis
2018 998 2204 1052 recepti,
2226 999 2268 1038 δε

1253 1053 1492 1110 approbati,
1523 1055 1727 1108 integrum
1754 1053 1815 1095 illi
1844 1054 1949 1096 haud
1968 1052 2009 1093 fit
2033 1067 2108 1095 eos
2128 1055 2263 1097 aliter

1255 1126 1442 1155 amovere
1463 1113 1716 1163 &avocare,
1740 1116 1859 1168 quam
1877 1113 1917 1152 &
1931 1111 2092 1154 servato
2113 1113 2261 1156 ordine

1253 1170 1464 1221 &forma,
1497 1182 1539 1214 ut
1565 1171 1630 1219 vel
1647 1185 1746 1213 unus
1774 1173 1918 1214 saltem
1937 1173 2092 1227 semper
2123 1172 2223 1214 adfit
2247 1201 2263 1223 ,

1253 1231 1321 1287 qui
1340 1231 1416 1286 jam
1438 1244 1510 1284 per
1536 1231 1736 1285 integrum
1754 1230 1953 1274 biennium
1973 1229 2204 1273 Miffionarii
2221 1230 2263 1272 in

1254 1293 1391 1332 Domo
1417 1290 1600 1344 praedicta
1623 1288 1803 1335 Werffen
1831 1291 2061 1332 exercuerit
2090 1303 2264 1340 munus,

1253 1349 1405 1391 habens
1421 1346 1672 1393 subditorum
1691 1348 1921 1405 perspectos
1943 1362 2077 1391 mores
2093 1378 2108 1400 ,
2139 1350 2267 1404 sitque

1252 1410 1292 1451 in
1309 1423 1354 1453 re
1378 1407 1607 1451 Miffionum
1623 1405 1798 1456 versatus
1816 1435 1830 1458 ,
1861 1409 1900 1450 &
1916 1409 2048 1451 valeat
2071 1407 2267 1450 instruere

1255 1467 1417 1510 noviter
1432 1467 1697 1510 advenientes
1708 1496 1720 1509 .

1314 1526 1498 1568 octava.
1531 1529 1663 1568 Erunt
1687 1524 1896 1566 autemisti
1919 1538 2012 1566 cum
2029 1522 2109 1579 ipsa
2129 1527 2264 1566 Domo

1257 1583 1447 1629 Miffionis
1461 1584 1595 1638 quoad
1610 1597 1656 1625 ea
1672 1611 1686 1633 ,
1700 1597 1785 1638 quae
1805 1581 1996 1624 Miffionis
2015 1597 2154 1625 munus
2170 1596 2269 1624 con-

1253 1652 1454 1692 cernunt,
1488 1641 1526 1682 in
1540 1656 1660 1683 omne
1680 1655 1806 1683 aevum
1821 1643 2060 1684 immediate
2084 1643 2123 1683 δι
2139 1641 2262 1683 unice

1254 1700 1395 1745 nostris
1409 1726 1424 1749 a
1457 1700 1780 1755 Nostrorumque
1798 1699 2078 1745 Succefforum
2095 1700 2267 1742 manda-

1255 1762 1307 1802 tis
1325 1757 1488 1814 subjecti
1502 1788 1515 1810 ,
1547 1758 1770 1803 directione
1787 1770 1920 1804 tamen
1937 1789 1950 1811 ,
1982 1761 2021 1801 δι
2038 1759 2266 1801 visitatione

1255 1823 1301 1864 P.
1320 1818 1585 1861 Provincialis
1601 1816 1720 1860 illaesa
1734 1847 1747 1870 ,
1761 1821 1800 1860 &
1821 1818 1965 1863 intacta
1985 1818 2152 1870 relictam
2186 1819 2264 1860 in.»

1256 1877 1406 1921 ceteris
1423 1886 1559 1918 autem
1574 1878 1703 1920 Nobis
1717 1905 1731 1928 ,
1744 1879 1784 1919 &
1799 1878 2098 1921 Succefforibus
2122 1877 2266 1920 nostris

1256 1938 1337 1985 fine
1360 1935 1441 1978 ulla
1463 1936 1788 1980 contradictione
1818 1938 2054 1993 praestabunt
2079 1938 2120 1978 δι
2142 1934 2271 1978 adim-

1255 1995 1426 2054 plebunt
1451 2008 1500 2037 ea
1513 1995 1674 2045 omnia,
1710 1996 1759 2038 ad
1781 2011 1867 2052 quae
1884 1995 2106 2050 Regulares
2131 2008 2270 2037 exem·

1255 2055 1312 2112 pti
1331 2084 1347 2105 ,
1379 2053 1491 2113 juxta
1520 2053 1795 2110 praescriptum
1823 2056 1935 2099 Sacri
1965 2055 2144 2096 Concilii
2176 2054 2270 2096 Tri-

1254 2113 1446 2160 demini,
1479 2113 1783 2170 nostrarumque
1810 2114 2155 2157 Constitutionum
2184 2116 2264 2166 Sy-

1254 2171 1459 2216 nodalium
1473 2173 1513 2213 &
1530 2173 1844 2214 provincialium
1859 2203 1874 2223 ,
1905 2175 1943 2214 δι
1957 2171 2189 2216 Ordinariis
2204 2171 2266 2211 lo-

1251 2245 1395 2275 corum
1425 2229 1522 2272 alias
1545 2240 1737 2278 tenentur
1755 2258 1769 2280 ,
1802 2233 1905 2273 salva
1938 2230 2110 2286 proinde
2139 2230 2179 2272 in
2196 2230 2269 2272 hac

1251 2287 1444 2334 Miffionis
1461 2292 1612 2340 DomO,
1624 2292 1664 2331 &
1676 2289 1811 2346 quoad
1827 2288 2093 2333 Miffionarios
2116 2287 2268 2330 ibidem

1252 2349 1493 2399 existentes,
1512 2346 1752 2391 Dioecesana
1766 2349 1807 2389 &
1821 2349 2038 2391 Ordinaria
2055 2348 2186 2390 nostra
2202 2345 2269 2403 ju-

1255 2406 1591 2463 risdictione2jure
1607 2406 1860 2463 principatus
1877 2408 2015 2449 Terrae
2028 2406 2269 2448 &Advoca-

1254 2469 1318 2510 tiae
1335 2494 1348 2516 ,
1379 2464 1428 2507 fic
1446 2476 1607 2515 tamen,
1640 2476 1685 2509 ut
1713 2466 1842 2510 Nobis
1859 2491 1873 2513 ς,
1904 2467 1944 2507 &
1966 2463 2264 2509 §accessoribus

1257 2525 1416 2570 Nostris
1436 2523 1645 2567 dumtaxat
1661 2554 1676 2576 ,
1710 2524 1827 2567 unice
1848 2523 2136 2568 &immediate
2153 2551 2167 2573 ,
2199 2526 2263 2565 uti

1256 2579 1492 2641 praemissum
1518 2583 1575 2625 est
1600 2611 1615 2637 ,
1656 2595 1896 2627 remaneant
1922 2581 2077 2640 semper
2104 2583 2265 2625 etianu

1255 2642 1369 2701 quod
1385 2641 1454 2683 ista
1476 2641 1662 2696 subjecti.

1317 2701 1450 2745 Nono.
1483 2700 1818 2747 Miffionariorum
1834 2700 2021 2745 Officium
2035 2729 2051 2751 ,
2084 2698 2192 2749 finis,
2207 2709 2267 2740 at-

1258 2773 1337 2816 que
1351 2758 1548 2812 praecipua
1563 2787 1578 2809 ‚
1603 2760 1686 2799 imo
1703 2760 1822 2802 unica
1839 2772 1938 2800 cura
1957 2759 2004 2800 fit
2021 2786 2034 2808 ,
2066 2772 2137 2813 per
2162 2759 2268 2799 Prae-

1259 2820 1491 2864 (iecturasmt
1506 2816 1659 2857 dietum
1674 2817 1731 2857 est
1749 2844 1762 2866 ,
1779 2814 1865 2869 ipfis
1881 2817 2126 2870 designatas,
2142 2817 2269 2858 inces-

1259 2876 1392 2917 santer
1415 2873 1573 2915 deloco
1589 2873 1639 2914 ad
1654 2873 1808 2924 locum,
1821 2886 1878 2921 et,
1894 2873 1918 2916 fi
1935 2876 2088 2917 necesse
2104 2874 2267 2918 visum.)

1260 2932 1415 2980 fuerit,
1444 2929 1643 2972 dedomo
1673 2930 1722 2972 ad
1748 2930 1915 2973 domum
1942 2934 2200 2978 excurrendo
2225 2935 2265 2974 δι

1260 2988 1613 3038 cathechizando,
1645 2988 1892 3034 Miffionibus
1918 2994 2117 3035 continue>
2148 3004 2267 3035 vaca-

1262 3063 1305 3090 re
1318 3076 1332 3097 ‚
1365 3044 1506 3088 Rudes
1519 3048 1560 3087 in
1578 3048 1769 3090 Doctrina
1787 3049 2013 3094 Christiana
2038 3051 2231 3094 instruere
2248 3079 2264 3102 ‚

1262 3106 1493 3148 dubitantes
1513 3105 1552 3145 in
1573 3106 1750 3148 veritate
1765 3107 1906 3150 nostrat
1925 3109 2038 3153 Fidei
2054 3108 2268 3152 confirma·

1261 3164 1366 3215 re,in
1385 3164 1597 3205 haereticos
1611 3193 1627 3215 ,
1644 3163 1709 3206 vel
1722 3165 1774 3208 de
1789 3167 1919 3208 haerefi
1939 3167 2132 3222 suspectos
2148 3197 2162 3219 ‚
2189 3170 2260 3210 ho.

1262 3236 1349 3266 rum
1373 3221 1640 3267 Consultores
1652 3253 1668 3274 ,
1685 3226 1879 3267 Fautores
1893 3254 1906 3276 ‚
1930 3228 2230 3281 Receptatores
2250 3255 2263 3277 ,

1263 3282 1458 3324 librorum
1476 3281 1810 3326 Acatholicorum
1825 3284 2068 3327 detentores
2082 3314 2096 3337 ,
2115 3285 2181 3327 vel
2196 3285 2264 3327 de-

1260 3349 1470 3383 tentorum
1487 3338 1665 3382 conscios
1686 3342 1727 3382 &
1742 3355 1824 3383 non
1845 3343 2074 3385 revelantes
2089 3373 2103 3395 ‚
2136 3357 2208 3385 eos
2224 3344 2267 3385 in

1255 3397 1514 3441 Provinciam
1531 3395 1713 3442 ferentes
1729 3400 2045 3443 &intrudentes
2060 3430 2073 3452 ,
2104 3415 2269 3443 eorum-

1255 3470 1334 3512 que
1352 3454 1611 3503 auxiliatores
1627 3486 1641 3509 ,
1673 3457 1854 3501 conscios
1870 3488 1884 3510 ,
1919 3461 1959 3501 &
1976 3460 2191 3515 participes
2207 3461 2269 3501 in-

1253 3515 1413 3570 quirere
1429 3522 1548 3569 atque
1561 3514 1806 3559 denuntiare
1822 3542 1837 3564 a
1854 3519 2037 3560 Verbum
2057 3520 2267 3569 Divinum,

202 3580 265 3614 tos
285 3600 300 3623 ,
331 3571 495 3615 Miffioni
520 3587 661 3615 eorum
678 3569 901 3615 commissos
922 3602 936 3624 ,
969 3587 1039 3627 per
1055 3569 1192 3627 praefa-
1249 3575 1288 3617 δε
1302 3572 1414 3615 Fidei
1428 3572 1619 3628 dogmata
1637 3574 1790 3624 ubivis,
1821 3576 1861 3615 &
1877 3577 2000 3618 etiam
2023 3591 2071 3619 ex
2095 3578 2268 3620 Cathie-

200 3641 284 3672 tam
309 3626 502 3672 secretam
540 3631 855 3686 deputationem
880 3629 1191 3684 nostramvsepa-
1251 3631 1323 3674 dra
1354 3630 1436 3686 (fic
1460 3635 1624 3681 tamen,
1657 3632 2047 3677 ut'Ordinariorum
2080 3651 2158 3678 non
2196 3636 2262 3676 ds-

199 3697 372 3739 rentur,
399 3687 622 3746 denturque
647 3689 862 3732 successive
876 3690 916 3734 in
931 3686 1091 3734 censum
1107 3717 1119 3739 ,
1145 3699 1190 3730 ut
1256 3689 1765 3735 turbenturEccleflasticae
1781 3690 2036 3751 functiones)
2076 3696 2183 3736 intra
2203 3694 2264 3747 ip-

202 3745 316 3800 supta
330 3773 344 3795 ,
375 3759 465 3787 eum
481 3749 640 3801 praecise
663 3749 701 3789 in
718 3746 834 3790 finem
850 3778 863 3798 ,
878 3758 922 3790 ut
938 3748 1084 3791 Domui
1102 3746 1194 3787 Mis·v
1255 3746 1301 3788 fis
1315 3747 1561 3801 defignatum
1582 3748 1802 3792 districtum
1819 3751 1986 3795 tradere
1999 3779 2014 3801 ,
2049 3753 2099 3794 fic
2116 3755 2157 3794 &
2180 3764 2269 3806 poe-

203 3803 522 3906 sioniszpraedietae
543 3807 591 3850 ad
607 3804 721 3866 nsum
745 3805 1010 3855 &effectuum
1037 3806 1090 3849 de
1103 3805 1193 3863 qui,
1253 3806 1437 3849 nitentiae
1464 3807 1770 3852 sacramentum
1799 3808 1822 3866 (
1834 3807 1933 3854 sola>
1962 3813 2058 3856 dem
2070 3811 2141 3868 pta
2160 3814 2274 3852 Con-

306 3903 315 3910 ,
353 3875 426 3904 om.
445 3865 509 3907 IV.
808 3865 817 3867 *
916 3865 938 3867 ”
1558 3865 1595 3908 Τ
1853 3865 1856 3867 ’
2140 3866 2217 3910 fes-
