2658 4256
350 371 604 431 pertinentiis
616 370 689 412 suis
712 370 915 419 univerfis,
928 376 1067 426 praeter
1083 367 1250 420 fruetus,
1264 367 1357 411 red·

352 431 460 474 ditus
473 433 513 471 δι
528 440 742 485 proventus
757 431 986 485 praedietos,
1004 429 1240 472 Conventui
1261 442 1355 483 prae-

352 488 460 531 dicto
475 492 659 546 Fratrum
674 490 974 543 Capucinorum
1001 490 1197 545 perpetuo
1210 500 1357 529 conce-

350 546 449 591 dere
463 577 478 599 ,
508 548 624 589 unire
649 548 987 603 &incon-potare,
1020 549 1262 589 austoritate
1281 558 1356 586 no-

349 607 428 650 stra
443 603 671 660 Apostolica
683 604 797 660 'poffis
812 608 851 648 ἃ.
867 606 997 648 valeas
1011 635 1024 658 ‚
1054 607 1192 649 eadem
1213 606 1353 647 aufto-

350 666 488 712 ritate,
520 675 661 707 tenore
674 664 922 717 praesentium
946 662 1180 708 facultatem
1200 676 1350 705 conce·

349 724 480 765 dimus
504 723 544 763 δε
566 723 841 777 impertimur,
871 738 914 764 ac
934 723 1083 766 eisdem
1102 720 1349 768 provinciali

347 783 387 823 δι
409 782 688 835 Superioribus
700 806 715 830 2
747 795 792 824 ac
806 782 1013 824 Fratribus
1031 782 1197 824 Ordinis
1212 783 1350 835 Capu-

347 840 528 884 cinorum
545 869 559 892 ‚
589 850 631 881 ut
659 840 872 882 Ecclefiam
899 840 1124 894 praedistzm
1151 840 1349 894 recipere,

345 900 387 940 δε
409 899 512 955 apud
534 899 647 942 illam
673 901 934 941 Conventum
961 898 1190 942 suiOrdinis
1218 899 1350 951 erige-

344 971 390 1000 re
409 987 424 1009 ,
454 969 604 1014 utque,
638 956 839 1012 postquam
865 958 1101 999 Conventus
1129 955 1349 1015 hujusmodi

343 1017 500 1060 erectus
524 1014 649 1058 fuerit
665 1044 681 1066 ,
710 1014 963 1058 Guardianus
984 1042 999 1064 ,
1025 1019 1063 1058 ὅ(
1093 1019 1249 1059 Fratres
1271 1015 1348 1055 ibi·

342 1075 439 1118 dem
464 1081 540 1132 pro
562 1084 743 1129 tempore
768 1073 991 1129 degentes,
1014 1076 1196 1117 omnibus
1217 1076 1255 1114 δι
1272 1074 1346 1114 fin-

343 1132 449 1189 gulis
475 1134 640 1189 gratiis,
670 1131 914 1187 privilegiis,
934 1133 1099 1173 indultis
1116 1161 1129 1183 ,
1158 1135 1193 1172 &
1213 1130 1345 1173 indul-

342 1192 491 1247 gentiis
510 1221 523 1242 ,
552 1191 692 1246 quibus
719 1188 786 1230 alii
810 1193 1046 1231 Conventus
1072 1218 1086 1240 ,
1119 1191 1158 1230 δι
1186 1191 1343 1231 Fratres

341 1248 518 1307 ejusdem
542 1247 706 1291 Ordinis
732 1242 810 1288 frui
829 1275 841 1296 ‚
873 1247 990 1301 potiri
1016 1249 1054 1290 &
1081 1248 1257 1302 gaudere
1284 1247 1343 1289 so·

338 1309 423 1360 lent
440 1335 453 1358 ,
484 1310 520 1348 &
545 1301 727 1361 possunt,
752 1319 796 1346 ac
815 1314 1007 1358 poterunt
1037 1305 1343 1360 quomodolibet

337 1367 381 1408 in
407 1365 582 1407 futurum
600 1392 614 1414 ,
644 1363 722 1405 sme
736 1363 870 1417 aliqua
884 1361 1108 1406 differentia
1125 1365 1210 1415 uti,
1246 1363 1340 1417 frui,

337 1424 491 1480 potiri,
521 1425 560 1464 &
583 1421 761 1476 gaudere
787 1420 926 1475 poffint
941 1423 980 1463 &
1003 1422 1186 1473 valeant,
1217 1422 1342 1465 licen-

334 1483 432 1524 tiam
447 1480 698 1523 concedimus
715 1479 1023 1534 &indulgemus
1037 1509 1048 1521 .
1077 1485 1170 1523 Non
1188 1481 1340 1524 obstan.

335 1541 441 1582 sibus
455 1538 528 1580 fel.
544 1552 627 1580 rec·
643 1536 833 1580 bonifacii
854 1541 967 1594 Papae
986 1542 1106 1583 vul.
1125 1537 1341 1583 Praedeces«

335 1598 434 1640 soris
464 1596 609 1647 nostri,
638 1610 716 1650 qua
744 1595 902 1646 voluit,
934 1611 982 1639 ne
1002 1600 1161 1639 Fratres
1180 1599 1341 1640 Mendi-

335 1665 476 1699 cantes
501 1668 606 1697 nova
633 1653 721 1696 loca
746 1652 795 1694 ad
822 1653 1128 1698 inhabitandum
1156 1658 1338 1711 recipere

334 1715 496 1757 val-eant
508 1739 522 1762 a
552 1727 597 1755 ac
610 1710 740 1753 nostrii
753 1710 803 1752 de
817 1725 900 1753 non
912 1714 1185 1756 concedendis
1199 1714 1339 1756 Indul-

333 1773 477 1828 gentiis
498 1770 696 1818 adinstar,
726 1767 888 1825 aliisque
908 1772 1271 1816 Constitutionibus
1299 1775 1340 1815 &

333 1829 667 1873 ordinationibus
689 1827 957 1882 Apostolicis,
986 1845 1032 1873 ac
1058 1830 1233 1886 ejusdem
1258 1834 1339 1874 Or-

331 1889 436 1930 dinis
452 1917 466 1940 ,
493 1888 614 1930 etiam
630 1887 853 1942 juramento
869 1915 881 1937 ,
903 1887 1210 1931 confirmatione
1226 1892 1339 1946 Apo-

331 1946 468 1989 stolica
495 1974 510 1998 ,
545 1946 610 1987 vel
640 1945 779 2000 quavis
808 1943 996 1989 firmitate
1028 1949 1103 1990 alia
1130 1947 1334 1991 roboratis

330 2005 484 2047 statutis
501 2033 515 2055 ,
553 2006 592 2046 δε
617 2002 971 2048 consuetudinibus
996 2032 1011 2054 s
1050 2005 1333 2063 caeterisque-2

331 2063 545 2105 contrariis
566 2060 901 2116 quibuscumque.

388 2124 541 2162 Datum
568 2122 704 2161 Romae
734 2120 838 2175 apud
862 2125 1046 2165 Sanctum
1075 2127 1237 2168 Petrum
1264 2122 1334 2165 sub

333 2177 496 2221 Annulo
521 2178 731 2219 Piscatoris
755 2178 823 2220 die
855 2195 913 2224 rr.
941 2183 1095 2237 Aprilis
1127 2199 1239 2227 nnc
1265 2197 1280 2225 ι
1298 2197 1332 2225 1.

328 2239 449 2281 Anno
463 2234 726 2298 pontificatus
751 2236 872 2279 nostri
893 2241 1105 2283 undecimo
1119 2271 1130 2282 .

710 2296 768 2336 Μ.
786 2296 962 2341 Vesttius
977 2300 1215 2343 Barbianus.

386 2410 685 2465 Autographum
710 2414 753 2454 in
782 2414 952 2457 Archivo
978 2418 1208 2459 Secretariae
1232 2419 1330 2459 Bre-

441 2473 551 2509 vium
568 2468 865 2521 Apostolicorum
886 2474 1038 2531 Regasto
1051 2474 1183 2530 mensis
1198 2476 1246 2523 θ’
1260 2489 1332 2518 an·-

445 2526 487 2568 ni
491 2525 775 2581 praedifforum
789 2527 870 2586 fol.
885 2542 956 2583 45.

610 2678 614 2681 ,
672 2666 1037 2682 -—-—-—

323 2761 818 2817 Maximiliano,Arcbi-
833 2763 952 2813 Duci
969 2763 1217 2823 Austriaeffi
1239 2772 1328 2818 Da-

390 2831 594 2878 mianum
626 2829 684 2877 ad
726 2829 767 2879 se
795 2832 1055 2901 ablegatum
1089 2872 1106 2893 ,
1139 2837 1330 2906 benigne

394 2913 632 2964 exceptum
649 2934 664 2955 ,
689 2898 736 2950 ἃ
751 2902 896 2966 quoad
916 2903 1227 2956 Confeffiones
1243 2914 1329 2957 Sae-

391 2970 615 3017 cularium
642 2968 667 3016 a‘i
692 2970 920 3020 Fratribus
952 2974 996 3020 in
1028 2975 1131 3023 loco
1151 2979 1332 3025 Merani,

393 3037 676 3103 excipiendas
694 3074 708 3095 ‚
744 3041 996 3109 opportune
1014 3043 1253 3111 provisum
1269 3044 1324 3096 es·

390 3104 436 3155 se
471 3110 694 3160 renuntiat
711 3146 725 3160 .

323 3247 361 3289 A
376 3252 517 3304 tergo:
552 3249 702 3292 nili-Ha
727 3249 848 3300 Filio,
866 3252 997 3294 Nobili
1021 3256 1122 3307 Viro,
1135 3258 1326 3300 Maximi·

526 3307 626 3351 liano
639 3336 653 3360 ,
680 3309 893 3353 Archiduci
908 3312 1078 3370 Austriae
1093 3342 1106 3355 .

324 3439 818 3496 PAULUS
911 3444 1172 3496 PAPA
1261 3451 1325 3499 V.

395 3566 548 3610 DIleffe
558 3569 665 3620 Fili,
688 3569 839 3612 Nobtlis
872 3574 964 3624 Ver,
979 3574 1176 3626 Salutem,
1208 3575 1261 3623 θ’

519 3629 774 3686 qustolicam
801 3631 1126 3675 Benediffle‘onem.

411 3757 498 3799 lum
521 3759 755 3801 defiderium
785 3759 1024 3805 Nobilitatis
1046 3770 1120 3807 tuae
1149 3763 1315 3807 intelle-

421 3817 545 3861 ximus
572 3819 623 3861 dc
642 3817 835 3863 facultate
849 3822 1035 3865 audiendi
1053 3827 1192 3868 sacras
1217 3836 1314 3865 con-

1127 240 1715 344 Provincia

1416 367 1596 413 feffiones
1624 365 1884 412 concedenda
1915 368 2079 412 Dilectis
2110 375 2245 429 filiis,
2271 381 2421 424 pratri-¹

1414 430 1487 471 bus
1503 430 1665 472 Ordinis
1682 428 1978 482 Capucinorum
1993 454 2006 476 a
2036 443 2132 485 quos
2149 437 2326 482 miflurus
2353 441 2409 484 est

1414 489 1657 542 inposterum
1697 488 1746 528 ad
1783 498 1930 528 novum
1960 489 2238 536 Monasterium
2282 502 2417 542 Mera-

1411 547 1530 590 nense
1549 547 1725 589 Dilec‘tus
1744 544 1863 588 Filius
1890 558 2030 586 eorum
2051 548 2262 596 Generalis
2287 559 2411 600 Mini-

1409 607 1487 650 ster
1511 633 1525 654 ,
1557 606 1779 654 laudamus,
1801 603 1892 653 Fili,
1910 600 2158 659 summopere
2183 611 2312 655 zelum
2338 625 2415 660 tuae

1410 667 1574 721 pietatis
1589 691 1602 714 ,
1625 662 1712 706 satis
1728 663 1894 718 quidem
1912 662 2041 705 Nobis
2059 673 2178 707 antea
2196 672 2414 729 cognitum3

1410 723 1574 778 dignum
1601 721 1714 764 certe
1742 721 1893 764 virtute
1922 731 2018 768 tua,
2049 731 2171 777 atque
2203 725 2411 781 ingenita„

1409 782 1640 837 Principum
1655 778 1955 822 Austriacorum
1982 780 2207 837 Religione.
2241 786 2406 841 Verum,

1409 840 1501 897 quia
1520 869 1533 891 ,
1569 850 1612 882 ut
1639 837 1742 882 idem
1759 837 1935 880 Minister
1951 840 2168 882 Generalis
2187 843 2312 886 Nobis
2343 861 2413 890 ex-

1410 898 1538 955 posuit
1550 925 1565 948 ,
1594 895 1760 940 difficile
1777 895 1831 938 est
1844 895 1968 939 modo
1986 897 2214 942 satisfacere
2233 902 2324 943 huic
2341 913 2411 947 tuo

1407 957 1632 1007 desiderio,
1661 954 1782 996 visum
1796 955 2162 1010 estopportunum‚
2191 969 2234 1001 ut
2253 959 2415 1005 duobus

1409 1014 1694 1060 tantummodo
1733 1016 1935 1056 Fratribus
1974 1018 2267 1061 Sacerdotibus
2303 1018 2410 1063 illius

1409 1073 1639 1118 Monasterii
1666 1073 1742 1115 haec
1756 1069 1925 1116 facultas
1940 1072 2134 1116 audiendi
2163 1077 2294 1120 theras
2312 1091 2413 1120 con-

1404 1132 1581 1177 feffiones
1619 1130 1669 1172 ad
1699 1131 1862 1185 praesens
1887 1130 2138 1176 concedatur
2166 1162 2177 1175 .
2209 1137 2409 1190 Omnipo-

1405 1204 1489 1234 tens
1519 1205 1564 1233 ac
1584 1187 1808 1231 misericors
1838 1192 1951 1232 Deus
1977 1189 2224 1246 multiplicet
2255 1196 2291 1235 in
2313 1196 2413 1240 Te,

1401 1249 1585 1307 quotidie
1603 1247 1707 1289 suam
1722 1247 1889 1290 sanetum
1904 1248 2072 1302 gratiam
2086 1277 2100 1301 ,
2127 1252 2166 1292 &
2179 1255 2266 1295 Nos
2281 1255 2410 1297 Nobi-

1403 1308 1508 1350 litati
1524 1319 1596 1350 tua·
1609 1315 1866 1360 peramanter
1878 1305 2154 1349 benedicimus
2166 1337 2177 1349 .

1420 1410 1425 1415 ,
1463 1369 1612 1408 Datum
1641 1366 1781 1406 Romae
1806 1363 1908 1418 apud
1935 1367 2120 1407 sanetum
2139 1368 2305 1410 Petrum
2340 1370 2408 1411 sub

1400 1423 1783 1466 AnnuloPiscatoris
1797 1421 1908 1469 sexto
1922 1436 2045 1464 nonas
2059 1426 2196 1468 Martii
2211 1440 2347 1470 Μοςχι
2353 1441 2406 1471 11.

1400 1483 1666 1528 Pontificatus
1689 1481 1823 1525 Nostri
1837 1483 1957 1525 Anno
1972 1484 2116 1554 oetavo
2133 1512 2146 1525 .

1952 1602 2097 1642 Petrus
2114 1602 2259 1644 Stroza
2274 1629 2287 1642 .

1456 1717 1516 1757 Ex
1534 1714 1684 1770 Regesto
1699 1717 1885 1757 Bra-vium
1898 1715 1947 1757 ad
1967 1716 2178 1772 Principes
2195 1718 2308 1761 Pauli
2323 1720 2398 1774 Pa-

1507 1781 1570 1827 pe
1593 1776 1630 1817 V.
1646 1775 1739 1814 anni
1756 1776 1795 1815 8.
1811 1784 1866 1828 ep.
1884 1778 1983 1828 284..

1743 1908 2169 1927 --mu

1395 2009 1571 2064 Caroli,
1601 2007 1875 2058 Archiducis
1909 2005 2135 2065 Austriae,
2183 2006 2231 2058 ὅ(
2271 2013 2399 2059 Mar-

1463 2077 1634 2126 chionis
1670 2080 1911 2147 Burgaviae
1951 2081 2104 2127 zelum
2148 2079 2399 2130 Catholicae

1464 2147 1719 2216 Religionis
1753 2150 1798 2195 in
1836 2146 1924 2195 suis
1958 2146 2205 2197 ditionibus
2236 2147 2401 2197 instau-

1463 2218 1611 2266 randae
1638 2218 1932 2266 commendat
1958 2253 1973 2274 ‚
2009 2217 2056 2269 Gt
2085 2220 2266 2285 pietatis
2296 2217 2399 2267 offi-

1458 2290 1558 2345 cia,
1595 2303 1675 2354 per
1702 2292 1775 2337 Fr.
1798 2289 2072 2338 Damianum
2113 2288 2172 2337 ad
2206 2286 2247 2335 se
2281 2288 2400 2337 able-

1411 2384 1414 2385 ⁷
1458 2372 1619 2427 gatum
1652 2357 1845 2425 praestita
1868 2391 1885 2415 ,
1918 2355 2000 2406 fibi
2020 2373 2202 2425 accepta
2233 2354 2395 2408 fuiffe,

1462 2426 1666 2477 rescribit
1686 2464 1699 2478 .

1448 2546 1486 2587 A
1515 2554 1629 2601 tergo
1650 2560 1663 2588 :
1697 2545 1848 2591 Ditem
1875 2546 1981 2590 Ftlio
1999 2574 2013 2598 ,
2043 2547 2180 2590 Nobile·
2215 2546 2335 2596 Viro,

1550 2606 1716 2654 casola,
1748 2604 1974 2648 Marcbiont
1999 2609 2235 2663 Burgavr'ae.

1527 2716 1866 2770 PAULUS
1924 2716 2137 2766 PAP·A
2186 2717 2251 2763 V.

1448 2831 1601 2876 Dilene
1626 2833 1709 2877 Fili
1732 2861 1747 2882 ,
1777 2832 1925 2875 Nobilis
1952 2834 2018 2874 Vir
2041 2858 2056 2878 ‚
2092 2831 2267 2873 Salutem
2287 2853 2302 2875 a

1541 2892 1590 2938 δ’
1620 2891 1872 2946 Apostolicam
1898 2887 2204 2931 Benedt‘Hionem
2219 2916 2231 2928 .
2399 2942 2402 2943 ⁷

1498 2949 1665 3002 Egimus
1694 2963 1783 2991 cum
1799 2947 2050 3002 jucunditate
2061 2947 2235 2996 litteras,
2258 2944 2389 3001 quasi

1511 3005 1738 3049 Nobilitate
1754 3005 1952 3049 tuaNobis
1966 3002 2391 3047 reddiditDilee'tusFi-

1388 3064 1483 3114 lius,
1497 3064 1723 3120 Religiosus
1735 3066 1811 3115 vir,
1830 3064 2058 3111 Damianus,
2074 3065 2212 3105 Frater
2224 3060 2385 3103 Ordinis

1391 3119 2389 3178 Capucinorum‚.ProvinciaeTyrolensisAlumnus,

1387 3195 1508 3239 quem
1526 3180 1694 3224 libenter
1711 3181 1899 3232 vidimuS,
1913 3179 1983 3223 tui
2001 3178 2233 3235 potissimum
2248 3175 2387 3225 causat,

1386 3249 1505 3296 atque
1519 3239 1893 3283 commendatione.
1925 3239 2029 3283 Sane
2055 3237 2300 3295 perjucunda
2313 3249 2388 3277 no-

1387 3301 1445 3342 bis
1470 3297 1634 3342 fuerunt
1649 3325 1663 3348 ,
1693 3313 1781 3354 quae
1802 3299 1853 3342 de
1875 3297 2058 3354 fingulari
2087 3308 2157 3340 tuo
2171 3296 2274 3341 Zelo
2300 3297 2387 3337 No·

1386 3358 1444 3400 bis
1472 3358 1750 3409 renunciavit,
1779 3356 1899 3415 digna
1926 3355 2040 3399 certe
2068 3356 2167 3398 Viro
2183 3354 2388 3406 Principe,

1383 3418 1423 3458 δι
1449 3431 1498 3459 ex
1524 3432 1570 3460 ea
1594 3419 1818 3471 progenie,
1848 3429 1923 3472 qus
1951 3425 2061 3458 ortus
2088 3429 2152 3457 es.
2180 3408 2388 3468 Acceptis-

1385 3475 1477 3518 fima
1504 3477 1638 3530 itaque
1662 3474 1826 3519 suerunt
1842 3474 1972 3517 Nobis
1997 3472 2126 3515 officia
2151 3470 2284 3515 filialis
2301 3469 2390 3523 pie.

1383 3536 1479 3578 tatis
1506 3551 1535 3586 ,·
1554 3536 1594 3576 &
1617 3532 1876 3576 observantia·
1901 3559 1916 3581 s
1945 3546 2029 3588 quae
2053 3547 2124 3586 per
2152 3531 2278 3586 ipsum
2302 3531 2385 3571 Da-

1381 3593 1559 3637 mianum
1587 3592 1713 3635 Nobis
1738 3590 1945 3648 praestitisti
1966 3597 1984 3642 ‘,
2016 3589 2113 3632 ficut
2147 3604 2196 3632 ex
2223 3589 2382 3632 altera-2

1382 3663 1514 3708 parte,
1538 3652 1685 3695 summa
1712 3664 1802 3693 cum
1829 3648 1950 3692 animi
1978 3648 2191 3692 alacritate
2221 3647 2384 3691 Nobili-

1384 3712 1459 3753 tati
1487 3721 1561 3754 tuae
1584 3709 1803 3753 deferimus
1833 3718 2045 3765 paternum
2069 3710 2243 3751 nostrum
2272 3719 2382 3749 amo·

1373 3784 1490 3822 rem,
1511 3769 1687 3825 prompti
1730 3782 1773 3811 ac
1808 3767 1936 3825 parati
1963 3767 2060 3808 dare
2089 3769 2182 3810 Tibi
2209 3765 2379 3809 eviden-

1373 3830 1476 3872 tiora
1503 3828 1656 3884 semper
1677 3827 1782 3882 signa
1809 3825 1946 3870 nostrae
1979 3839 2073 3881 erga
2089 3829 2149 3870 Te
2171 3822 2377 3926 findgtlilaris

2247 3901 2256 3927 ι
2276 3898 2319 3925 e-
