2658 4256
441 265 553 347 66

1150 257 1738 346 Provincia

1072 422 1244 478 ‘Jacobus
1277 423 1477 480 Episcopus
1506 425 1803 482 Constantiensts

1007 485 1199 524 Dominus
1228 482 1391 539 Majoris
1424 488 1562 539 Augtae
1590 485 1638 532 ἐς
1664 484 1851 539 Ohm‘ngae

853 543 947 584 Haec
967 542 1116 595 requies
1142 555 1249 584 mea:
1272 541 1335 584 bic
1348 542 1559 594 habitabo,
1582 556 1768 598 quomam
1794 543 1893 596 clegi
1915 554 2011 583 cam.

814 600 893 642 Ηῖι·
921 603 1003 642 Deo
1027 626 1041 647 2
1085 599 1133 647 (Β
1165 601 1346 642 Patribus
1374 605 1579 656 Capucrm‘s
1606 602 1755 643 condidi
1778 600 2045 644 habitaculum

1263 660 1369 702 Mihi
1396 662 1603 703 tumulum.

930 719 1072 762 lllatus
1082 717 1179 773 siem
1197 720 1239 758 in
1264 719 1512 773 Sepulchrum
1540 723 1700 761 Patrum
1727 731 1927 771 meorum3

1003 779 1123 819 Nemo
1148 775 1320 818 invideat
1350 779 1534 832 Requiem
1558 780 1664 819 inter
1693 776 1863 820 Eleffos:

915 835 1026 891 Elegi
1049 835 1127 892 '‘1⁰st
1152 832 1318 891 abjeelus
1349 835 1420 893 ff*
1448 842 1491 877 in
1515 836 1587 878 hac
1618 840 1741 879 Domo
1758 834 1936 877 Domini.

381 988 1748 1007 ——m———b———ss-
1754 991 1997 1004 u————
2001 992 2465 1006 —————

388 1095 637 1149 Abbatissae
662 1133 677 1154 ,
712 1095 761 1148 ὅ(
806 1098 1088 1149 Monialibus
1127 1098 1394 1149 Monasterii
1456 1098 1697 1141 Nostrorum
1715 1102 1755 1141 S.
1773 1101 1824 1141 R.
1842 1102 1888 1142 E.
1906 1097 2187 1141 cardinalium
2203 1099 2381 1154 negotiis
2396 1129 2412 1151 ,
2428 1100 2467 1141 &

452 1172 501 1219 S.
540 1171 590 1217 P.
639 1168 863 1217 Francisci
918 1172 1026 1217 Loci
1077 1169 1291 1238 Seflingae
1339 1188 1392 1219 ex

450 1240 643 1294 annuis,
679 1237 726 1287 ὅ(
761 1237 995 1303 superfluis
1025 1256 1181 1288 earum
1211 1240 1390 1289 redditi-

449 1309 561 1363 bus,
589 1326 641 1355 ac
669 1309 863 1356 aliorum
892 1307 1197 1376 eleemosynis
1226 1310 1390 1359 Fratri-

449 1377 531 1426 bus
558 1393 723 1425 novam
744 1381 948 1426 Domum
975 1395 1115 1444 prope
1133 1382 1388 1427 Civitatem

446 1449 607 1502 Ulmae
636 1446 922 1497 construendi
954 1445 1218 1496 facultatem
1252 1450 1389 1515 largi-

447 1531 522 1568 tur
542 1552 557 1574 ,
592 1515 665 1572 ἃ,
697 1531 748 1565 ut
776 1518 940 1566 horum
956 1536 1068 1568 unus
1099 1535 1182 1584 pro
1201 1514 1388 1567 Confes-

449 1585 565 1636 sario
582 1621 598 1643 ,
631 1584 679 1636 ὅ(
708 1589 827 1636 alius·
846 1605 930 1655 pro
959 1589 1296 1637 Concionatore
1324 1587 1386 1635 di·

447 1658 532 1706 stis
562 1657 840 1707 Monialibus
873 1656 1116 1716 inserviat,
1147 1657 1383 1707 concedit.

375 1788 868 1841 PAULUS
961 1788 1224 1837 PAPA
1319 1791 1381 1838 V.

548 1915 615 1956 Ad
632 1923 858 1971 perpetuam
882 1918 942 1957 rei
970 1917 1213 1958 memoriam.

477 2032 540 2074 Ro
558 2031 754 2074 Fidelium
767 2032 1040 2087 quorumlibet
1055 2061 1067 2083 ,
1080 2031 1294 2086 praesertim
1311 2032 1383 2088 piis

493 2091 610 2140 vitae,
637 2090 853 2145 Divinique
873 2092 1054 2132 Numinis
1082 2089 1287 2148 obsequiis
1315 2105 1382 2131 va·-

372 2148 552 2190 cantium
569 2149 670 2190 statu
693 2149 906 2191 salubriter
931 2148 1179 2206 dirigend0‚
1213 2149 1386 2191 confide-

371 2207 538 2249 rationis
551 2205 813 2249 extendentes
829 2206 1038 2259 intuitum,
1051 2207 1099 2250 ad
1117 2221 1163 2249 ea
1176 2236 1190 2259 ,
1213 2221 1286 2262 per
1301 2220 1384 2260 quae

371 2278 512 2306 eorum
532 2268 757 2308 Domorum
782 2265 1049 2320 Regularium
1072 2266 1382 2322 propagationi,

372 2336 593 2378 eorumque
614 2323 838 2378 Religionis
857 2325 1105 2366 incremento
1127 2325 1382 2377 providetur,

372 2380 589 2434 vigilantiae
609 2381 757 2422 Nostrae
786 2391 918 2437 partes
943 2382 1172 2438 propensius
1199 2383 1379 2437 imparti-

372 2453 460 2481 mur
472 2466 485 2488 ,
515 2448 630 2493 prout
646 2437 684 2479 in
701 2441 878 2482 Domino
893 2442 1154 2495 conspicimus
1171 2437 1380 2482 salubriter

372 2495 562 2552 expedire
579 2526 589 2537 .
622 2497 780 2551 Exponi
804 2498 995 2553 siquidem
1020 2500 1145 2540 Nobis
1160 2512 1291 2552 nuper
1318 2501 1378 2539 fe-

370 2565 512 2598 cerunt
533 2554 683 2596 dileetae
708 2556 746 2596 in
771 2555 932 2598 Christo
957 2556 1308 2607 FiliaeAbbatiffa,
1339 2558 1378 2598 δε

370 2613 571 2656 Moniales
589 2614 815 2655 Monasterii
844 2614 1077 2656 Monialium
1094 2614 1257 2658 Ordinis
1275 2618 1372 2657 San-

373 2671 423 2713 eti
442 2669 800 2719 Francisci,Terrae
813 2672 1015 2726 Seflingae,
1032 2686 1159 2728 prope
1170 2674 1373 2728 Oppidum

369 2729 591 2771 Civitatem
610 2740 884 2783 nuncupatum
898 2757 912 2781 ,
930 2731 1077 2782 Ulmae,
1092 2732 1372 2775 Con‘stantien.

369 2786 543 2830 Dioeces·
561 2787 778 2828 Provinciae
794 2789 1005 2843 Moguntin
1035 2815 1049 2837 2
1072 2790 1178 2845 quod
1203 2804 1274 2845 pro
1302 2790 1371 2831 Di-

367 2846 451 2888 vini
476 2843 607 2886 cultt'is
629 2873 644 2894 ,
673 2846 712 2885 δι
740 2844 848 2886 Fidei
875 2847 1098 2889 Catholicae
1124 2859 1373 2903 augmento,

367 2905 638 2956 haeresumque
655 2903 950 2957 extirpatione,
977 2918 1022 2946 ac
1041 2919 1112 2959 pro
1137 2920 1276 2947 earum
1293 2936 1306 2958 ,
1334 2909 1374 2948 δε

368 2961 535 3015 publico
549 2959 711 3004 servitio
727 2961 762 3002 in
778 2961 886 3002 dieto
901 2961 1062 3015 Oppido
1084 2964 1265 3017 Seflingae
1281 2991 1294 3014 ,
1326 2978 1372 3004 ac

367 3020 461 3065 loco
475 3019 690 3062 decenti&
706 3019 869 3061 honesto
883 3045 897 3066 a
925 3034 1045 3062 unam
1065 3023 1240 3062 Domum
1254 3021 1376 3063 Ordi-

370 3081 428 3122 nis
446 3081 627 3121 Fratrum
653 3080 957 3131 Capucinorum
983 3089 1066 3120 tam
1093 3078 1168 3122 suis
1194 3081 1375 3123 introiti·

370 3140 442 3180 bus
457 3137 591 3179 annuis
607 3165 620 3185 ‚
642 3137 712 3190 qui
726 3137 784 3178 eis
809 3136 1040 3191 supersunt,
1063 3138 1180 3193 quam
1195 3139 1374 3180 eleemo—

370 3197 475 3251 synis
488 3224 500 3245 ,
514 3197 552 3236 &
567 3195 891 3236 subventionibus
903 3222 916 3244 ,
933 3209 1013 3249 quae
1029 3198 1050 3236 a
1068 3198 1201 3239 multis
1219 3198 1372 3239 Catho-

367 3255 454 3298 licis
471 3253 509 3294 in
525 3254 632 3295 dicio
645 3253 807 3307 Oppido
820 3254 946 3296 Ulmae
962 3256 1301 3299 commorantibus
1317 3254 1376 3296 of·

368 3313 551 3355 feruntur
567 3341 580 3363 ,
607 3311 780 3355 construi
801 3311 933 3354 facere
954 3314 1146 3368 cupiunt:
1178 3318 1373 3373 Qare...»

367 3371 495 3414 Nobis
513 3371 718 3413 humiliter
733 3369 949 3425 supplicari
972 3370 1154 3415 fecerunt
1171 3371 1372 3416 Abbatiffa

366 3433 406 3473 δε
426 3430 618 3472 Moniales
635 3429 849 3484 praedictae,
878 3440 921 3470 ut
939 3426 1053 3484 super
1070 3432 1271 3485 praemiffis
1297 3444 1370 3484 op-

366 3488 537 3545 portune
559 3487 771 3543 providere
786 3515 801 3540 2
815 3490 866 3531 de
881 3488 1130 3544 benignitate
1143 3490 1371 3546 Apostolica

365 3548 647 3601 dignaremur.

425 3608 513 3648 Nos
538 3606 657 3660 igitur
685 3619 751 3648 eas
777 3605 815 3647 in
844 3606 911 3648 suo
940 3604 1131 3648 laudabili
1163 3606 1368 3662 proposito

367 3661 588 3706 confovere
603 3693 616 3715 ,
644 3679 689 3706 ac
704 3664 938 3716 specialibus
963 3662 1165 3709 favoribus
1179 3669 1217 3707 &
1233 3667 1371 3721 gratiis

367 3723 548 3778 prosequi
576 3722 760 3764 volentes
778 3753 790 3771 ,
815 3725 850 3763 δι
867 3722 886 3762 τὶ
905 3722 1105 3778 quibusvis
1133 3739 1369 3767 excommu-

364 3781 576 3823 nicationis
591 3783 664 3823 &c.
687 3780 914 3832 censentes,
928 3781 1149 3837 hujusmodi
1171 3783 1370 3838 supplica·

362 3839 540 3884 tionibus
558 3838 765 3891 inclinati,
790 3840 840 3881 de
859 3841 1163 3887 Venerabilium
1179 3845 1366 3885 Fratrum

1453 1158 1816 1199 consultationibus
1834 1154 2126 1212 Episcoporum
2143 1159 2182 1198 &
2201 1158 2468 1213 Regularium

1453 1214 1753 1271 praepofitorum
1778 1215 1970 1266 consilio,
1995 1215 2142 1257 eisdem
2159 1216 2398 1269 Abbatiss'ae,
2429 1218 2469 1258 &

1453 1273 1700 1316 Monialibus
1715 1303 1729 1324 ,
1756 1284 1800 1316 ut
1817 1275 1856 1315 in
1873 1273 1983 1315 dicto
2005 1275 2170 1329 Oppido
2186 1275 2366 1330 Seflingae
2379 1302 2395 1326 ,
2418 1288 2470 1317 ac

1451 1331 1546 1373 loco
1561 1331 1725 1374 decenti
1747 1335 1787 1375 &
1816 1333 1981 1374 honesto
2013 1345 2129 1372 unam
2160 1334 2337 1376 Domum
2370 1333 2468 1375 dicti

1449 1390 1613 1433 Ordinis
1635 1393 1822 1435 Fratrum
1839 1391 2170 1446 Capucinorum,
2199 1391 2237 1433 in
2263 1406 2340 1447 qua
2365 1389 2469 1433 duo·

1449 1447 1583 1489 decim
1611 1451 1658 1493 ad
1687 1451 1812 1493 minus
1836 1452 2000 1492 Fratres
2018 1447 2115 1498 (int,
2141 1463 2235 1493 cum
2254 1448 2430 1493 Ecclefia
2446 1478 2464 1501 ,

1449 1507 1629 1548 sacristia
1647 1535 1661 1556 ,
1692 1508 1946 1549 Dormitorio
1960 1537 1973 1559 ,
2001 1509 2144 1550 Hortis
2164 1538 2177 1562 ,
2200 1509 2433 1551 Hortalitiis
2448 1535 2464 1559 ,

1446 1562 1684 1605 &officinis
1701 1565 1923 1608 necessariis
1948 1569 1987 1606 δι
2014 1569 2282 1621 opportunis,
2309 1571 2347 1608 &
2374 1567 2463 1609 aliis

1447 1620 1496 1663 ad
1516 1623 1714 1666 dictorum
1732 1626 1915 1666 Fratrum
1939 1623 2233 1665 habitationem
2261 1626 2461 1681 requisitis

1444 1681 1744 1737 construendi&
1760 1679 2043 1733 aedificandi,ac
2057 1682 2226 1725 construi
2243 1684 2283 1724 &
2295 1682 2466 1727 aedifica-

1449 1740 1480 1780 ri
1503 1739 1703 1791 faciendi,
1735 1739 1891 1783 servata
1915 1749 2050 1783 tamen
2074 1737 2199 1783 forma
2217 1741 2458 1787 literarum..

1448 1798 1504 1839 fel
1541 1814 1626 1841 rec.
1643 1799 1872 1842 Clementis
1895 1801 2007 1853 Papae
2023 1800 2140 1841 V111.
2156 1797 2459 1843 praedecessoris

1449 1858 1583 1899 Nostri
1610 1856 1785 1913 desuper
1799 1857 2003 1899 editarum
2018 1885 2032 1908 ‚
2059 1857 2286 1911 Apostolica
2305 1861 2460 1899 Austo-

1445 1916 1731 1965 ritate2tenore
1747 1909 2219 1973 praesentium,licentiam
2235 1918 2274 1957 &
2289 1914 2459 1959 faculta-

1444 1987 1527 2019 tem
1542 1975 1804 2018 concedimus
1826 1977 1862 2016 &
1890 1974 2142 2030 impertimur
2157 2001 2170 2023 ,
2197 1975 2330 2031 eisque
2345 1977 2454 2030 pari·

1436 2048 1511 2078 ter
1525 2033 1781 2088 indulgemus
1794 2064 1810 2085 ,
1834 2033 2057 2089 dictamque
2075 2037 2250 2075 Domum
2264 2047 2315 2075 ex
2338 2045 2457 2086 tunc,

1447 2093 1789 2150 prout,postquam
1803 2091 2024 2134 constructa
2049 2090 2169 2132 suerit
2184 2119 2198 2141 ,
2214 2092 2252 2133 in
2265 2095 2447 2135 Domum

1447 2152 1694 2205 Regularem
1735 2150 1901 2195 Ordinis
1947 2152 2023 2193 FF.
2050 2151 2349 2203 Capucinorum
2382 2165 2456 2206 pro

1445 2209 1661 2251 duodecim
1677 2212 1726 2252 ad
1741 2212 1873 2251 minus
1890 2210 2073 2251 fratrum
2088 2207 2184 2250 dieti
2196 2210 2375 2259 Ordinis,
2386 2210 2455 2264 qui

1444 2267 1541 2308 inibi
1557 2268 1626 2308 {ub
1641 2267 1855 2321 Regularis
1870 2265 2085 2321 disciplinae
2098 2266 2348 2309 observantia
2364 2266 2452 2323 jux·

1444 2335 1483 2367 ta
1497 2322 1673 2380 ejusdem
1687 2325 1850 2368 Ordinis
1868 2327 2051 2366 Fratrum
2067 2325 2370 2379 Capucinorum
2387 2340 2455 2369 re·

1441 2383 1594 2438 gularia
1621 2384 1799 2427 instituta
1824 2384 1992 2433 vivere,
2028 2381 2260 2438 Divinisque
2292 2383 2452 2427 Officiis

1440 2444 1479 2485 in
1496 2439 1574 2498 ipsa
1593 2442 1770 2485 Ecclefia
1789 2441 1972 2484 fsinfistere
1987 2470 2000 2492 ,
2031 2443 2068 2482 &
2091 2455 2190 2482 unus
2218 2457 2266 2485 ex
2294 2440 2356 2485 eis
2375 2457 2452 2497 pro

1437 2498 1711 2547 Confeffario,
1739 2500 1840 2543 alius
1860 2502 1954 2541 vero
1979 2513 2054 2553 pro
2082 2501 2347 2543 Praedicatore
2374 2501 2453 2543 eis-

1437 2559 1530 2600 dem
1545 2556 1756 2600 Abbatiffae
1781 2559 1818 2598 &
1846 2558 2089 2601 Monialibus
2114 2558 2304 2602 inservire
2331 2572 2447 2601 tene·

1436 2627 1586 2667 antur,
1611 2619 1850 2658 auctoritate
1863 2619 1902 2658 δι
1920 2630 2063 2660 tenore
2088 2618 2282 2671 praemiffis
2301 2631 2446 2672 perpe-

1436 2678 1507 2717 tuo
1523 2675 1715 2729 erigimus
1731 2678 1766 2716 &
1783 2675 2041 2716 instituimus:
2072 2689 2227 2718 necnon
2242 2675 2445 2719 Guardia-

1435 2747 1488 2776 no
1502 2759 1516 2781 2
1546 2732 1712 2786 aliisque
1739 2734 1946 2776 Fratribus
1961 2763 1975 2785 ,
2006 2735 2043 2773 δι
2074 2731 2250 2788 personis
2281 2732 2445 2789 quibus·

1434 2804 1571 2847 cumq;
1589 2795 1624 2833 in
1640 2793 1884 2834 distaoomo
1903 2806 1972 2846 pro
1988 2801 2173 2845 tempore
2183 2791 2449 2847 degentibus,

1434 2850 1538 2906 quod
1557 2851 1740 2892 omnibus
1761 2852 1800 2891 δε
1825 2851 1981 2903 fingulis
2003 2849 2223 2905 privilegiis
2237 2879 2250 2900 ,
2278 2848 2448 2892 faculta-

1436 2909 1571 2954 tibus,
1599 2908 1948 2961 immunitatibus,
1976 2909 2325 2963 exemptionibus,
2347 2922 2448 2963 prae·

1437 2965 1630 3019 rogativis
1646 2994 1658 3016 ,
1672 2965 1986 3008 antelationibus
2002 2994 2016 3016 ,
2043 2963 2243 3007 favoribus
2258 2968 2298 3008 δι
2311 2966 2448 3020 gratiis

1437 3034 1518 3067 tam
1537 3021 1833 3077 spiritualibus,
1859 3026 1978 3079 quam
2008 3024 2324 3077 temporalibus,
2355 3027 2450 3080 qui-

1437 3083 1509 3124 bus
1529 3081 1611 3123 alia:
1628 3081 1803 3135 ejusdem
1817 3084 1979 3125 Ordinis
1998 3085 2153 3125 Domus
2167 3111 2181 3132 ,
2209 3082 2447 3137 illarumque

1435 3138 1658 3182 Guardiani
1680 3142 1719 3182 &
1735 3143 1898 3183 Fratres
1911 3141 2061 3196 dejure
2075 3167 2089 3188 s
2117 3141 2186 3184 usu
2202 3167 2216 3190 s
2231 3142 2447 3184 consuetu-

1435 3198 1530 3239 dine
1546 3226 1560 3248 ,
1587 3208 1653 3240 aut
1669 3199 1767 3243 alias
1790 3200 2097 3256 quomodolibet
2114 3210 2309 3250 utuntur,
2337 3198 2446 3255 poti-

1435 3267 1558 3299 untur
1577 3285 1591 3306 ,
1613 3258 1650 3298 &
1666 3258 1842 3313 gaudent
1856 3289 1871 3309 ,
1902 3273 1948 3302 ac
1962 3259 2018 3301 uti
2034 3287 2048 3310 ,
2063 3258 2212 3315 potiri,
2236 3260 2274 3299 δι
2288 3257 2444 3312 gaude-

1434 3331 1480 3359 re
1499 3314 1653 3368 possunt
1667 3344 1681 3368 ‚
1697 3318 1733 3358 δι
1747 3327 1936 3372 poterunt
1953 3317 2262 3373 quomodolibet
2282 3318 2318 3358 iu
2341 3314 2446 3357 futu·-

1434 3375 1623 3429 rum,pari
1639 3375 1836 3417 modouti
1849 3405 1864 3426 ,
1881 3376 2004 3430 potiri
2021 3403 2034 3426 ,
2059 3378 2095 3418 &
2110 3375 2286 3429 gaudere
2299 3403 2314 3425 ,
2345 3389 2444 3417 nec-

1435 3447 1513 3477 non
1529 3446 1785 3488 quaecumque
1795 3433 1999 3488 Capitula,
2012 3434 2313 3479 Ordinationes,
2328 3436 2443 3475 Con·

1431 3493 1657 3534 stitutiones
1672 3518 1685 3539 a
1711 3494 1750 3532 ὃ(
1766 3497 1939 3540 statuta,
1954 3491 2048 3533 felix
2068 3492 2247 3547 regimen
2265 3520 2278 3541 ,
2308 3493 2348 3533 &
2369 3491 2442 3533 ad-

1433 3550 1756 3592 ministrationem
1779 3550 1891 3593 distae
1907 3549 2060 3593 Domus
2082 3551 2326 3605 Regularis,
2358 3551 2441 3592 illi-

1427 3609 1550 3664 usque
1565 3611 1746 3651 Fratrum
1764 3622 1837 3662 pro
1851 3619 2032 3664 tempore
2058 3610 2311 3652 existentium
2340 3624 2437 3652 con-

1431 3668 1653 3717 cernentia,
1676 3666 1785 3709 iicita
1802 3677 1932 3710 tameu
1949 3669 1988 3708 &
2004 3667 2231 3719 bonesta,ac
2249 3668 2343 3710 dieti
2359 3671 2435 3710 Or-

1429 3725 1534 3767 dinis
1562 3729 1744 3768 Fratrum
1758 3729 2058 3779 Capucinorum
2080 3727 2349 3782 Regularibus
2365 3730 2435 3768 ln-

1432 3785 1576 3826 stitutis
1590 3813 1604 3835 3
1623 3783 1818 3840 sacrisque
1835 3785 2066 3827 Canonibus
2083 3816 2095 3835 ,
2112 3788 2150 3827 δε
2165 3785 2431 3828 Constitutio-

1429 3843 1500 3883 bus
1525 3843 1763 3900 Apostolicis
1777 3872 1791 3897 ,
1824 3857 1981 3886 necnon
1999 3846 2176 3888 Concilii
2195 3843 2426 3887 Tridentini

2212 3905 2372 3944 Decre-
