2658 4256
1008 252 1010 254 .
1350 252 1362 269 .
1443 248 1447 251 μ

985 256 1260 340 Bava
1279 279 1418 338 ric
1437 276 1489 334 a
1509 310 1527 329 .
2066 289 2090 330 ι
2118 287 2207 364 33

214 387 326 432 tiam'
341 379 558 430 ordinaria
581 381 819 451 provisione
838 385 1072 434 moderatur
1098 405 1111 433 :
1159 385 1281 433 Videt
1299 382 1352 431 N
1352 378 1699 447 ymphenburgum
1712 412 1728 434 ,
1765 377 1873 444 quod
1893 379 2151 444 Sereniffi'ma
2182 384 2270 430 Do-

208 469 301 502 mus
336 450 557 501 Bavarica
578 454 701 519 ficum
736 455 972 503 deliciarum
999 457 1129 502 locum
1138 456 1255 519 fixit
1273 487 1290 510 ,
1326 454 1497 501 Fratres
1535 448 1691 498 noflros
1724 448 1908 516 obsequio
1939 452 2060 499 Aulae
2093 451 2270 500 defiina-

205 534 274 582 tos
304 527 359 570 ἐξ
396 523 631 587 praeelet‘los
670 523 901 572 Sacellanos
925 545 938 572 ε
970 524 1160 589 Respicit
1194 523 1343 590 'ubique
1371 521 1587 572 ‘Bavaria
1610 520 1707 572 illos
1737 535 1805 564 ceu
1839 518 2070 568 Miniffros
2087 556 2102 578 ,
2133 521 2270 585 massin-

173 591 178 596 ’
208 591 267 640 ad
281 590 334 657 fi
365 606 539 658 propter
564 612 627 641 eos
640 629 656 651 ,
691 597 762 660 qui
788 594 1067 643 haereditatem
1097 597 1262 655 capiunt
1272 594 1430 658 fhlutis
1460 626 1478 648 ,
1515 597 1570 640 ΕΘ)
1595 587 1803 653 laboriosa}
1845 593 2031 638 virtutis
2071 592 2272 656 impendio

205 664 271 710 ita
294 678 505 728 occupatos
520 698 536 721 ‚
569 678 617 711 ut
632 662 828 729 defi’deria
852 663 994 730 populi
1019 665 1135 727 long&
1151 660 1369 726 superent:
1390 660 1558 708 Laudat
1578 659 1709 708 adhuc
1739 656 2008 707 Monachium
2030 697 2045 718 ,
2066 681 2153 710 cum
2170 662 2269 709 aliis

204 730 332 780 Locis
361 734 498 789 zelum
527 732 600 786 Fr.
614 730 775 789 Albani
799 731 1055 800 Monacenfis
1067 768 1084 790 ,
1119 732 1173 779 (9'
1189 730 1359 780 Pat‘lum
1377 729 1621 777 Marianum
1637 764 1652 786 ,
1668 727 1745 795 siu
1759 724 1828 774 Ἢ.
1868 727 1920 775 V.
1947 729 2101 779 Mariae
2128 732 2272 780 Auxi-

204 802 389 851 liatricis
417 803 469 852 ab
490 821 534 850 eo
557 800 794 849 institutum
822 818 1018 851 memorat
1033 838 1046 850 .
1064 802 1178 866 Opus
1209 800 1416 848 Fratrum·
1440 798 1667 846 nostrorum
1700 796 1774 864 ff
1803 795 2193 863 Confraternieatem
2221 801 2271 850 de

195 885 395 937 perpetua
422 871 695 935 Sanc‘liffi'mae·
715 869 975 937 Eucharistiae
1004 873 1239 920 adoratione
1257 873 1449 924 ,nuntiat
1471 868 1534 914 ibi
1547 868 1672 920 ,Eccle
1688 886 1729 916 za
1758 866 2015 916 Parachialis
2045 868 2089 918 S.
2116 871 2263 920 Petri.

215 942 335 991 Vidit
361 960 438 990 non
457 941 591 1008 semel
603 940 800 989 Bavaria
815 940 1013 988 Fratrum
1041 940 1266 988 noflrorum
1284 940 1531 986 charitatem
1559 942 1625 986 ita
1650 936 1850 1003 incensam
1865 972 1879 993 ‚
1914 953 1961 984 ut
1990 945 2145 987 animas
2159 941 2262 1006 ficas

200 1025 280 1078 pro
310 1013 454 1059 amicis
478 1025 626 1075 ponere
663 1027 740 1057 non
770 1008 1062 1060 dubitaverint
1090 1045 1106 1066 ,
1142 1010 1263 1059 vidit
1297 1007 1516 1072 noviffimi’
1534 1043 1550 1064 ,
1585 1007 1793 1075 graffiinte
1814 1020 1891 1072 per
1927 1008 2164 1057 Provinciae
2190 1014 2263 1059 vi-

196 1082 316 1149 [ι’-ενα
331 1080 470 1136 bello,
505 1080 561 1127 <J
577 1077 665 1127 Lue
693 1077 940 1145 ep‘idemich,
964 1099 1028 1127 eos
1055 1083 1101 1127 in
1117 1097 1310 1145 aegrorum
1345 1078 1531 1145 obftquio
1558 1080 1623 1126 ita
1651 1079 1863 1144 sollicitos
1880 1112 1895 1135 ,
1929 1094 1975 1125 ut
2006 1082 2120 1126 intra
2137 1085 2263 1126 trien·

207 1153 270 1199 nii
294 1153 514 1198 terminum
548 1165 702 1197 eentum
734 1149 789 1198 &⁵
815 1153 1110 1218 quinquaginta
1138 1150 1311 1197 Fratres
1338 1148 1512 1217 gloricfi
1541 1150 1765 1197 charitatis
1799 1145 2022 1212 Martyres
2059 1149 2233 1196 obierint
2256 1185 2269 1197 .

240 1212 243 1215 ¹
347 1219 473 1270 Viros
505 1219 600 1268 dum
627 1220 743 1268 Ordo
771 1219 974 1270 Bavart‘ae
999 1219 1112 1269 dedit
1142 1220 1366 1285 spirituali
1384 1219 1463 1285 fi¹⁰
1486 1220 1686 1268 commodo
1719 1223 1783 1266 ita
1811 1222 1989 1267 intentos
2013 1258 2027 1280 ,
2067 1219 2182 1268 dedit
2217 1220 2271 1266 (ἕν’

201 1289 403 1344 Bavaria
434 1290 590 1340 ordini
620 1289 743 1339 Viros
759 1324 774 1343 ,
806 1306 893 1338 tum
927 1290 1051 1358 ipsius
1074 1291 1248 1340 Ordinis
1264 1325 1280 1347 ,
1314 1305 1402 1337 tum
1422 1293 1465 1337 in
1481 1290 1640 1339 Ordine
1670 1288 1908 1340 Provinciae
1931 1289 2032 1337 bona
2057 1304 2265 1338 curantes:

201 1361 543 1426 Multiplicavit
561 1378 607 1409 ea
635 1352 756 1427 quafi
778 1359 994 1427 Jordanis
1027 1363 1071 1409 in
1104 1374 1306 1427 tempore
1333 1357 1486 1408 messis
1520 1361 1596 1408 Fr.
1617 1360 1842 1426 {Jordanus
1870 1358 2232 1428 Wffrburgensts
2254 1395 2270 1417 ,

198 1431 295 1480 dum
330 1429 622 1480 Provincialis
640 1465 656 1488 ‚
694 1430 948 1496 Consultoris
977 1432 1031 1480 &⁵
1047 1430 1306 1496 ‘Definitoris
1331 1430 1548 1480 Generalis
1579 1431 1711 1498 officia
1742 1428 1901 1479 eximia
1926 1436 2097 1480 virtute
2116 1430 2236 1497 gfft
2256 1464 2271 1486 ‚

201 1501 257 1550 &⁶
284 1515 371 1549 tum
399 1501 518 1548 odore
545 1499 790 1550 suavitatis
808 1536 824 1558 ,
867 1499 948 1569 qua
982 1501 1124 1551 Romae
1158 1501 1325 1569 quiestit
1344 1536 1360 1559 ,
1396 1517 1483 1549 tum
1516 1500 1662 1550 Libris
1679 1537 1693 1556 ,
1729 1519 1828 1567 quos
1851 1500 2015 1565 publico
2043 1503 2171 1566 praelo
2198 1501 2268 1548 de-

198 1570 264 1619 dit
282 1606 298 1628 ,
334 1569 528 1619 celebrem
563 1573 732 1638 posteris
766 1572 840 1637 sui
880 1576 1110 1621 memoriam
1146 1574 1319 1639 reliquit
1355 1606 1368 1619 .
1413 1571 1532 1620 Hanc
1574 1577 1627 1619 &³
1656 1568 1836 1618 meruire
1865 1570 1959 1618 FF.
1992 1570 2205 1619 Adrianus
2239 1568 2266 1618 ἃ

199 1639 419 1694 Wildenau
445 1676 461 1698 ,
506 1647 560 1690 e&
605 1642 814 1692 Conradus
840 1639 1164 1709 Monheimensis
1194 1678 1208 1699 ,
1247 1658 1413 1708 quorum
1437 1644 1599 1705 primus
1627 1658 1680 1687 ex
1716 1637 2000 1705 Illus‘iriffi'ma
2035 1641 2275 1690 Comitum...

198 1711 249 1759 de
276 1712 416 1760 Aham
429 1709 570 1776 Stirpe
583 1712 772 1760 oriundus
796 1745 812 1767 ,
850 1710 968 1758 terna*
992 1716 1092 1761 vice
1119 1711 1371 1760 ‘Provinciae
1390 1709 1678 1777 Praeseft'uram
1700 1711 2019 1761 adminis‘iravit
2039 1747 2053 1768 ,
2073 1717 2181 1761 vitae
2189 1711 2274 1776 suae

186 1781 341 1847 firiem
369 1781 428 1829 ad
450 1784 662 1848 omnigenae
687 1783 875 1830 virtutis
903 1781 1073 1845 amuffin
1100 1781 1227 1828 duxit
1250 1817 1266 1839 ,
1291 1779 1340 1832 ἃ
1363 1781 1524 1830 timens
1557 1783 1810 1830 Dominum
1845 1784 1888 1830 in
1923 1781 1994 1831 die
2007 1780 2275 1832 Defunftio-

196 1851 266 1900 nis
295 1849 384 1900 fuit
414 1849 674 1901 benedic'Rus
702 1869 714 1898 :
762 1852 890 1900 Alter
922 1855 1028 1901 vero
1055 1854 1099 1899 in
1115 1852 1264 1918 sleculo
1283 1851 1473 1917 publicus
1501 1851 1681 1918 “Jurium
1713 1851 1963 1918 Ingolfiadii
1986 1852 2177 1910 Doc‘ior,
2217 1857 2269 1901 ὅ

205 1923 249 1969 in
278 1921 437 1970 Ordine
470 1919 758 1972 Provincialis
770 1957 786 1979 ,
826 1921 1053 1970 dofirinam
1086 1921 1135 1969 eli
1162 1927 1322 1985 pietate
1359 1926 1576 1986 conjunxit
1612 1929 1664 1971 ἐφ’
1689 1921 1912 1988 prudentii?
1930 1959 1944 1981 ,
1984 1939 2030 1971 ut
2056 1959 2072 1981 ,
2105 1924 2199 1972 dum
2226 1926 2272 1970 in

201 1990 368 2056 publico
392 1990 563 2057 thesium
587 1995 805 2040 certamine
826 1995 970 2058 paucis
979 1992 1080 2058 sitos
1110 1992 1309 2042 vincebat
1329 1992 1609 2060 antagonistas
1623 2028 1639 2051 ,
1672 1993 1816 2044 victos
1845 1993 1991 2063 absque
2024 1994 2110 2042 ullo
2138 2011 2272 2041 eorum

205 2059 351 2109 rubore
381 2059 402 2107 ἓ
432 2060 676 2122 labyrintho
693 2062 910 2125 ¹reduceret
927 2097 943 2119 ‚
976 2068 1030 2111 &5
1059 2061 1225 2111 dubium
1252 2063 1467 2132 reliquerit
1485 2101 1502 2121 ‚
1536 2082 1588 2112 an
1613 2082 1668 2111 ex
1695 2069 1867 2114 virtute
1888 2102 1903 2123 ,
1946 2062 2028 2134 quii
2057 2065 2268 2131 exemplar

190 2129 286 2197 fitit
302 2165 320 2188 ,
364 2127 551 2179 Sanc‘lior
567 2166 584 2189 ,
618 2148 670 2180 an
697 2149 752 2178 ex
764 2132 970 2197 facundia
984 2167 1000 2189 ,
1035 2130 1116 2200 quc‘i
1140 2134 1343 2183 oraculum
1374 2135 1509 2186 audiit
1528 2170 1544 2192 ,
1579 2135 1736 2184 dot‘iior
1764 2140 1994 2185 extiterit?

303 2243 310 2253 ,
345 2200 606 2250 Concurrunt
639 2207 692 2250 r&
722 2202 782 2251 ad
804 2202 1039 2253 Provinciae
1070 2203 1188 2252 decus
1222 2209 1358 2253 exteri
1386 2206 1440 2253 &¹
1470 2204 1642 2254 celebres
1671 2206 1847 2255 Ordinis
1885 2206 1982 2255 Viri
2013 2239 2029 2262 ,
2070 2205 2166 2252 dum
2190 2205 2275 2253 vel

197 2268 277 2336 suo
305 2270 483 2320 incolatu
515 2272 599 2322 vel
627 2270 821 2338 gubernio
848 2290 934 2320 eam
963 2271 1231 2323 hone-(larunt
1261 2311 1273 2324 .
1320 2275 1497 2326 Diutius
1528 2280 1572 2325 in
1605 2277 1685 2325 illa
1708 2279 1891 2345 perstitit
1934 2276 2036 2325 Ven.
2063 2273 2151 2322 Dei
2183 2270 2274 2322 Ser·

203 2359 290 2390 'vus
305 2375 321 2398 ,
357 2341 432 2390 Fr.
462 2338 712 2390 Laurentius
739 2339 767 2390 ἃ
786 2341 1009 2409 Brundusio
1022 2378 1035 2400 ,
1063 2343 1298 2411 Vfitatoris
1317 2346 1445 2415 officio
1457 2345 1639 2414 fhngens
1659 2382 1674 2404 ,
1711 2366 1824 2415 quem
1851 2344 2137 2413 Serenissimus
2163 2345 2273 2393 Dux

204 2407 539 2461 Maximilianus
563 2447 581 2470 ,
623 2414 720 2480 teste
743 2413 940 2478 praediHo
974 2408 1138 2464 Radero
1160 2433 1259 2465 tom.
1290 2433 1337 2478 4.
1366 2417 1568 2466 Bavariae
1598 2418 1751 2484 illustr.
1769 2417 1858 2484 fil.
1890 2426 2003 2477 169.
2033 2430 2272 2483 magnopere

192 2479 386 2547 suspexit
406 2518 422 2541 ,
449 2483 503 2528 ό·
535 2483 663 2531 coluit
683 2520 699 2542 ,
729 2488 846 2548 cujus
871 2483 1018 2551 -Miffie
1033 2521 1050 2543 ,
1079 2487 1140 2534 ad
1165 2491 1334 2535 tertiam
1360 2505 1637 2556 nonnunquam
1665 2489 1807 2537 horam
1843 2493 1889 2536 in
1916 2501 2064 2553 crypta
2095 2488 2270 2554 nostra,

197 2551 419 2615 protrat‘lae
432 2589 449 2611 ,
490 2553 574 2619 ipsi
603 2547 794 2619 Princeps
819 2554 1021 2620 inserviit
1037 2591 1053 2613 ,
1091 2563 1144 2605 ξεῖ
1163 2555 1190 2605 ἃ
1217 2562 1293 2626 qui>
1324 2558 1433 2607 Fata
1460 2559 1510 2607 de
1541 2559 1674 2607 Domo
1703 2558 1921 2609 Bavarica
1954 2558 1981 2607 ἒὶ
2010 2558 2063 2607 B.
2098 2558 2146 2605 V.
2168 2556 2269 2606 Ma·

205 2624 271 2668 ria
303 2623 430 2672 eidem
458 2624 653 2675 revelata
677 2625 888 2692 audi-vtffi
916 2626 1102 2676 traditur
1117 2662 1134 2684 ,
1157 2647 1242 2696 quae
1266 2630 1395 2696 nostra
1414 2644 1510 2678 aetas
1521 2628 1672 2697 forsan
1689 2632 1889 2696 completa
1916 2629 1993 2698 ff
2022 2633 2267 2694 compatiens

207 2691 418 2755 conspexit
437 2728 450 2741 .
1796 2724 1799 2726 -

346 2761 424 2809 Fr.
457 2761 644 2830 Remigii
669 2761 697 2810 ἃ
731 2763 944 2822 Βοζζιιοίο
969 2802 984 2825 ,
1027 2765 1253 2817 Monachii
1282 2768 1514 2817 Guardiani
1546 2772 1695 2817 merita
1726 2769 1832 2816 idem
1863 2768 2052 2817 Raderus
2084 2772 2128 2815 in
2156 2769 2266 2818 dic‘lo

213 2827 349 2894 *Tomo
364 2831 468 2898 fies?
503 2830 695 2897 describit
709 2865 725 2887 ‚
762 2835 816 2881 &¹
845 2835 1039 2886 breviter
1055 2853 1251 2886 memorat
1285 2837 1437 2886 Tomus
1462 2838 1649 2886 Bullarii
1668 2837 1869 2904 sicundus
1881 2836 1971 2906 fol.
1993 2856 2017 2885 2
2029 2856 2109 2900 54.

351 2899 447 2949 Nec
474 2899 738 2969 sereniſsima
766 2900 925 2949 Domus
940 2938 957 2959 ,
999 2922 1068 2950 nec
1087 2906 1322 2956 ‘Provincia
1349 2925 1520 2972 unquam
1555 2906 1854 2972 obliviscentur
1878 2907 1951 2956 Fr.
1974 2908 2210 2972 Hyacinthi
2237 2908 2264 2958 a

203 2967 351 3030 ¹Casuli
378 3006 394 3029 ,
429 2970 524 3019 dum
558 2973 665 3019 enim
686 2972 825 3033 prima
851 3005 868 3028 ,
903 2973 1022 3019 illius
1053 2972 1172 3038 opera
1186 3010 1202 3031 ,
1221 2973 1448 3024 Eleelorali
1464 2975 1714 3041 Dignitate,
1722 2980 1862 3041 juxta
1880 2979 2045 3046 legenda
2068 2983 2113 3026 in
2135 2980 2263 3029 Tomo

207 3037 400 3091 fBullaris·
428 3045 555 3089 tertio
569 3041 661 3108 fil.
691 3049 808 3101 246.
832 3041 1022 3090 decorata
1039 3076 1055 3099 ,
1100 3044 1236 3092 altera
1260 3054 1349 3110 esus
1378 3046 1562 3109 exemplo
1584 3050 1711 3098 varie
1735 3048 1933 3113 adificata
1963 3051 2014 3115 esi
2030 3085 2042 3097 .

349 3111 424 3160 Fr.
462 3108 613 3160 Marci
644 3109 696 3159 ab
715 3110 891 3161 Aviano
931 3130 1069 3160 nomen
1094 3115 1224 3162 adhuc
1251 3113 1400 3162 ibidem
1429 3115 1643 3182 clarefiit,
1683 3123 1735 3166 69'
1758 3118 1851 3166 dum
1885 3122 1972 3167 Vir
1997 3120 2180 3186 Sapiens
2212 3121 2265 3167 il-

209 3180 296 3262 ?am
315 3178 707 3302 ἓεηεᾶἰᾶὶοηὶδυε
744 3183 947 3248 implevit
968 3218 985 3242 ,
1020 3186 1059 3248 ij
1085 3218 1100 3240 ,
1136 3188 1207 3254 qui
1244 3186 1390 3250 harum
1415 3185 1607 3253 prodigia
1637 3188 1839 3248 viderunt
1868 3224 1884 3247 ,
1919 3191 2041 3238 illum
2073 3189 2263 3239 laudant

210 3265 313 3300 unce
348 3265 471 3302 antes
490 3288 503 3302 .

490 3390 682 3441 Continet
716 3391 964 3442 ‘Provincia
999 3390 1239 3442 Conventus
1267 3393 1466 3444 Fratrum
1496 3414 1634 3449 xxvt.

625 3461 890 3529 Rafidentias
922 3480 1002 3510 κῐ.

626 3531 923 3601 Monasterium
960 3530 1217 3584 Monialium
1238 3549 1279 3586 1.

334 3873 434 3912 Tm.
457 3875 475 3912 Ι
484 3873 520 3913 V.
1487 3877 1528 3917 V
2102 3881 2207 3921 Ven-
