2658 4256
337 301 473 348 tum
494 280 706 370 prisca*
728 325 743 352 ‚
777 291 910 341 tum
945 268 1274 342 moderna,
1313 282 1444 332 tum
1481 264 1692 327 Sacra
1734 274 1864 325 tum
1897 267 2226 349 prophana·
2254 265 2394 334 Pal.

340 375 501 441 ladis
535 374 699 456 ufitm
753 368 860 460 effi:
889 415 906 441 ,
960 366 1082 452 ips?
1133 363 1344 427 horum
1404 356 1680 421 exhibent
1720 352 1976 438 frontes
2025 381 2040 420 ς
2090 360 2394 448 affitmunp

334 468 681 551 Scriptores
752 467 922 526 inter
975 459 1104 522 alia
1161 456 1396 519 motiva
1456 449 1642 514 libros
1685 495 1702 522 ,
1776 468 1880 510 ceu
1926 463 2117 512 mutos
2173 453 2344 537 ῑςβες
2370 502 2386 530 ,

335 559 551 648 quibus
590 557 831 643 partim
885 552 1221 626 amicorum
1261 550 1487 613 merita
1528 538 1791 607 reddant
1832 560 1966 602 cum
2011 537 2181 608 libris
2242 548 2388 612 aevi.

331 667 515 717 terna
547 699 563 726 ,
600 649 844 735 partim
872 646 1004 730 sicce
1046 640 1133 705 ad
1166 661 1261 705 eos
1311 637 1633 703 relationis
1682 633 2039 717 exprimant
2082 634 2388 718 gloriam.

330 742 620 809 Primum
661 739 702 803 a
741 761 834 804 me
866 739 980 823 agi
997 736 1523 821 supervacaneum
1556 725 1632 811 cst
1665 774 1681 800 ,
1733 722 2058 813 postquam
2086 742 2199 811 per
2237 726 2390 813 imas

329 830 682 899 Decretales
702 831 910 897 Sacrae
931 827 1106 894 Sedis
1124 825 1409 892 Litteras
1429 819 1743 912 universus
1757 820 1911 902 jam
1929 818 2169 909 populus
2201 816 2389 903 nos-cit

323 922 418 1007 ⁴Te
460 924 568 1015 effe
606 924 995 990 Sacerdotem
1040 920 1080 983 a
1103 918 1228 985 Deo
1255 915 1652 1003 fitstitatum,
1693 911 2135 999 quisecundum
2176 932 2278 976 cor
2315 905 2397 993 &f

306 1018 614 1080 animam
649 1018 775 1107 ejus
790 1014 1030 1101 fecsti,
1072 1010 1147 1081 δέ)
1176 1007 1489 1096 ambuldsti
1520 1028 1730 1071 coram
1765 1002 1992 1090 Christo
2013 1000 2243 1069 cundis
2265 1001 2391 1068 die·-

327 1109 467 1172 bus:
502 1109 687 1192 noscit
718 1104 796 1171 Te
835 1106 942 1196 effe
984 1104 1045 1168 F
1041 1100 1427 1175 IDELEM‚
1471 1101 1577 1187 qui
1594 1101 1662 1163 in
1695 1098 2051 1183 testamento
2078 1094 2256 1163 Fidei
2264 1095 2394 1182 ste-

324 1201 455 1277 tisti
476 1199 820 1286 constanter
839 1246 855 1271 ‚
876 1196 1139 1281 illudque
1160 1194 1478 1279 Sanguine
1515 1208 1614 1256 tuo
1627 1189 1906 1276 firmasti
1923 1215 1939 1253 ε
1959 1191 2252 1276 personat
2274 1207 2395 1275 per

325 1312 566 1358 omnem
586 1306 828 1354 terram
850 1334 866 1359 ,
910 1284 987 1351 Te
1009 1288 1078 1350 in
1103 1284 1324 1372 Caelesti
1351 1282 1803 1370 Regnoflorere
1803 1282 1972 1366 sicut
2009 1284 2245 1347 Lilium
2269 1327 2284 1352 ,
2311 1276 2395 1361 &A

304 1382 473 1466 stcut
495 1381 735 1442 odorem
758 1379 1018 1456 balsami
1049 1376 1158 1460 effe
1199 1394 1346 1442 ante
1372 1375 1604 1441 Deum:
1634 1373 1927 1439 narrabit
1960 1376 2160 1438 omnis
2198 1387 2353 1437 oetas
2372 1374 2392 1446 ,

327 1469 519 1559 quod,
561 1466 866 1556 quantum
907 1463 1165 1544 Ecclesia
1203 1470 1594 1547 triumphans
1625 1467 1736 1532 tud
1780 1467 2086 1532 Societate
2116 1466 2355 1532 exultat
2367 1479 2386 1538 3

323 1562 582 1627 tantum
630 1559 915 1623 militans
949 1571 1048 1619 tuo
1079 1551 1427 1637 felicitetur
1458 1560 1804 1638 patrocinio
1849 1585 1864 1621 ε
1912 1582 2088 1645 oequa
2135 1573 2393 1621 autem-³

315 1653 531 1739 gloria
553 1650 631 1737 cst
659 1699 674 1724 ,
710 1666 778 1713 ut
796 1652 863 1712 in
878 1647 1101 1732 fronte
1136 1648 1289 1712 tomi
1329 1666 1435 1717 ea,
1473 1667 1605 1731 quoe
1649 1641 1728 1708 Te
1768 1649 2023 1710 inter-et
2065 1669 2159 1709 me
2195 1651 2390 1730 inter-

319 1743 513 1819 cedit,
552 1740 839 1830 effulgeat
880 1739 1136 1812 relatio,
1191 1735 1268 1805 ἑὲ)
1296 1737 1644 1802 Provinciae
1686 1738 2064 1801 communio.

318 1827 345 1835 ””
507 1831 609 1897 Ed
626 1834 837 1917 sorte,
888 1832 1011 1918 qud
1054 1830 1397 1897 Provincia
1438 1830 1801 1894 Anterioris
1850 1829 2115 1912 Austrioe
2169 1829 2240 1895 de
2284 1847 2386 1898 tuo

321 1932 498 1996 intra
519 1927 705 2010 ficum
744 1925 1042 1988 ambitum
1095 1938 1232 1987 ortu
1258 1970 1274 1995 ,
1321 1943 1392 1985 ac
1431 1921 1500 1986 de
1552 1938 1663 1985 tua
1715 1925 1784 1987 in
1827 1918 2106 1986 Coelitum
2145 1922 2389 1989 ordines

319 2020 692 2092 matricula,
729 2039 828 2082 ceu
862 2015 1120 2102 gloriofh
1156 2016 1347 2099 solius
1386 2015 1504 2100 fite
1516 2013 1954 2097 sollicitudinis
2009 2010 2218 2101 ‹ffebtu
2258 2016 2390 2099 fibi

315 2109 662 2196 applaudit,
703 2108 1038 2175 Provincia
1080 2107 1393 2173 Helvetica
1424 2105 1491 2170 de
1535 2103 1590 2167 T
1581 2129 1611 2170 e
1653 2107 1721 2170 in
1748 2108 1860 2170 illa
1893 2124 2112 2171 renato
2141 2109 2385 2194 gloria-

317 2217 425 2268 tur
445 2249 462 2275 ,
504 2222 636 2265 cum
657 2216 955 2287 tempore,
997 2222 1111 2289 quo
1135 2216 1281 2265 vota
1277 2199 1471 2284 sacra
1499 2195 1624 2262 Deo
1650 2198 1998 2285 nuncupasti
2024 2246 2040 2273 ,
2069 2197 2144 2267 ἑὲ)
2168 2202 2387 2265 trium-

302 2292 553 2380 phalem
574 2292 920 2378 Sanguinis
944 2294 1183 2357 Stolam
1206 2290 1478 2376 accepisti
1495 2339 1510 2364 ,
1512 2290 1628 2375 sub
1647 2294 1820 2355 unico
1846 2289 1922 2358 ἑὲ)
1947 2295 2206 2379 antiquo
2236 2294 2386 2359 Pro-

312 2385 523 2471 vinci?
567 2383 874 2471 Helvetico
930 2386 1174 2448 nomine
1228 2382 1570 2449 Conventus
1620 2383 1898 2471 Helvetiq
1936 2430 1952 2456 ,
2022 2385 2388 2451 Anterioris

312 2476 568 2562 Austri?
592 2523 609 2549 ,
642 2498 714 2540 ac
740 2477 981 2563 Alsatig
1010 2474 1505 2563 complecteretur.
1536 2475 1744 2541 Audeo
1778 2475 1920 2540 inde
1940 2523 1956 2549 ,
1998 2475 2074 2544 δέ)
2108 2478 2277 2544 debeo
2309 2475 2388 2543 Te

310 2566 609 2634 Fratrem
651 2567 863 2634 devoto
894 2571 1219 2635 nominare
1231 2571 1434 2653 jubilo
1457 2618 1474 2643 ,
1500 2568 1794 2635 Fratrem
1823 2584 1959 2632 tum
1997 2593 2064 2635 ex
2086 2567 2386 2657 Profeſjio-

306 2680 384 2722 ne
406 2698 423 2733 ,
471 2675 603 2724 tum
659 2681 728 2723 ex
784 2662 1123 2727 Provincia
1175 2684 1375 2727 meum
1410 2709 1426 2736 ,
1480 2684 1614 2727 cum
1652 2663 1760 2749 hec
1803 2659 1881 2729 ἑὲ)
1922 2660 2034 2727 illa
2085 2685 2154 2729 ex
2195 2678 2384 2749 parte

260 2831 262 2837 s
306 2764 418 2813 tua
452 2795 470 2821 ,
514 2770 589 2809 ac
625 2773 762 2815 mea
784 2754 879 2835 stt
909 2776 1061 2816 una.
1111 2753 1327 2842 Estque
1364 2755 1472 2842 ᾖξε
1509 2777 1647 2820 mea
1686 2754 2148 2823 Fraternitatis
2169 2755 2384 2836 gloria

304 2844 370 2906 θὺ
410 2840 646 2920 maj0r,
695 2845 808 2924 quo
829 2844 1090 2924 felicior
1104 2846 1245 2930 fuit
1282 2864 1393 2912 tua
1428 2869 1495 2912 ex
1529 2846 1796 2913 incolatu
1815 2897 1833 2920 ,
1866 2869 1942 2909 ac
1977 2841 2380 2927 hssreditates

305 2927 524 2997 relicta
543 2977 559 3001 ,
609 2929 950 3015 Ρνθοὶησὶς
990 2937 1304 3025 Ηείυεῑὶες
1346 2939 1409 3003 F
1400 2940 1606 3004 iliatio
1626 2984 1641 2997 .

487 3019 548 3085 F
540 3019 896 3107 rauenfeldff
953 3022 1022 3088 in
1091 3024 1375 3087 Helvetia
1431 3021 1743 3111 utriusque
1777 3022 1956 3107 juris
1989 3024 2378 3111 scientiam>

304 3115 518 3182 Studio
569 3109 907 3199 Theologico
934 3112 1240 3200 perfecisti
1260 3163 1276 3190 ,
1316 3112 1394 3183 δέ’
1419 3162 1435 3188 ,
1479 3136 1567 3178 an
1604 3116 1844 3201 Spiritu
1899 3114 2201 3192 Domini,
2238 3141 2376 3182 am>

302 3206 573 3276 Litteris
630 3208 833 3294 magis
881 3206 1215 3293 profeceris
1252 3258 1270 3284 ,
1327 3207 1576 3273 dubium
1626 3208 1931 3299 reliquisti
1960 3256 1976 3271 .
2021 3211 2269 3297 Stupuit
2302 3215 2375 3277 in

307 3299 390 3366 Te
425 3295 767 3382 Altorffium
797 3299 1000 3367 Vocem
1039 3298 1297 3368 Domini
1333 3305 1720 3390 resonantem
1752 3312 1822 3370 in
1853 3305 2087 3368 virtute
2109 3354 2125 3379 ,
2168 3326 2375 3369 vocem

300 3392 729 3462 intercidentis
756 3392 1103 3477 flammam
1156 3397 1326 3483 ignis
1354 3447 1371 3474 ,
1444 3395 1521 3466 δέ)
1563 3398 1961 3464 concutientis
2009 3395 2373 3482 Defertunm

307 3484 534 3562 Cades,
580 3490 674 3552 ita
700 3539 717 3565 ‚
752 3506 819 3554 ut
867 3490 1195 3556 Procerum
1230 3515 1384 3557 unus
1435 3491 1839 3579 instpidarum
1877 3485 2141 3577 offarum
2179 3491 2372 3556 minis

301 3582 500 3647 zelum
535 3596 704 3649 tuum
726 3584 975 3672 frustra
1005 3585 1278 3653 cohibere
1315 3585 1629 3653 tentdrit:
1678 3583 1836 3652 Colit
1878 3588 1951 3650 in
1977 3584 2330 3765 prysefntem
2351 3633 2370 3662 ,

365 3691 367 3693 ’
2090 3701 2130 3743 u
2160 3700 2275 3770 que
