2638 4204
917 231 1605 348 Coloniensts.
2039 239 2200 346 283

1469 371 1491 410 p

226 370 316 420 quod
328 369 497 416 reliquum
508 380 525 405 e
564 394 571 407 .
591 367 756 416 fidentius
768 369 850 406 ‘Deo
859 368 1117 404 committamus.
1145 362 1338 412 Nunquam
1354 366 1443 399 enim
1453 374 1471 398 o
1492 372 1552 397 era
1567 356 1661 399 Dei,
1684 353 1796 412 qualis
1814 355 1915 413 hujus
1931 355 2052 395 Frater
2060 361 2183 398 nitatis
2206 365 2256 400 in,

218 419 352 470 stitutio
364 417 493 464 censeri
533 419 606 454 ebet
622 442 634 461 ‚
644 415 951 466 meliussuccedunt
963 438 974 453 ‚
987 415 1088 462 quam
1100 427 1174 452 cum
1188 414 1363 450 minimum
1375 411 1525 448 humana
1532 406 1722 456 prudenttae
1734 404 1910 443 tribuitur
1924 431 1937 448 ,
1950 406 1992 448 &⁶
2003 407 2097 445 zelus
2103 409 2263 458 speciem,

223 476 264 506 ut
274 468 325 502 ita
339 466 449 500 dicam
465 490 478 508 ,
499 466 721 514 poffibilitatis
734 472 888 513 superat,
907 463 940 498 &
953 475 1070 498 contra
1086 464 1177 508 spem
1191 463 1225 497 in
1239 460 1327 506 spem
1341 460 1485 496 creditur
1496 481 1507 492 -
1667 501 1677 510 ο
1809 501 1817 510 .
1995 503 2003 512 ·
2226 508 2235 516 ι

322 515 379 549 Ad
391 514 567 549 secundum
579 538 591 557 ‚
622 525 687 549 non
701 512 845 563 est,quod
858 511 1010 548 Herodes
1022 533 1035 553 ‚
1060 520 1122 547 aut
1133 520 1272 557 regnum
1286 507 1431 557 ipsmsde
1442 505 1504 542 hac
1512 502 1748 540 Fratermtate
1758 500 1815 546 libi
1825 513 1954 558 metuat
1965 527 1975 548 ‚
1991 516 2029 539 tn
2043 517 2112 553 qua
2122 519 2164 543 ne
2175 508 2259 554 quid

221 561 266 598 ad
285 561 538 610 Politicistatas
551 563 698 608 regimen
712 588 720 601 .
746 570 808 597 aut
822 570 937 596 curam
951 569 1079 606 quoquo
1088 556 1336 603 modospeEIans
1345 556 1477 591 omnino
1489 551 1655 590 traffletur
1667 575 1678 591 ‚
1703 558 1766 584 aut
1787 553 1963 602 misceatur
1978 576 1990 594 ‚
2011 554 2262 603 prudentissime

214 609 318 659 juxta
331 635 343 653 ,
367 622 407 646 ac
415 608 604 658 graviffimi
611 608 775 658 statutum
786 607 828 657 est
839 632 850 643 .
875 606 1058 648 Similiter,
1085 617 1126 641 ne
1134 605 1220 653 quid
1227 605 1376 640 exrebus
1389 599 1711 654 autfacultatibtssy
1734 595 1980 656 eleemosynisve
1991 601 2237 640 Fraternitatis
2246 625 2259 646 ‚

226 668 342 695 contra
353 657 424 706 ejus
436 659 658 694 intentionem
674 658 712 692 in
725 657 901 704 privatum
919 653 1118 691 commodum
1132 656 1390 689 intervertatur
1405 676 1414 690 ,
1435 650 1543 686 autin
1559 655 1721 699 convivia
1735 668 1746 686 ‚
1760 654 2036 702 compotationes,
2050 661 2112 688 aut
2125 651 2260 699 aliquid

227 705 324 742 aliud
340 707 391 741 his
405 705 499 754 affine
513 706 705 753 insumatur
716 728 728 747 ‚
745 704 812 751 sub
824 703 1028 750 obligatione
1038 700 1174 738 lethalis
1181 700 1313 746 peccati
1322 721 1336 741 ‚
1364 699 1407 740 ὼ·
1409 697 1477 744 sub
1486 706 1584 745 patna
1599 695 1954 750 excommunicationis
1968 696 2043 734 latae
2056 700 2237 746 sententiae
2247 722 2260 742 ,

222 765 262 791 ac
274 766 312 790 re
323 753 498 791 litationis
512 754 551 788 in
564 750 789 801 quadruplum
793 749 985 799 strifiifflmi
997 748 1076 787 adeo
1090 758 1130 786 ut
1138 749 1240 784 etiam
1248 745 1450 794 eleemosyna
1465 769 1477 789 ,
1503 743 1617 779 aliave
1627 741 1810 800 pia-legata
1829 741 1894 800 tali
1908 745 2102 783 conditione
2116 747 2258 796 apposita

218 813 284 838 nou
300 754 400 839 bceat
413 802 572 848 recipere,
583 810 716 836 cautum
726 798 849 846 efl,qua
862 800 963 834 etiam
974 798 1015 834 dc
1028 799 1126 845 causa
1139 795 1271 832 Ordini
1285 794 1535 840 Capucinorum
1550 789 1647 827 velut
1659 787 1748 847 Filia
1765 790 1881 845 Matri
1888 794 2048 838 perpetuo
2070 808 2109 831 ac
2124 789 2261 847 indiffo·

224 850 325 887 lubili
339 861 425 887 nexu
438 850 535 885 uniri
544 848 663 884 ambiit
675 869 685 887 s
695 847 738 887 ὁ·
750 848 913 888 obtinuit,
925 846 1012 894 quod
1025 845 1077 881 his
1090 845 1133 880 ab
1145 843 1297 879 omnibus
1304 840 1467 889 politicis,
1477 852 1517 875 ae
1530 839 1731 876 nummariis
1745 838 1846 873 rebus
1851 838 1923 886 sese
1939 843 2080 885 omnino,
2090 846 2256 880 omnium-

219 910 286 947 que
297 897 435 935 maximi
450 895 678 945 abstrahit-Ita
691 892 758 928 Fra
773 895 903 930 ernitas
914 896 956 928 ab
970 894 1059 928 omni
1059 891 1192 941 sinistra
1195 890 1384 939 suspicione
1398 887 1491 936 apud
1504 888 1658 923 cordatos
1671 886 1713 927 ὼ·
1722 887 1822 921 bonos
1834 887 1930 922 viros
1940 888 1979 935 fis
1996 890 2174 928 immunem
2180 892 2258 940 fore

221 948 382 997 confidit;
404 942 555 981 malevoli
558 942 591 991 si
600 941 683 990 quid
692 940 944 976 calumnientur
954 964 966 982 ‚
989 949 1175 977 contemnet
1192 964 1202 974 .
1638 982 1647 991 ⁸

318 993 485 1042 Expedita
496 991 577 1037 funt
593 989 766 1036 praecipuae
776 988 987 1037 difficultates
1003 1001 1014 1024 t
1038 999 1110 1035 quae
1123 986 1300 1034 supersunt
1314 1012 1322 1025 ,
1334 985 1476 1022 levioris
1488 992 1646 1020 momenti
1662 981 1751 1029 sunt
1768 1007 1778 1018 .
1804 980 1903 1020 Nam
1931 984 2019 1028 quod
2041 996 2162 1032 quarto
2189 988 2258 1024 loco

219 1045 437 1084 movebatur:
462 1034 622 1076 Homines
631 1035 756 1084 salutis
761 1037 833 1084 suae
855 1046 1005 1073 amantes
1027 1058 1039 1077 ‚
1064 1034 1311 1082 Catholicaeque
1324 1033 1488 1071 veritatis
1510 1031 1584 1068 luce
1594 1030 1748 1079 perfusos
1775 1030 1875 1068 ultro
1879 1030 1985 1078 fidem
1989 1032 2090 1079 suam
2103 1034 2259 1081 profiteri

211 1095 331 1131 debere
346 1116 356 1132 ,
378 1099 437 1124 nec
444 1085 582 1134 egestate
593 1084 744 1126 terreri,
772 1083 899 1132 idsani
910 1085 962 1121 ita
974 1083 1035 1132 est:
1053 1083 1115 1132 sed
1128 1094 1194 1118 non
1205 1083 1346 1126 idcirco,
1361 1081 1503 1131 quiaipfi
1511 1080 1739 1127 nortfuc-iant,
1750 1080 1839 1127 quod
1853 1080 1972 1116 debeat
1985 1105 1995 1122 ,
2028 1093 2086 1117 nec
2113 1094 2171 1117 nos
2184 1085 2261 1130 qui-

211 1136 386 1188 dm‚quod
394 1133 719 1180 debemus‚faciemus
732 1157 742 1167 .
768 1132 929 1169 Debentur
940 1133 1051 1178 potius
1070 1143 1184 1167 eorum
1197 1131 1481 1179 commiseratione
1496 1130 1621 1176 tangi,
1646 1128 1707 1175 qui
1735 1138 1776 1164 ex
1805 1127 2039 1165 imbecillitate
2052 1130 2098 1179 fic
2117 1131 2273 1171 caducis,

213 1191 313 1226 rebus
323 1183 431 1234 affixos
443 1182 566 1221 habent
582 1182 706 1217 animas
722 1204 735 1223 ,
761 1191 800 1218 ut
822 1192 875 1218 eos
888 1180 932 1218 ad
949 1192 1066 1217 curam
1078 1189 1279 1217 eternorum
1299 1182 1460 1216 bonorum
1489 1186 1689 1213 convertere
1718 1186 1889 1224 nequeant
1904 1201 1916 1220 ‚
1940 1189 2122 1225 eorumque
2154 1179 2257 1218 corda

207 1237 345 1286 spinis,
369 1232 491 1280 quibus
517 1230 707 1279 obfitasunt
721 1253 732 1272 ,
755 1228 902 1266 liberare
915 1253 927 1272 ‚
951 1239 991 1266 ut
1005 1226 1153 1265 Verbum
1171 1228 1238 1265 Dei
1260 1229 1299 1262 in
1320 1229 1365 1263 iis
1377 1223 1743 1275 seminatumfrue‘ium
1767 1225 1906 1273 adferat
1923 1252 1930 1260 .
1961 1224 2071 1264 Nemo
2082 1229 2172 1262 enim
2192 1226 2259 1276 esi,

215 1285 276 1334 qui
293 1294 357 1319 non
370 1279 452 1316 alios
464 1278 572 1315 eodem
583 1278 674 1314 modo
687 1289 768 1326 erga
770 1278 808 1325 se
823 1276 947 1362 qfflcios
961 1302 971 1319 ,
987 1278 1020 1325 si
1019 1276 1119 1326 simili
1131 1277 1241 1312 morbo
1257 1275 1430 1311 laboraret
1445 1299 1458 1319 ,
1483 1271 1541 1325 effe
1556 1273 1659 1310 vellet
1674 1298 1683 1308 .
1712 1273 1825 1321 Atqui
1841 1274 1970 1323 Christi
1991 1273 2148 1311 habemus
2165 1285 2259 1321 prae-

216 1342 367 1380 ceptumz
393 1330 614 1376 Qaecunque
630 1328 730 1365 vultis
745 1351 755 1369 ‚
782 1338 817 1362 ur
842 1326 951 1363 aeiaut
963 1326 1062 1362 vobis
1077 1327 1227 1372 homines
1241 1349 1252 1366 ‚
1276 1325 1311 1360 &
1325 1336 1387 1360 vos
1401 1323 1501 1360 facite
1515 1323 1585 1359 inis
1635 1324 1720 1358 Haec
1733 1323 1781 1358 est
1794 1322 1882 1359 enim
1901 1324 1958 1359 lex
1973 1349 1985 1367 ,
2012 1323 2045 1359 8<
2066 1325 2252 1371 Prophetae.

217 1382 297 1428 Q
306 1389 415 1416 nutem
427 1377 539 1419 diligit
556 1376 748 1421 proximum
760 1398 772 1418 ‚
788 1376 896 1420 legem
912 1376 1067 1421 implevit
1082 1397 1093 1408 .
1119 1374 1207 1421 Ergo
1220 1374 1280 1420 qui
1293 1383 1359 1407 non
1370 1371 1412 1421 est
1421 1381 1594 1420 promptus
1607 1370 1700 1422 istam
1711 1370 1902 1419 hujusmodi
1927 1370 2165 1419 infirmitatem
2171 1373 2257 1422 sub-

215 1429 330 1467 levare
342 1451 354 1469 ‚
378 1427 468 1461 omni
478 1422 649 1460 dileiiioue
660 1432 753 1460 caret
766 1435 776 1459 ε
802 1424 874 1469 Qui
889 1433 998 1459 autem
1018 1433 1086 1458 non
1099 1422 1227 1466 diligit,
1241 1430 1350 1457 manet
1362 1433 1398 1455 m
1411 1431 1523 1457 morte
1537 1445 1548 1456 .

312 1476 366 1512 At
379 1472 476 1509 multi
483 1469 570 1518 fient
584 1470 754 1509 Catholici
763 1480 898 1519 propter
923 1469 1038 1520 offm,
1063 1470 1266 1511 &lucrunu
1296 1469 1448 1506 Primam
1463 1497 1471 1509 ,
1497 1477 1576 1516 opus
1592 1469 1689 1516 pium
1714 1468 1917 1513 &sanetum
1929 1477 2069 1517 propter
2087 1469 2256 1517 suspicio-

217 1536 275 1562 nes
289 1534 355 1558 non
366 1521 463 1558 debet
478 1520 662 1556 intermitti
676 1543 686 1554 .
711 1519 856 1556 ‘Deinde
870 1530 935 1554 non
947 1518 990 1568 est
1014 1519 1155 1554 hominis
1169 1516 1355 1566 Christiani
1367 1519 1410 1553 in.
1418 1529 1455 1553 re
1469 1517 1580 1554 adhuc
1604 1518 1738 1553 ineertd
1754 1517 1794 1553 dc
1811 1517 1918 1553 altero
1932 1518 2102 1563 suspicari
2122 1530 2132 1552 τ
2159 1518 2254 1554 Cha-

216 1575 295 1609 sitas
307 1572 393 1607 enim
415 1580 483 1604 non
508 1569 642 1612 cogitat
656 1569 797 1603 malum.
826 1568 962 1604 Demum
983 1565 1225 1603 Fraternitatis
1244 1567 1313 1602 erit
1331 1565 1695 1612 providere‚quantitm
1715 1567 1849 1600 omnino
1867 1567 1998 1612 poterit
2014 1591 2024 1608 ,
2050 1576 2092 1603 ut
2119 1578 2258 1609 omnes,v

218 1632 301 1669 quos
321 1620 359 1654 in
375 1627 491 1655 curam
504 1617 668 1663 recipiet,
690 1625 760 1652 tam
786 1617 931 1652 moribus
946 1639 957 1658 ‚
983 1614 1082 1663 quam
1094 1614 1178 1661 fidei
1191 1612 1379 1662 profeffione
1395 1614 1466 1661 stnt
1480 1613 1677 1654 Catholici,
1696 1611 1832 1661 seseque
1852 1613 1910 1660 fre
1935 1616 2034 1651 uenti
2060 1614 2254 1662 ususacrae-

215 1678 423 1708 mentorum,
446 1664 488 1704 ὠ·
501 1664 619 1712 affiduo
640 1664 811 1699 virtutum
833 1665 992 1700 exercitio
1015 1665 1066 1699 ita
1077 1665 1218 1708 probent
1235 1687 1245 1702 ‚
1270 1670 1309 1696 ut
1323 1659 1572 1698 Frater-nitatis
1592 1660 1728 1703 tutela,
1755 1662 1797 1702 ἶς’
1821 1626 1992 1709 beneJZciis
2021 1675 2088 1699 non
2110 1662 2250 1710 indigni

217 1716 415 1764 censeantur
432 1739 438 1751 ‚
461 1714 515 1749 uti
523 1722 583 1759 per
602 1711 734 1759 regulas
744 1711 945 1759 sufficienter
956 1710 1129 1758 provisum
1140 1736 1149 1746 .
1177 1710 1305 1758 hustet,
1316 1719 1368 1751 ut.
1369 1710 1401 1758 si
1415 1709 1526 1759 aliqui
1541 1708 1627 1753 forti
1644 1710 1813 1752 principio
1829 1711 1942 1747 minus
1967 1711 2090 1750 ancer&
2122 1711 2167 1746 ad
2184 1711 2254 1748 Ca-

218 1765 354 1802 tholicos
367 1773 441 1798 acce
465 1762 556 1796 erint
570 1783 580 1802 ,
600 1757 763 1806 paulatim
783 1759 868 1793 bonci
880 1758 952 1805 fide
963 1757 1132 1796 Catholici
1134 1757 1249 1805 fiant,
1273 1771 1349 1796 cum
1367 1768 1457 1795 meta
1472 1756 1652 1795 excidendi
1665 1756 1770 1798 vitiu,
1787 1769 1915 1794 morum
1931 1760 2167 1797 emendationi
2184 1758 2255 1807 slu-

219 1814 360 1849 duerint
377 1837 388 1846 .
434 1807 516 1844 acili
526 1808 614 1843 enim
629 1805 895 1852 Catholicafides
906 1808 945 1841 in
957 1809 1067 1843 animo
1080 1805 1333 1844 locuminvenit
1344 1832 1357 1851 ‚
1382 1807 1490 1856 quifit
1507 1806 1757 1854 impedimentis
1761 1805 1850 1852 fidei
1864 1833 1872 1847 ,
1901 1807 1998 1843 malis
2021 1817 2135 1856 nempe
2150 1809 2255 1843 mori-

219 1861 281 1896 bus
295 1883 308 1903 ,
330 1859 497 1894 liberatus
507 1881 517 1892 .
542 1855 664 1906 Qre
676 1856 778 1893 etiam
791 1855 857 1903 ipse
871 1854 1022 1903 Christus
1046 1854 1277 1903 temporalium
1290 1856 1452 1892 bonorum
1463 1855 1668 1904 promiffione
1679 1854 1762 1890 alios
1776 1854 1864 1902 adse
1875 1855 1987 1892 allicit
2004 1882 2014 1892 .
2045 1859 2155 1893 Amen
2180 1857 2261 1893 dico

220 1909 336 1943 vobis:
363 1916 460 1941 nemo
474 1904 540 1947 est,
555 1905 614 1951 qui
633 1903 802 1950 reliquerit
817 1903 955 1939 domum
973 1926 985 1944 ‚
1011 1904 1075 1941 &m
1089 1915 1226 1950 propter
1241 1917 1292 1940 me
1303 1926 1317 1946 ‚
1339 1904 1373 1940 ἃ
1387 1914 1527 1951 propter
1542 1905 1764 1948 Evangelium
1777 1926 1789 1943 ‚
1808 1905 1869 1950 qui
1888 1917 1956 1939 non
1978 1906 2119 1951 accipiet
2135 1905 2263 1941 centies

219 1966 350 1991 tantum
362 1977 375 1997 ,
401 1965 486 1989 nunc
499 1953 533 1989 in
545 1963 692 1998 tempore
701 1954 764 1987 hoc
773 1975 786 1995 ‚
811 1952 845 1987 &
859 1952 893 1987 in
907 1952 1026 1989 saeculo
1039 1952 1156 1989 futuro
1170 1952 1273 1991 vitam
1287 1964 1444 1990 aeternam
1457 1977 1467 1986 .
1492 1951 1538 1988 Et
1552 1951 1665 1994 Deus3
1694 1953 1733 1990 Si
1748 1952 1923 1991 volueritis
1938 1954 1973 1989 8<
1993 1954 2168 1990 audieritis
2181 1965 2234 1989 me
2251 1976 2265 1998 ‚

219 2003 306 2039 bona
319 2014 413 2039 terra:
426 2000 611 2037 comedetis
625 2024 636 2035 .
1745 2046 1748 2048 Δ

318 2050 378 2088 Aa
387 2050 576 2098 postremum
589 2050 663 2085 dico
678 2063 687 2084 ε
715 2049 878 2097 quantum
891 2048 1084 2099 adfingulos
1097 2050 1225 2086 attinet
1237 2074 1248 2094 ‚
1262 2062 1328 2087 non
1338 2051 1449 2088 minus
1463 2048 1505 2100 est
1517 2047 1650 2086 lucrari
1663 2047 1824 2098 cujusque
1835 2049 1961 2097 plebeii
1974 2051 2121 2087 animam
2133 2076 2143 2094 ‚
2164 2050 2266 2100 quam

224 2101 368 2136 animam
384 2097 486 2144 Regis
498 2123 508 2138 ,
534 2106 595 2133 aut
607 2097 790 2145 ‘Principis
803 2119 811 2134 ᾗ
838 2097 955 2146 Itaque
976 2099 1086 2146 quoad
1109 2098 1167 2134 hoc
1183 2122 1196 2141 ,
1217 2099 1373 2147 personas
1387 2099 1548 2148 respicere
1573 2108 1641 2132 non
1656 2097 1810 2134 debemus
1825 2121 1835 2132 .
1865 2097 1982 2136 Addo
1998 2126 2006 2138 .
2033 2099 2123 2148 quod
2136 2111 2177 2137 ex
2188 2105 2272 2136 con·'

222 2149 368 2198 verfione
386 2143 563 2184 Nobilium
575 2172 583 2184 ‚
609 2145 882 2194 Confiliariorum
897 2171 909 2190 ,
933 2145 1214 2182 ‘Praedicantium
1229 2171 1241 2190 ,
1267 2148 1408 2185 Civium
1427 2172 1440 2191 ‚
1462 2143 1635 2197 progreffu
1655 2148 1811 2192 temporis
1839 2149 2055 2194 integrarum
2081 2150 2266 2184 civitatum

224 2194 464 2244 conversionem
477 2194 569 2229 nobis
587 2192 739 2241 polliceri
747 2195 894 2244 poffimus
906 2220 914 2228 .
941 2193 1037 2232 Nam
1062 2194 1115 2230 illi
1130 2203 1231 2242 porro
1258 2195 1341 2232 alios
1355 2219 1368 2239 ‚
1393 2197 1436 2239 &⁴
1460 2195 1543 2232 alios
1568 2195 1701 2231 lucrari
1716 2220 1726 2237 ,
1753 2196 1795 2236 (θ’
1822 2197 1957 2232 tandem
1981 2198 2062 2245 ipsos
2088 2197 2266 2244 Principes

225 2245 387 2282 veritatis
410 2243 583 2290 agnitione
596 2243 743 2278 imbuere
759 2251 944 2289 poterunt.
973 2244 1084 2279 Arma
1108 2242 1265 2290 quidem,
1279 2245 1403 2293 quibus
1427 2245 1548 2294 haeresis
1571 2241 1730 2280 hacienus
1750 2242 1915 2303 usafuit‘‚
1944 2244 2155 2281 Praedicante
2180 2256 2269 2293 nem·

223 2302 266 2343 pe
278 2317 290 2336 ,
316 2290 420 2328 doeios
434 2317 442 2330 .
469 2290 592 2326 nobiles
604 2315 616 2333 ,
644 2291 686 2332 (ζ’
701 2291 902 2338 εοηβΙίανίω
929 2293 961 2329 ei
970 2290 1153 2328 adimemus
1167 2315 1178 2327 .
1206 2293 1322 2340 Atque
1335 2295 1389 2330 ita
1411 2291 1669 2342 difficultatibus
1682 2315 1696 2334 ‚
1721 2303 1793 2340 quae
1807 2304 1827 2328 a
1842 2291 1959 2329 multis
1973 2294 2126 2336 moveri,
2152 2292 2273 2341 plures'

225 2351 356 2423 ηουεέε
375 2363 386 2381 ,
410 2350 450 2374 ac
475 2338 617 2375 turbare
637 2361 651 2383 ‚
671 2337 943 2389 progreffumque
967 2338 1215 2377 fraternitatis
1248 2340 1349 2390 hujus
1374 2342 1539 2391 impedire
1560 2338 1687 2392 poffent
1706 2364 1719 2385 ‚
1746 2341 1959 2390 J'atisfat‘ium
1975 2343 2151 2392 speramus
2177 2367 2191 2387 ‚
2225 2342 2270 2383 &³

227 2401 286 2426 eon
335 2399 420 2422 smus
435 2412 447 2423 .

280 2387 314 2437 fi
333 2434 441 2474 Nune
454 2434 498 2471 ad
512 2446 570 2471 vos
585 2431 665 2470 Viri
677 2435 854 2483 Principes
866 2462 878 2480 ,
903 2450 942 2473 ac
957 2435 1099 2475 Proelati
1112 2462 1124 2481 ‚
1150 2448 1230 2485 quos
1245 2438 1350 2475 ‘Deus
1365 2438 1507 2488 Ecclefiae
1517 2439 1582 2485 suae
1588 2435 1815 2489 speculatores
1833 2462 1844 2480 ‚
1870 2437 2060 2488 custodesve
2073 2467 2079 2474 .
2094 2437 2266 2488 pastores,

233 2483 482 2530 Protefiorefie
501 2482 670 2531 constituit
684 2508 696 2526 ,
721 2485 812 2520 redit
827 2487 934 2522 oratio
948 2511 958 2522 .
984 2484 1022 2522 V
1017 2498 1050 2522 os
1058 2495 1120 2534 per
1133 2498 1274 2523 amorem
1290 2487 1459 2537 Crucifixi
1475 2490 1614 2524 Domini
1631 2486 1731 2536 nostri
1746 2484 1833 2535 ‘Jefu
1852 2486 1983 2535 Christi
1995 2514 2006 2530 ,
2033 2497 2093 2536 per
2109 2486 2266 2535 vestram,

234 2531 441 2578 aliorumque
453 2543 539 2567 curae
553 2530 664 2580 vestra
685 2530 917 2581 commistorum
926 2533 1068 2582 salutem
1083 2534 1199 2570 hortor
1215 2559 1227 2579 ‚
1251 2547 1384 2580 moneo,
1415 2548 1473 2572 oro
1486 2560 1497 2579 ‚
1520 2537 1665 2585 obsecro-
1691 2534 1828 2585 obtestor
1844 2559 1857 2577 s
1882 2546 1922 2572 ut
1935 2536 1993 2572 hoc
2013 2538 2106 2583 Pium
2130 2536 2268 2573 Frater-

230 2581 351 2617 nitatis
367 2578 570 2627 Inslitutum,
586 2579 606 2616 ὰ
623 2580 690 2616 Deo
695 2581 863 2630 singulari
877 2594 1012 2619 munere
1033 2580 1211 2633 conceffitm
1225 2607 1237 2626 ‚
1263 2583 1283 2619 ἃ
1303 2584 1428 2621 δαηὲῗᾶ
1440 2584 1527 2622 Sede
1536 2584 1740 2635 <Apostoliea
1757 2583 1949 2634 institutum
1961 2609 1974 2627 ‚
2003 2585 2172 2621 benevolis
2189 2586 2268 2620 ani-

235 2631 295 2664 mis
312 2628 485 2672 accipiatis
497 2652 509 2670 ‚
530 2630 716 2676 protegatis
732 2655 743 2673 ,
761 2630 911 2678 foveatis
925 2659 931 2670 ,
955 2633 1181 2678 promoveatis
1195 2658 1205 2668 .
1234 2629 1368 2669 Videtis
1388 2633 1603 2682 neceffitatem
1617 2659 1627 2676 ,
1641 2644 1780 2679 eamque
1791 2631 1892 2678 prope
1906 2644 2089 2670 extremam
2104 2662 2114 2676 ,
2140 2635 2269 2671 videtis

221 2676 481 2727 florentiffimam
494 2675 570 2712 olim
592 2677 810 2716 Germaniam
854 2678 923 2728 jam
941 2688 991 2716 tot
1008 2679 1130 2722 saeculis
1145 2680 1276 2728 Imperii
1291 2681 1410 2718 sedem
1424 2707 1434 2725 ,
1465 2681 1656 2729 Religionis
1669 2680 1874 2716 domicilium
1890 2704 1901 2721 ‚
1924 2681 2066 2727 vestram
2090 2684 2242 2730 patriam
2255 2709 2267 2725 ,

227 2723 442 2770 diverfiffimis
456 2748 466 2766 ‚
489 2736 526 2759 ac
538 2727 725 2761 innumeris
740 2726 969 2764 hereti-corum
984 2726 1190 2775 fafiionibus
1203 2727 1386 2779 confi-iffam
1398 2753 1410 2773 ‚
1435 2728 1541 2778 instar
1554 2729 1650 2763 illius
1665 2750 1675 2768 ,
1688 2727 1747 2772 qui
1764 2726 2004 2773 Hierosolymis
2029 2729 2268 2768 Hierichunta

225 2772 395 2821 discedens
420 2771 457 2805 in
477 2771 624 2809 latrones
638 2774 811 2812 inciderat
821 2800 833 2819 ,
851 2775 1056 2824 spoliatam,
1084 2774 1301 2812 vulneratam
1315 2803 1325 2818 ‚
1344 2778 1597 2825 semimortuam
1623 2774 1737 2823 jacere
1751 2784 1761 2807 t
1787 2775 1917 2820 aperite
1937 2776 2074 2817 viscera
2100 2779 2242 2824 pietatis
2255 2805 2267 2821 ,

229 2819 413 2857 imitamini
429 2821 590 2866 optimum
605 2821 699 2856 illum
718 2823 975 2860 samaritanum
987 2847 999 2865 ‚
1024 2821 1164 2870 alligate
1176 2824 1321 2860 vulnera
1339 2827 1532 2860 animarum
1536 2822 1621 2869 fidei
1643 2823 1685 2863 ὠ·
1697 2819 1885 2867 diligentia
1909 2822 2023 2872 vestrae
2039 2825 2271 2870 creditarum,

232 2867 408 2917 infundite
435 2866 538 2904 oleum
558 2869 791 2916 misericordiae
808 2894 820 2913 ,
844 2872 1018 2911 &vinum
1041 2870 1277 2916 munificentia
1312 2872 1426 2921 vestra
1445 2884 1454 2906 :
1476 2872 1601 2920 juvate
1620 2869 1832 2906 authoritate
1846 2894 1857 2910 ,
1881 2871 1923 2911 ὠ
1945 2875 2083 2910 viribus
2096 2898 2108 2917 ,
2135 2883 2176 2910 ut
2194 2887 2271 2912 oves

233 2926 386 2954 errantes
409 2916 454 2952 ad
466 2917 552 2952 ovile
567 2917 776 2954 reducantur
792 2942 804 2960 ‚
827 2918 965 2955 reducta
976 2929 1035 2953 con
1050 2928 1216 2955 erventur
1234 2942 1246 2961 ‚
1266 2920 1455 2967 foveantur
1469 2943 1480 2962 ,
1494 2918 1731 2967 sustententur
1746 2943 1753 2952 .
1780 2918 1839 2953 Sic
1853 2918 1919 2966 fiet
1936 2945 1940 2950 .
1955 2930 1995 2957 ut
2013 2933 2100 2958 vera
2118 2947 2126 2960 ‚
2149 2925 2273 2960 avita-

254 2977 294 3002 ue
307 2976 346 3001 ac
358 2963 457 3000 unice
465 2964 622 3013 salvifica
637 2961 770 3012 Religio
783 2967 823 3001 in
832 2965 1009 3022 pristinum
1046 2976 1138 3003 atum
1155 2965 1376 3016 restituatur,
1403 2968 1541 3013 Imperio
1565 2966 1767 3006 Germanico
1771 2965 1855 3013 suus
1868 2966 1989 3016 constet
2004 2970 2105 3006 honos
2120 2999 2122 3005 ,
2148 2971 2190 3011 &⁸
2206 2970 2274 3009 Vos

230 2977 395 3060 i’rineeps
423 3014 481 3050 ille
506 3013 677 3053 Pastorum
697 3014 766 3064 post
789 3013 990 3064 transaiiane
1007 3012 1160 3063 feliciter
1185 3036 1199 3058 ,
1226 3013 1412 3063 pacatique
1443 3014 1530 3051 hanc
1563 3015 1671 3051 vitam
1696 3038 1711 3059 ,
1746 3014 1993 3054 immarescibili
2025 3020 2133 3056 donet
2153 3021 2275 3065 gloriae

231 3072 360 3099 corona
373 3088 382 3098 .

336 3167 435 3204 Moti
449 3166 576 3214 abipso
587 3168 701 3204 nostro
716 3169 850 3206 Ordine
874 3171 1032 3208 nonnulla
1046 3170 1130 3207 circa
1149 3172 1230 3209 hanc
1243 3168 1561 3207 Confraternnarem
1584 3169 1779 3207 difficultate
1797 3194 1811 3215 ‚
1840 3171 2082 3211 lllustriffimus
2107 3174 2280 3212 Dominus

236 3216 396 3252 Nuntius
416 3215 529 3252 causas
542 3238 555 3260 ‚
580 3219 625 3252 ob
639 3229 724 3263 quas
748 3230 818 3254 eam
841 3217 874 3252 in
893 3219 1001 3255 nostra
1015 3218 1156 3256 Ecclefia
1170 3219 1300 3257 institui
1320 3219 1480 3256 Summus
1495 3218 1656 3257 Pontifex
1680 3219 1794 3256 statuit
1809 3243 1820 3261 ‚
1845 3221 1984 3259 Litteris
1996 3224 2040 3259 ad
2066 3229 2106 3262 P.
2122 3223 2277 3260 Genera-

240 3265 308 3301 !em
322 3267 438 3301 denuo
448 3264 536 3302 datis
551 3262 708 3313 patefecit
718 3289 730 3309 ‚
760 3278 798 3302 ut
812 3267 960 3311 sequitur
975 3291 985 3302 .

706 3371 938 3423 Admodum
977 3374 1222 3424 Reverende
1250 3374 1375 3424 Pater
1402 3375 1775 3443 Obfirvantiffi‘me
1789 3407 1802 3421 .

337 3493 487 3534 Tardius
510 3496 684 3545 respondeo
699 3499 744 3535 ad
759 3512 860 3536 unam
879 3498 932 3536 Ψ.
945 3496 1194 3538 S-Revirendae
1206 3503 1432 3545 Litterarum.
1433 3502 1500 3552 sub
1514 3512 1570 3549 ες.
1592 3502 1703 3552 mensis
1717 3502 1866 3550 proxime
1881 3502 1979 3552 elapsi
1989 3511 2164 3542 exaratam
2175 3529 2189 3549 ,
2204 3516 2279 3542 cum

243 3550 410 3590 tempore.
434 3558 497 3594 quo
509 3556 607 3583 extra
622 3547 793 3584 Coloniam
817 3549 897 3596 dego
910 3572 925 3590 ,
950 3548 1144 3596 appulerit.
2175 3572 2177 3574 ·

326 3591 572 3647 ‘Quacumvis
588 3593 722 3644 Religio
747 3595 830 3634 PP.
847 3598 1096 3644 Capucinorum
1114 3595 1234 3633 multos
1254 3609 1405 3637 numeret
1423 3600 1543 3636 amicos
1563 3599 1702 3637 Auehor
1710 3601 1809 3637 itatis
1829 3598 1990 3648 majoris,
2016 3600 2117 3649 quim
2135 3602 2257 3651 egosim
2270 3623 2283 3645 ‚

247 3637 334 3674 nulli
348 3649 457 3676 tamen
469 3642 544 3678 cedo
559 3666 572 3685 ,
595 3654 655 3680 nec
680 3657 698 3679 a
725 3644 795 3682 estu
812 3669 825 3689 ‚
852 3657 916 3693 quo
930 3644 1024 3681 illius
1051 3647 1172 3682 bonum
1194 3645 1332 3693 defidero
1347 3673 1360 3692 ‚
1396 3660 1454 3685 nec
1474 3648 1599 3684 notitici
1611 3672 1622 3689 ‚
1648 3659 1749 3694 quam
1773 3648 1814 3684 de
1836 3647 1969 3685 illorum
1989 3649 2141 3699 instituto
2162 3651 2283 3686 habeo-

249 3685 405 3733 Tempore
419 3689 497 3725 vita
511 3702 585 3726 meae
603 3700 684 3728 tran
700 3692 775 3729 affiae
788 3720 797 3734 ,
823 3694 866 3735 ὼ·
883 3695 921 3729 in
935 3694 980 3729 iis
992 3716 1005 3736 ‚
1031 3704 1102 3742 quae
1113 3706 1187 3730 cura
1212 3692 1291 3730 aliis
1305 3695 1541 3744 Religionibus
1554 3719 1566 3738 ‚
1591 3695 1731 3733 maxime
1747 3705 1859 3735 autem
1885 3709 1959 3734 cum
1974 3697 2204 3736 Paternitatis
2224 3693 2288 3733 Ve-

236 3734 315 3783 Jtrae
328 3733 460 3770 Ordine
472 3739 548 3784 egi,
568 3740 722 3790 persuasa
746 3739 803 3791 effe
829 3742 925 3779 debet
939 3764 950 3782 ,
974 3743 1062 3789 quod
1085 3742 1250 3778 novitatis
1278 3755 1450 3791 nunquam
1469 3744 1597 3791 fuerim
1617 3753 1745 3779 amator
1761 3768 1774 3787 ‚
1791 3743 2012 3794 semperque,
2035 3758 2077 3786 ut
2098 3747 2287 3796 institutas

245 3785 431 3831 Primvrum
448 3782 675 3825 fundatorum
699 3789 909 3836 serventur,
935 3791 1083 3828 curavi.
1112 3790 1298 3840 eapropter
1309 3791 1511 3836 paternitas
1525 3789 1641 3846 Vestra
1658 3793 1798 3844 turbari
1809 3805 1876 3844 non
1889 3794 1988 3845 debet
2001 3821 2012 3842 ‚
2035 3808 2111 3835 cum
2126 3796 2192 3879 id&
2229 3787 2293 3826 uva

2190 3850 2205 3874 o
2223 3850 2255 3874 o·-
