2658 4256
441 279 553 360 72

379 390 648 438 Conventus
686 386 865 436 Sveviae
890 420 906 443 ‚
945 384 1191 454 Brisgoviav
1233 386 1325 438 ἃς.
1362 389 1389 436 ὲ

449 457 693 510 Provincia
730 457 977 507 Helvetica
1021 455 1207 524 separati
1235 492 1253 516 ,
1302 460 1386 507 in.,

448 528 741 579 Provinciam
769 528 1008 596 eriguntur
1025 563 1039 576 .

377 696 386 706 „
406 670 444 712 A
459 677 603 722 tergo:
637 667 791 709 Dilcb‘t'o
806 665 938 719 Filio,
964 666 1148 725 Ministro
1172 668 1358 711 Geni-razi

493 725 652 768 Ordinis
667 728 718 772 (13
721 729 766 770 F.
780 729 989 769 -Minorum
1009 730 1049 767 S.
1068 727 1273 784 Francifii

566 786 849 839 Capacinorum
873 793 1204 840 nuncupatorum.

379 903 891 954 CLEMENS
964 906 1200 954 PAPA
1270 906 1382 954 IX.

492 1028 646 1072 Dilcne
661 1029 746 1074 Fili
755 1032 932 1089 salutem
947 1030 995 1078 δ’
1011 1031 1266 1088 qustolicam

431 1111 435 1115 ·
705 1090 1014 1132 Benedifflionem
1025 1118 1037 1131 .

488 1205 622 1259 Xponi
652 1206 781 1248 Nobis
811 1220 934 1261 nuper
960 1206 1147 1248 fecerunt
1168 1207 1245 1248 διε.
1275 1207 1383 1264 Rafi-

504 1264 623 1305 duum
651 1266 880 1322 videfhpra
898 1261 1145 1321 facto-41.
1175 1265 1223 1313 ές
1234 1266 1325 1324 ſsq.

376 1401 909 1415 *mmm—¹
917 1404 1382 1418 ———————

376 1500 434 1546 In
483 1495 708 1561 Dynastia
755 1497 1001 1565 Mahlberg
1047 1498 1104 1547 ad
1150 1497 1382 1548 instantias

444 1563 656 1633 Episcopi
682 1569 1046 1634 Argentinenlis,
1078 1567 1125 1618 ἃ
1154 1571 1384 1618 Marchio·

445 1637 511 1684 nis
547 1635 786 1694 Badenfis,
817 1640 865 1686 S.
890 1641 1029 1685 Rom.
1061 1641 1183 1704 Imp.
1213 1639 1382 1688 Princi-

441 1721 553 1773 pum
573 1741 588 1764 ,
628 1723 795 1756 novam
815 1699 1036 1756 'Fratrum
1054 1712 1259 1759 Domum
1279 1726 1386 1759 con-

449 1773 561 1824 strui
592 1777 802 1826 concedit
815 1812 826 1826 .

401 1893 437 1933 A
455 1902 573 1949 tergo
590 1908 602 1935 :
637 1895 788 1937 Dileb‘r'o
803 1868 907 1939 filib
921 1925 935 1947 ‚
962 1896 1147 1953 Ministro
1165 1895 1353 1939 Generali

388 1966 390 1969 ’
487 1952 648 1995 Ordinis
674 1957 757 1996 FF.
775 1955 976 1996 Minorum
1004 1959 1043 1996 s.
1069 1955 1269 2012 Francifii

722 2016 1007 2067 Captianorum
1019 2042 1032 2054 .

373 2132 888 2181 CLEMENS
970 2135 1226 2184 PAPA
1311 2135 1377 2183 X.

483 2255 918 2315 Dilcncfilifilutem
940 2259 993 2308 ὠ
1009 2227 1264 2318 Apostcilicam

716 2317 1036 2360 Benedialionem.
1238 2325 1242 2328 “

479 2432 615 2484 Xponi
634 2434 764 2476 Nobis
777 2447 906 2489 nuper
931 2432 1118 2478 fecerunt
1133 2436 1270 2480 dilecti
1287 2435 1377 2480 Filii

496 2492 659 2544 Fratres
686 2493 908 2534 Provinciae
934 2494 1153 2543 anterioris
1184 2496 1376 2547 Austriae‚

368 2547 536 2590 Ordinis
553 2549 761 2592 Minorum
772 2569 788 2600 ·,
803 2555 842 2593 S.
857 2550 1055 2601 Francisci
1071 2555 1375 2607 Capucinorum

366 2617 692 2660 nuncupatorum
708 2637 722 2658 ‚
749 2608 855 2664 quod
870 2634 885 2656 2
910 2622 1001 2649 cum
1018 2618 1098 2652 tam
1123 2612 1291 2655 dilectus
1307 2615 1372 2656 1³1.

362 2660 443 2703 lius
462 2691 476 2713 ,
504 2664 664 2707 Nobilis
688 2666 791 2715 Vir,
817 2666 1002 2709 Marchio
1023 2669 1236 2720 Badenfis,
1262 2673 1371 2714 Sacri

363 2721 539 2762 Romani
567 2724 732 2777 Imperii
758 2724 981 2780 Princeps,
1005 2727 1074 2781 qui
1106 2731 1339 2783 Dynafliani
1357 2758 1372 2782 2

361 2779 579 2835 Mahlberg
594 2781 984 2835 nuncupatam,intra
1001 2783 1149 2829 limites
1163 2788 1374 2832 dictaePro-

363 2836 501 2879 vincia:
518 2837 558 2879 in
574 2837 746 2880 Dioecesi
760 2841 1039 2893 Argentinenfi
1055 2842 1208 2897 fitam,a
1223 2849 1373 2890 Luthe..

362 2908 462 2937 rano
477 2897 716 2939 Marchione
740 2899 1024 2951 recuperavit,
1051 2900 1211 2957 suaeque
1233 2907 1369 2948 Ditio-

363 2953 401 2995 ni
424 2954 601 3009 adjecit,
626 2959 746 3010 quam
765 2956 1016 2998 Venerabilis
1035 2960 1176 3004 Frater
1205 2963 1367 3014 Episto-

362 3025 433 3068 pus
451 3014 752 3068 Argentinenfis
780 3013 880 3069 ipsos
907 3016 1164 3069 Exponentes
1189 3018 1365 3064 sollicite

362 3072 642 3126 requifiverint
655 3101 668 3123 ,
692 3074 790 3115 utin
805 3073 942 3116 eadem
957 3077 1143 3129 Dynastia
1157 3106 1170 3127 ‚
1187 3093 1272 3132 quae
1287 3094 1361 3123 ma·

362 3142 437 3184 gna
455 3144 504 3173 ex
531 3140 645 3185 parte
667 3132 796 3174 adhuc
824 3133 1036 3185 haeretica,
1063 3135 1114 3177 ad
1141 3136 1278 3180 Fidem
1304 3149 1365 3180 ta·

360 3201 454 3230 men
482 3189 742 3232 Catholicam
765 3190 1037 3245 recipiendam
1060 3203 1263 3248 utcunque
1285 3194 1364 3238 dis-

362 3246 487 3302 pofita
503 3248 648 3299 existit,
662 3252 922 3292 conventum
931 3251 1115 3294 Fratrum
1130 3253 1222 3294 dieti
1239 3253 1342 3296 Ordi
1354 3277 1365 3285 ·

363 3306 422 3348 nis
439 3306 669 3360 erigerent,
696 3307 765 3363 qui
789 3319 869 3351 tam
886 3321 958 3362 pro
972 3311 1198 3353 Catholicis
1220 3312 1260 3358 in
1282 3310 1363 3354 fide

359 3364 662 3414 confirmandis,
676 3367 793 3421 quam
809 3381 883 3422 pro
899 3367 1178 3412 haereticorum
1194 3371 1246 3414 ad
1263 3370 1361 3425 ejus-

359 3424 453 3464 dem
473 3423 586 3465 Fidei
599 3424 822 3467 Catholicae
838 3427 1051 3467 veritatem
1068 3429 1365 3472 conversionem

358 3482 470 3540 juxta
486 3482 687 3526 laudabile
700 3497 840 3527 eorum
856 3483 1079 3526 institutum
1094 3489 1203 3530 omni
1220 3488 1363 3536 studio,

357 3539 545 3583 industria
568 3569 580 3591 ‚
611 3544 650 3583 δι
681 3542 879 3585 charitate
912 3541 1094 3586 laborare
1125 3546 1322 3589 deberent
1347 3574 1363 3598 ‚

359 3613 404 3643 ac
430 3598 477 3640 ad
504 3613 596 3641 eum
621 3600 740 3643 finem
768 3601 892 3644 etiam
921 3604 1132 3646 memorati
1162 3606 1361 3660 Principis

360 3665 476 3701 natus
492 3656 566 3713 jam
582 3656 789 3702 defunctus
802 3690 817 3711 ,
843 3671 986 3715 praeter
1007 3675 1139 3703 arcam
1155 3692 1170 3712 ,
1185 3664 1234 3704 ad
1252 3667 1366 3705 Con-

358 3726 526 3759 ventum
541 3717 763 3774 hujusmodi
778 3719 1089 3761 construendum
1105 3721 1260 3777 aliquot
1276 3723 1365 3764 mil·

356 3777 410 3819 lia
434 3775 679 3819 florenorum
696 3778 733 3819 in
755 3779 821 3821 suo
847 3778 993 3820 ultimo
1010 3779 1248 3822 testamento
1266 3780 1362 3822 reli-

353 3833 517 3891 querit3
547 3835 886 3893 &Chriflifidelcs
908 3837 946 3880 in
971 3837 1051 3881 illis
1075 3840 1263 3883 Partibus
1287 3839 1359 3882 dc·

1073 256 1076 257 ’
1160 250 1708 339 Provincia

1450 395 1593 440 gentes
1609 416 1621 437 ,
1639 387 1688 429 ad
1707 384 1977 429 sustentandos
1992 385 2183 441 ejusmodi
2195 390 2287 446 ⁴pios
2303 392 2453 446 Opera-

1447 446 1530 486 rios
1547 446 1583 487 in
1602 446 1729 487 Vinea
1747 444 1907 486 Domini
1925 444 2150 490 laborantes
2165 475 2179 498 ,
2205 451 2361 504 optime
2376 449 2452 491 lint

1446 504 1666 560 propenfi3
1693 502 1761 559 ipsi
1790 505 2044 555 Exponentes
2072 518 2220 565 novum
2249 509 2289 549 in
2316 507 2454 550 dicta„

1448 564 1639 617 Dynastia
1663 566 1928 605 Conventum
1953 563 2202 614 Provincia,
2228 566 2267 607 δι
2284 565 2451 608 Ordinis

1447 623 1701 678 praefatorum
1716 620 1843 675 erigi,
1865 620 2051 662 &instrui
2071 620 2286 675 plurimum
2298 623 2454 667 defide-

1446 690 1538 722 rant
1562 692 1576 731 3
1605 680 1735 721 Nobis
1763 690 1979 734 propterea
2000 680 2210 722 humiliter
2235 679 2449 734 supplicari

1448 736 1635 782 fecerunt
1650 766 1664 788 ‚
1687 748 1734 780 ut
1749 738 1816 778 fibi
1833 738 1872 778 in
1889 738 2089 792 praemiffis
2111 738 2342 795 opportune
2358 752 2454 792 pro-

1449 797 1589 838 videre
1605 824 1618 847 ,
1639 799 1704 847 δι,
1723 806 1765 838 ut
1785 794 1884 837 infra
1899 823 1912 843 a
1940 797 2149 852 indulgere
2164 826 2177 850 ‚
2201 796 2253 839 de
2269 796 2455 852 benigni-

1446 865 1531 898 tate
1548 855 1779 911 Apostolica
1793 853 2056 909 dignaremur
2069 885 2081 896 .

1505 916 1590 957 Nos
1609 914 1733 968 igitur
1758 913 1806 956 ad
1835 928 1906 962 ea,
1934 927 2007 968 per
2029 927 2117 970 quae
2137 926 2235 956 oves
2259 914 2282 957 ὲ
2307 912 2450 956 Caulis

1445 973 1612 1015 Domini
1642 972 1833 1023 seductae,
1858 981 1979 1027 atque
2005 973 2237 1016 aberrantes
2262 971 2314 1014 ad
2340 971 2454 1015 illius

1443 1031 1569 1082 ovile,
1585 1029 1664 1086 ipso
1678 1030 1913 1084 adjuvante,
1929 1030 2068 1074 reduci
2089 1031 2265 1082 valeant,
2279 1045 2327 1073 ex
2339 1045 2451 1074 com-

1442 1090 1540 1132 miffi
1562 1090 1691 1132 Nobis
1707 1088 1901 1132 divinitus
1919 1089 2128 1132 Pastoralis
2147 1089 2281 1131 Officii
2307 1089 2451 1133 debito

1444 1147 1650 1206 propensis
1675 1147 1811 1189 studiis
1828 1147 2084 1191 intendentes
2099 1176 2113 1198 ,
2141 1149 2343 1204 dictosque
2366 1150 2450 1190 Ex-

1443 1217 1640 1262 ponentes
1662 1205 1841 1260 specialis
1863 1202 2000 1248 favore
2023 1207 2157 1260 gratiae
2177 1205 2358 1262 prosequi
2378 1218 2454 1248 vo-

1444 1267 1573 1308 lentes
1584 1291 1598 1313 ,
1613 1266 1651 1306 &
1665 1278 1805 1306 eorum
1820 1264 2037 1318 singulares
2049 1264 2238 1318 'personas
2252 1281 2275 1308 a
2288 1263 2449 1320 quibus·

1445 1325 1505 1367 vis
1534 1322 1990 1370 excommunicationis,
2016 1321 2300 1376 suspensionis,
2322 1324 2360 1363 &
2386 1322 2451 1372 in,—

1445 1382 1624 1432 teatini,
1640 1380 1801 1436 aliisque
1817 1379 2102 1431 Ecclefiasticis
2115 1380 2338 1428 sententiis,
2356 1394 2451 1423 cen·

1445 1442 1541 1483 suris
1558 1469 1572 1490 ,
1596 1442 1635 1481 &
1650 1440 1778 1494 poenis
1795 1441 1817 1483 ὲ
1833 1438 1921 1495 jure
1934 1467 1948 1490 ‚
1974 1439 2037 1481 vel
2060 1441 2109 1481 ab
2128 1439 2289 1481 homine
2305 1440 2446 1495 quavis

1445 1501 1651 1540 occasione
1667 1527 1681 1549 ‚
1710 1499 1774 1539 vel
1791 1495 1904 1539 caus‘a
1923 1498 2011 1539 latis
2028 1526 2041 1548 ,
2067 1497 2092 1539 fi
2112 1499 2256 1551 quibus
2276 1511 2450 1554 quomo-

1442 1557 1597 1600 eolibet
1617 1557 1811 1597 innodatae
1830 1555 2072 1605 existunt2ad
2087 1556 2270 1598 effectum
2287 1555 2451 1609 praese'n-

1442 1617 1542 1657 tium
1557 1616 1746 1658 duntaxat
1763 1613 2251 1667 consequendum2harum
2266 1613 2367 1656 serie
2379 1614 2452 1657 ab·

1444 1674 1644 1716 solventes
1660 1701 1673 1722 ,
1698 1674 1733 1713 Sc
1748 1671 1950 1716 absolutas
1966 1669 2054 1714 fore
2068 1674 2270 1715 censentes
2286 1701 2299 1723 ‚
2315 1669 2452 1728 hujus·

1445 1732 1553 1774 modi
1573 1729 1920 1786 supplicationibus
1945 1729 2158 1782 inclinati,
2181 1731 2274 1772 Tibi
2296 1744 2447 1774 novum

1443 1794 1629 1837 Fratrum
1648 1789 1869 1831 Provincia:
1883 1815 1896 1838 ,
1921 1789 1961 1829 &
1977 1788 2142 1830 Ordinis
2159 1789 2446 1841 praefat01·um.‚

1443 1854 1706 1902 Conventum
1731 1849 1768 1888 in
1786 1845 2005 1900 supradicta
2024 1847 2209 1901 Dynastia
2234 1848 2284 1889 de
2312 1847 2446 1889 Mahl-

1442 1910 1545 1963 berg
1559 1934 1574 1956 2
1601 1907 1652 1949 de
1675 1903 1861 1947 consensu
1878 1914 2010 1947 tamen
2024 1906 2234 1948 memorati
2255 1905 2445 1961 Episcopi

1442 1963 1818 2021 Argentinenfisstc
1833 1964 2175 2006 concurrentibus
2193 1966 2345 2007 caeteris
2361 1963 2412 2005 ad
2426 1992 2442 2015 ,

1438 2026 1506 2067 ,vel
1527 2025 1642 2081 juxta
1667 2022 1987 2065 Constitutiones
2003 2023 2250 2077 Apostolicas
2278 2021 2445 2078 requifi-

1441 2085 1492 2127 tis
1508 2113 1524 2133 ‚
1549 2082 1793 2125 auctoritate
1805 2081 1937 2121 nostrii
1954 2082 2200 2135 Apoliolica‚
2217 2081 2445 2134 perpetuo,

1440 2143 1519 2184 sine
1546 2142 1777 2197 cujusquam
1792 2138 2022 2194 praejudicio
2039 2139 2255 2194 erigendi,
2279 2141 2317 2180 δι
2333 2137 2444 2180 insti-

1439 2201 1582 2244 tuendi
1597 2228 1611 2250 ,
1640 2211 1808 2255 quamcu
1818 2210 1923 2254 nque
1940 2196 2191 2241 necessariam
2206 2227 2220 2250 ‚
2242 2199 2282 2239 δι
2296 2211 2445 2255 oppor-

1439 2268 1573 2302 tunam
1601 2256 1835 2300 facultatem
1852 2283 1866 2306 ,
1889 2257 1929 2296 δε
1949 2256 2154 2299 licentiam
2170 2287 2183 2306 ,
2210 2257 2346 2299 eadem
2373 2270 2446 2298 au-

1439 2318 1625 2360 &oritate
1650 2344 1665 2367 ‚
1698 2325 1839 2357 tenore
1865 2313 2113 2370 praesentium
2138 2316 2376 2362 tribuimus,
2404 2315 2443 2355 &

1437 2377 1692 2431 impertimur
1708 2403 1719 2414 .
1752 2377 1845 2416 Non
1873 2373 2118 2416 obstantibus
2135 2373 2444 2416 Constitutioni-

1439 2438 1508 2479 bus
1526 2464 1540 2486 ,
1567 2438 1605 2476 δε
1625 2431 1957 2476 Ordinationibus
1973 2431 2214 2485 Apostolicis
2233 2461 2247 2482 ‚
2272 2445 2444 2486 ac‚qua-

1437 2505 1554 2538 tenus
1569 2507 1665 2549 opus
1682 2491 1726 2533 fit
1743 2519 1758 2540 ‚
1783 2490 1947 2533 Ordinis
1963 2519 1976 2541 ,
1998 2492 2037 2531 &
2055 2491 2279 2532 Provinciae
2304 2487 2442 2543 hujus-

1435 2553 1574 2604 modi,
1600 2549 1736 2593 aliisve
1766 2549 1993 2606 quibusvis,
2025 2550 2146 2590 etiam
2172 2547 2435 2605 juramento,

1434 2610 1739 2654 confirmatione
1755 2607 1985 2664 Apostolica
2000 2635 2013 2657 a
2037 2608 2097 2649 v'el
2117 2609 2258 2663 quavis
2273 2606 2441 2648 firmita-

1434 2681 1475 2712 te
1494 2669 1570 2712 alia
1586 2668 1783 2711 roboratis
1801 2665 1956 2709 statutis
1974 2694 1986 2716 2
2010 2667 2049 2707 &
2064 2666 2442 2719 consuetudinibus,

1433 2728 1657 2785 privilegiis
1681 2740 1840 2782 quoque
1857 2753 1869 2776 ,
1896 2724 2066 2765 indultis
2081 2751 2095 2773 ,
2122 2724 2311 2766 &literis
2328 2727 2441 2777 Apo-

1435 2788 1581 2829 ssolicis
1597 2790 1636 2828 in
1651 2786 1895 2829 contrarium
1914 2781 2193 2836 praemissorum
2213 2781 2442 2837 quomodo-

1433 2846 1534 2888 libet
1559 2845 1749 2887 conceffis
1771 2872 1784 2893 ,
1814 2840 2058 2884 confirmatis
2081 2869 2097 2890 ‚
2130 2842 2169 2881 δε
2203 2839 2440 2883 innovatis.

1433 2905 1596 2960 Qibus
1622 2902 1802 2943 omnibus
1817 2901 1856 2940 ἃ.
1871 2899 2031 2953 singulis
2046 2929 2059 2948 ,
2087 2898 2247 2941 illorum
2268 2909 2434 2940 tenores

1429 2956 1687 3016 praesentibus
1707 2973 1781 3012 pro
1799 2959 1917 3013 plene
1933 2987 1948 3007 ,
1971 2958 2008 2996 Sc
2023 2955 2262 2998 sufficienter
2277 2955 2436 3009 expres²

1427 3022 1475 3062 fis
1489 3048 1504 3070 .‚
1529 3033 1574 3061 ac
1588 3019 1639 3060 de
1656 3019 1779 3060 verbo
1792 3016 1841 3057 ad
1861 3017 2023 3057 verbum
2043 3013 2196 3055 insertis
2214 3014 2407 3055 habentes
2420 3041 2436 3064 ,

1427 3079 1508 3121 illis
1525 3077 1623 3121 alias
1647 3078 1689 3117 in
1708 3076 1770 3117 suo
1785 3075 1931 3116 robore
1947 3070 2211 3125 permansuris
2227 3100 2239 3120 ,
2266 3071 2317 3113 ad
2334 3086 2437 3126 prae-

1425 3135 1623 3179 missorum
1641 3134 1824 3177 effectum
1846 3133 1918 3173 hac
1946 3133 2033 3171 vice
2056 3130 2253 3171 duntaxat
2277 3129 2433 3184 specia-

1425 3195 1524 3238 liter
1540 3225 1556 3246 ,
1583 3196 1621 3235 &
1649 3191 1830 3247 expresse
1854 3190 2091 3246 derogamus
2109 3217 2123 3240 ‚
2148 3187 2436 3244 caeterisquza

1426 3253 1642 3296 contrariis
1660 3250 1976 3306 quibuscumque
1995 3278 2006 3290 .

1483 3315 1638 3354 Datum
1660 3313 1798 3352 Romae
1822 3308 1926 3363 apud
1951 3313 1988 3350 S.
2006 3307 2176 3349 Mariam
2195 3304 2442 3357 Maiorem-i

1425 3369 1494 3412 sub
1508 3370 1674 3413 Annulo
1689 3367 1901 3410 Piscatoris
1917 3365 1984 3408 die
1998 3364 2343 3422 xx.JuliiM1201.x
2355 3380 2382 3406 x
2396 3377 2430 3404 1.

1428 3428 1691 3472 Pontificatus
1710 3427 1845 3471 Nostri
1861 3429 1981 3468 Anno
1996 3425 2121 3468 tertio
2133 3452 2142 3461 -

2022 3544 2056 3582 Ι.
2072 3543 2126 3583 G.
2143 3537 2290 3582 Slufius
2304 3568 2316 3581 .

1487 3667 1655 3718 Autogr.
1682 3664 1724 3703 in
1751 3665 1893 3703 secret.
1915 3657 2102 3700 Bra-vium
2130 3658 2258 3716 qust.
2277 3655 2431 3716 Regesto

1541 3721 1659 3779 merfi
1672 3721 1720 3769 δ’
1733 3721 1827 3765 anni
1832 3719 1961 3777 praed.
1972 3717 2057 3777 fol.
2077 3730 2141 3767 17.
2350 3733 2353 3736 ·

2278 3896 2317 3936 N
2323 3895 2378 3935 0-
