2658 4256
419 204 568 285 xiv.

902 193 1937 286 ELENCH‘US.

359 315 466 366 bitae
490 318 562 365 die
601 333 682 364 20.
712 314 865 381 April.
905 324 1054 368 1616.
1098 318 1276 363 Fratres
1312 314 1370 362 ad
1432 328 1538 362 tum
1571 329 1680 361 cum
1702 312 1945 363 duodecim
1964 315 2127 379 pariter
2153 320 2359 371 Novitiis
2380 322 2439 371 in'-

359 390 578 458 Regnum
617 387 812 437 Poloniae
838 402 921 452 pro
948 403 1066 435 nova
1096 384 1157 432 ibi
1192 385 1371 432 colonia
1433 382 1555 431 stitui
1594 380 1836 434 confirmat
1867 419 1881 434 .
1919 382 2171 439 Innocentius
2199 390 2322 443 XII.
2352 411 2440 441 cum

356 457 570 528 erigenda
612 456 812 524 ablegari
845 456 1088 506 mandatur
1125 489 1137 502 .
1175 472 1263 501 cum
1307 472 1375 500 no-

432 599 630 648 Litteras
664 593 760 645 suas
794 597 1079 665 Apostolicas
1112 595 1169 645 de
1197 541 1371 659 caiessg:

363 543 442 578 la.

358 667 444 718 diis
484 671 510 717 ὲ
546 671 651 717 RR,
688 666 893 718 Patribus
937 667 1184 717 stristioriis
1218 662 1367 713 obser·

359 740 523 789 vantiae
546 735 864 786 reaffumendis
881 772 896 796 ,
912 737 960 788 ἃ
978 734 1235 805 praescripta
1253 734 1360 783 alias

357 805 560 861 Habitfis
588 804 737 857 forma
767 806 982 857 servanda
1008 842 1023 865 ‚
1060 806 1116 856 ad
1147 810 1359 876 Regnum

356 880 556 931 Poloniae
579 877 807 928 extendit.
847 876 1044 928 Urbanus
1070 874 1199 927 VIII.
1244 893 1358 938 350.

432 949 512 1000 Ad
553 947 779 998 instantias
819 948 1014 1017 Joannis
1057 948 1196 1017 Regis
1242 949 1360 996 111.

357 1017 629 1087 Hospitium
667 1037 808 1069 unum
840 1023 1051 1068 Fratrum
1081 1020 1125 1067 in
1157 1018 1362 1068 Civitate

359 1086 653 1141 Cracovienfi
677 1125 693 1147 ,
738 1087 786 1140 ἃ
815 1088 940 1137 aliud
970 1090 1014 1137 in
1048 1084 1364 1143 Varsavienfi,

357 1163 501 1209 etiam
542 1160 738 1209 aliorum
783 1160 1087 1228 Regularium
1145 1153 1365 1205 consensu

358 1248 449 1280 non
482 1228 786 1297 praerequifito
815 1264 832 1286 ,
878 1227 1077 1276 construi
1123 1225 1365 1284 concedit,

357 1302 420 1350 ita
452 1313 600 1349 tamen
620 1335 635 1356 ,
672 1314 724 1348 ut
755 1312 1001 1365 utrumque
1029 1298 1056 1346 ὲ
1083 1298 1367 1348 Provincia,

304 1381 314 1412 ἑ
360 1367 629 1421 Bononiensi
658 1367 907 1435 dependeat
938 1403 954 1425 ,
990 1367 1047 1416 ab
1082 1370 1209 1417 omni
1230 1366 1365 1432 juris-

357 1441 554 1490 distione
590 1439 946 1487 ordinariorum
976 1453 1243 1503 exemptum
1264 1473 1280 1495 ,
1317 1437 1366 1489 &

359 1509 451 1560 fine
484 1512 529 1558 S.
558 1508 685 1558 Sedis
715 1508 894 1556 licentia
940 1522 1020 1554 nec
1048 1507 1192 1557 deseri
1229 1543 1244 1565 ,
1282 1523 1365 1556 nec

361 1582 458 1630 aliae
492 1581 667 1627 Domus
706 1575 794 1626 sine
823 1594 872 1625 ea
901 1577 1125 1644 acceptari
1159 1574 1332 1644 possint
1355 1611 1368 1624 .

365 1649 631 1700 Innocentius
666 1646 762 1700 ΧῙ.
1256 1664 1369 1708 351.

433 1722 723 1771 Provinciam
762 1715 1086 1767 Bononiensem
1122 1715 1148 1763 ὲ
1187 1734 1295 1766 cura
1322 1714 1371 1767 δε

362 1792 582 1861 regimine
609 1794 938 1839 Conventuum
962 1787 1160 1837 Poloniae
1188 1788 1366 1845 eximit,

363 1861 534 1926 hosque
563 1859 831 1908 immediato
852 1861 1150 1925 superiorum
1169 1860 1370 1908 Genera-

363 1934 483 1983 lium
511 1931 733 1999 gubernio
769 1927 979 1994 subjicit.
1019 1926 1162 1975 Idem.
1256 1946 1369 1990 353.

432 2000 649 2069 Hospitia
683 1999 890 2067 praedicta
924 2000 967 2047 in
989 2002 1288 2056 Conventus,
1325 2001 1370 2046 in

363 2075 530 2141 quibus
555 2071 612 2121 ad
646 2073 791 2119 minus
818 2068 1060 2119 duodecim
1092 2072 1267 2117 Fratres
1294 2068 1371 2118 de-

362 2159 505 2212 gant,
546 2143 591 2192 &
624 2141 891 2193 Sacerdotes
923 2141 1037 2188 inter
1073 2156 1149 2188 eos
1176 2141 1370 2189 Saecula-

363 2217 486 2263 rium
521 2209 812 2260 confeffiones
833 2211 1090 2276 excipiant,
1127 2209 1240 2278 erigi
1269 2245 1284 2266 ,
1319 2207 1369 2260 ὅ(

363 2285 410 2333 in
440 2299 529 2333 uno
572 2283 740 2334 horum
777 2283 1111 2335 Conventuum
1154 2280 1369 2347 Noyitia-

1432 467 1530 501 nota
1549 487 1563 501 .
2356 462 2438 512 ibi.>

1503 520 1746 572 Pontificio
1781 522 2002 574 Mandato
2031 560 2046 583 ,
2093 543 2169 593 per
2195 529 2440 582 Illustriffi-

1434 610 1565 642 mum
1593 628 1609 651 ,
1645 591 1694 643 &
1730 593 2178 660 Reverendissimum
2208 605 2268 650 D.
2303 606 2437 652 Nun·

1429 665 1548 712 tium
1572 666 1772 712 Poloniae
1789 699 1804 722 ,
1844 667 1918 714 Fr.
1936 666 2105 733 Joanni
2128 669 2362 722 Francisco
2381 673 2436 723 ab

1427 735 1596 785 Aretio
1613 768 1629 790 ,
1670 732 1994 785 Commiffario
2012 738 2228 787 Generali
2255 737 2434 791 intima-

1421 807 1727 860 tum‚Fratres
1742 806 1785 854 in
1806 807 1920 855 aulis
1936 805 1981 858 δι
2003 807 2232 857 Domibus
2251 811 2440 859 saecula-

1421 876 1540 923 rium
1557 873 1777 942 degentes
1791 879 1847 926 ad
1866 877 2114 929 claustrum
2130 878 2275 927 redire
2284 878 2443 941 juben-a

1426 943 1572 1000 tun&
1589 944 1797 1014 deinceps
1816 946 1903 996 fine
1920 950 1966 998 S.
1985 947 2369 1020 congregationis
2385 949 2440 998 li·

1424 1018 1568 1065 centia
1596 1016 1641 1063 in
1665 1017 1716 1065 iis
1745 1020 1914 1067 morari
1939 1019 2199 1070 inhibentur
2218 1057 2231 1070 .
2323 1037 2439 1082 357.

1498 1090 1701 1136 Decreto
1731 1091 1778 1137 S.
1810 1092 2094 1159 Congregat.
2115 1089 2260 1158 Episc.
2285 1089 2332 1140 ἃ
2355 1094 2447 1140 Re-

1425 1158 1522 1227 gul.
1569 1174 1736 1207 novam
1770 1162 1974 1209 Domum
2008 1164 2051 1210 in
2085 1163 2293 1211 Civitate
2330 1163 2447 1221 Leo:

1426 1228 1628 1296 politana
1658 1228 1857 1279 construi
1886 1233 2199 1282 committitur
2219 1267 2232 1281 .
2324 1236 2440 1294 358.

1499 1301 1696 1347 Decrcto
1715 1303 1840 1350 Sacr.
1858 1304 2096 1371 Congreg.
2116 1300 2264 1369 Episc.
2285 1301 2334 1351 δε
2355 1305 2444 1349 Re-

1426 1370 1525 1440 gul.
1548 1371 1732 1419 Novam
1758 1376 1962 1421 Domum
1988 1372 2035 1420 in
2052 1373 2259 1423 Civitate
2282 1369 2441 1421 Lubli·

1429 1443 1473 1490 ni
1507 1439 1730 1494 construi.
1770 1438 1818 1492 <St
1857 1442 1884 1489 ὲ
1909 1441 2142 1492 Fratribus
2175 1438 2442 1492 Confessio·

1429 1527 1507 1559 nes
1546 1512 1841 1561 Saecularium
1872 1514 2022 1579 excipi
2056 1548 2072 1570 ‚
2119 1511 2177 1562 ad
2213 1510 2442 1561 instantias

1431 1579 1651 1645 Principis
1683 1582 1812 1629 Pauli
1840 1580 2111 1650 Sanguszko
2130 1617 2147 1641 ,
2186 1584 2328 1633 Ducis
2344 1579 2440 1633 &c-

1430 1648 1701 1698 conceditur
1719 1685 1732 1697 .
2324 1659 2442 1713 360.

1501 1715 1697 1784 Epistola
1714 1721 1841 1768 Sacr.
1873 1721 2258 1789 Congregationis
2289 1719 2440 1786 Episc.

1430 1787 1479 1840 8:
1507 1790 1676 1856 Regul.
1719 1788 1994 1838 construt‘iio
2025 1806 2153 1839 novae
2189 1789 2362 1840 Domfis
2394 1792 2443 1842 in

1431 1861 1534 1909 loco
1568 1860 1862 1909 Lubartoviae
1897 1896 1913 1919 ,
1956 1862 2138 1910 Nuntio
2173 1861 2443 1929 Apostolico

1432 1927 1662 1980 Varsaviae
1686 1932 1995 1981 committitur
2011 1968 2024 1981 .
2324 1941 2440 1994 362.

1501 2004 1704 2050 Decreto
1721 2007 1845 2052 Sacr.
1868 2006 2104 2074 Congreg.
2126 2000 2271 2070 Episc.
2288 2000 2336 2052 ἃ
2355 2007 2442 2053 Re-

1429 2072 1527 2140 gul.
1574 2088 1740 2120 novam
1774 2078 1978 2123 Domum
2036 2078 2081 2123 in
2124 2077 2226 2122 loco
2263 2071 2442 2123 Sendis-

1429 2142 1573 2191 20Viae
1612 2141 1866 2198 00nstruere
1895 2179 1911 2208 ,
1949 2144 2184 2195 Fratribus
2227 2145 2435 2195 concedi-

1428 2223 1504 2261 tur
1522 2245 1537 2262 .
2320 2222 2437 2280 364.

2255 3839 2389 3881 PRO—
