2658 4256
994 225 1588 344 Tyrolensis.

216 359 361 412 expreffit
385 361 465 399 sac.
492 361 780 410 congregationis
804 359 947 398 licentia
966 383 980 402 ,
1018 360 1062 400 ό·
1084 368 1204 396 contra
1224 357 1458 407 praescriptam
1495 358 1534 393 in
1559 350 1659 452 Coql

300 410 309 418 “
960 407 1003 453 &⁴
1023 407 1127 448 vivat
1154 405 1354 445 incolumis.
1379 405 1494 445 Roma
1513 415 1571 444 πο.

211 420 274 461 pro
294 409 445 459 injuniio
465 410 530 461 fibi
557 422 697 448 munere
727 416 910 458 exequetur
924 430 938 453 ‚

2051 254 2090 312 ἰ
2108 264 2219 347 29

1659 351 1874 410 tentionibus
1891 358 2090 412 apostolicis
2130 388 2142 400 .
2182 366 2271 403 Ita-J

1631 399 1698 439 ulte
1723 405 1828 452 1663·
2210 410 2215 413 ’

1387 513 1584 569 Martius
1622 512 1749 566 Card.
1785 514 1998 569 Ginettus.

308 636 364 674 Ex
384 636 661 687 registr-Secret-
689 635 861 685 Congreg.
883 614 985 682 menfi
1011 631 1055 674 ὁ·
1078 632 1166 668 anm·
1177 631 1287 680 prad.
1306 630 1371 680 fol.
1385 642 1443 679 99.

307 744 518 782 Defistebant
542 743 679 790 quidem
706 742 750 776 ad
776 744 844 780 brec
871 742 942 779 1²1².
966 737 1161 777 Reformati
1186 741 1206 774 a
1229 737 1382 782 fabrica,
1410 751 1487 778 cum
1509 749 1622 777 tamen
1645 748 1762 779 moras
1783 738 1889 776 Fiemi
1913 742 2043 781 trahere
2070 756 2263 792 pergerent,

213 790 351 831 illorum
372 794 416 830 ab
437 793 512 829 illic
530 790 692 828 discessus
717 792 765 826 D.
782 791 923 828 vicario
946 787 1140 837 Capitulari
1166 787 1379 825 Tridentino
1407 787 1620 836 praescriptus
1643 787 1690 823 est
1718 789 1840 825 litteris
1865 787 2102 835 sequentibus.

485 905 533 951 A
559 914 720 966 tergo:
758 897 991 948 Admodum
1009 896 1259 947 Reverendo
1278 895 1354 945 .‘D.
1378 895 1544 945 Vicario
1564 896 1805 963 Capitulart'
1827 896 2100 950 Tridentino.

304 1018 498 1056 Admodum
521 1013 728 1054 Reverende
753 1014 934 1052 ‘Domi‘ne-
959 1013 1064 1052 Alias
1087 1013 1174 1050 datae
1184 1012 1272 1060 sunt
1295 1012 1420 1054 littera
1448 1012 1493 1049 ad
1521 1012 1636 1050 ‘Dom.
1651 1011 1780 1057 Tuam,
1797 1024 1839 1052 ut
1858 1015 2032 1052 inhiberet
2059 1014 2123 1053 FF.
2151 1018 2272 1054 Minoa

205 1067 302 1104 ribus
321 1065 530 1115 Reformatis
563 1064 605 1100 de
632 1061 867 1110 observantia
890 1063 1046 1110 fundare
1074 1061 1289 1099 Conventuut
1303 1087 1315 1106 ‚
1339 1062 1382 1103 &⁶
1406 1061 1567 1110 I-Iospitt'a
1588 1064 1628 1097 in
1656 1060 1738 1098 locis
1759 1062 1893 1113 Astorts
1920 1064 1963 1106 ὠ·
1989 1061 2095 1099 Fiemt
2133 1065 2173 1100 ob
2188 1074 2278 1113 prae-

202 1114 372 1164 judicium
393 1112 540 1149 alierum
558 1111 792 1159 Regularium
811 1135 825 1156 ‚
858 1111 901 1153 ὼ·
914 1111 1091 1158 signanter
1115 1109 1368 1156 Capacinorum
1400 1112 1535 1146 ratione
1559 1109 1845 1159 elemosynarum:
1870 1123 1962 1149 nunc
1979 1121 2094 1148 autem
2120 1114 2271 1162 expostto,

203 1161 293 1210 quod
313 1161 395 1198 diets·
418 1159 482 1197 FF.
493 1159 686 1210 Reformatt'
699 1183 711 1203 ,
731 1158 812 1196 ticet
831 1160 878 1195 ab
890 1157 1079 1208 hujusmodi
1086 1157 1294 1204 fundatione
1306 1157 1499 1208 destiterint
1518 1181 1530 1201 ,
1549 1158 1770 1199 nihilomt‘nus
1791 1161 1830 1196 in
1853 1160 1953 1197 distis
1966 1158 2045 1196 locis
2070 1162 2109 1196 e'n
2130 1162 2278 1208 privata

206 1209 299 1246 domo
320 1209 430 1246 adhuc
454 1218 725 1252 commorentur,
747 1208 819 1245 EE.
845 1208 970 1246 Patres
989 1207 1035 1244 ad
1059 1206 1158 1243 Dom.
1177 1206 1285 1243 Tuam
1309 1207 1419 1243 denuo
1437 1206 1549 1254 scribi
1573 1208 1801 1252 mandarunt,
1825 1218 1994 1257 quatenus
2018 1210 2106 1258 ipsos
2133 1208 2272 1246 Fratres

207 1257 377 1304 discedere
402 1266 514 1304 cogat,
537 1259 603 1303 ita,
628 1267 669 1295 ut
690 1267 759 1292 non
784 1256 933 1295 habeant
954 1256 1005 1294 tbi
1030 1255 1175 1299 domum,
1200 1265 1264 1294 aut
1287 1255 1535 1294 habitationem
1548 1265 1821 1309 permanentem.
1845 1257 1901 1295 Ita
1923 1266 1988 1310 pro
2015 1257 2170 1310 injunfio
2194 1258 2269 1300 &o-

206 1303 320 1355 Roma
348 1318 401 1354 19·
425 1304 615 1355 Septembr.
634 1305 736 1352 1664.

1387 1411 1604 1464 &lartius
1619 1415 1747 1466 Card.
1773 1417 1970 1467 Ginettus
1985 1452 1997 1465 .

298 1533 510 1570 Litterarum
523 1533 639 1571 harum
660 1532 818 1571 effeftum
847 1534 917 1570 PP-
932 1534 1122 1573 Reformati
1147 1546 1246 1572 novo
1272 1531 1430 1579 effugio,
1454 1532 1614 1570 videlicet
1636 1533 1870 1579 appellatione
1892 1534 1936 1569 ad
1960 1531 2238 1572 Sanaiffimum..
2262 1559 2278 1580 ,

206 1595 307 1632 quam
322 1583 557 1625 minabantur,
583 1583 849 1629 suspendebant:
875 1584 936 1619 hac
962 1593 1075 1620 autem
1107 1584 1236 1620 diutius
1269 1581 1306 1616 in
1336 1582 1494 1616 Romana
1518 1580 1628 1616 Curia
1648 1591 1716 1615 non
1742 1581 1960 1624 introducta,
1991 1582 2030 1617 Ρ.
2046 1584 2276 1621 Proc.Gene—

206 1632 287 1668 talis
315 1632 496 1678 replicatas
523 1632 565 1668 ad
592 1634 624 1667 D
651 1631 827 1668 Vicarium
849 1633 1085 1678 capitularem
1099 1629 1262 1669 Tridenti
1284 1629 1415 1663 litteras
1427 1627 1599 1671 obtinuit,
1623 1627 1786 1665 &earum
1798 1631 2038 1667 executionem
2055 1630 2274 1677 Monitorio,

205 1682 249 1717 ab
274 1681 493 1717 illustriffimo
517 1681 670 1716 Domino
693 1682 864 1715 Auditore
887 1680 1060 1718 Camerae.
1087 1680 1249 1716 Paulurio
1266 1675 1431 1712 Paulutio
1450 1675 1652 1713 Albertonio
1666 1699 1680 1720 ,
1702 1678 1745 1712 ad
1774 1677 1945 1716 instantias
1971 1679 2123 1714 Fratrum
2146 1681 2280 1717 nostro-

196 1732 284 1765 '1um
313 1730 429 1766 Enniae
458 1729 519 1765 sub
549 1727 600 1764 18.
629 1727 726 1775 Junii
747 1729 850 1774 2665.
879 1729 1036 1764 relaxato
1060 1727 1286 1763 sollicitavit.
1315 1722 1434 1760 Effecit
1455 1723 1544 1766 hoc,
1570 1735 1608 1759 ut
1630 1726 1819 1772 appellatio
1844 1727 1888 1762 ad
1909 1727 2156 1765 Sanffiffimum
2181 1740 2277 1765 com-

204 1787 361 1824 parere13
385 1789 531 1823 eumque
557 1778 600 1812 ad
628 1778 706 1811 Sac.
731 1775 1050 1819 Congregationem
1074 1775 1180 1813 fuerit
1205 1772 1357 1818 remiffa,
1381 1770 1480 1809 causa
1493 1773 1628 1810 noviter
1653 1785 1732 1812 cum
1754 1775 1944 1814 rationibus
1954 1777 1996 1813 ab
2010 1786 2154 1823 utraque
2182 1786 2278 1825 parto

206 1825 359 1862 adducitis
380 1825 445 1861 fuit
475 1823 614 1860 discuffa
628 1847 643 1867 ,
661 1823 695 1858 &
715 1821 847 1868 decisa,
874 1832 913 1858 ut
939 1823 1114 1872 [equitur.

303 1932 346 1968 In
365 1932 466 1981 causa
493 1941 650 1969 vertente
673 1931 766 1968 inter
792 1929 933 1970 Fratres
962 1931 1122 1970 Minores
1141 1931 1182 1968 de
1203 1929 1439 1979 observantia
1462 1927 1676 1978 Refhrmatos
1717 1942 1759 1970 ex
1779 1944 1865 1977 una,
1889 1933 1933 1975 ὠ·
1957 1931 2097 1970 Fratres
2122 1933 2280 1971 MInores

224 1981 416 2029 Caput-inor
442 1992 482 2018 ex
502 1980 611 2019 altera
634 1980 801 2018 Partibus
817 2005 830 2024 ‚
857 1981 1149 2029 praetendentibus
1177 1980 1274 2016 ditiis
1301 1979 1512 2028 Reformatis
1536 1982 1669 2028 erigere
1697 1981 1898 2019 Conventus
1930 1983 1969 2018 in
1993 1980 2153 2019 Vallibus
2180 1981 2277 2035 Asto-

204 2031 256 2066 ris
270 2052 283 2072 ‚
307 2027 499 2071 &Fiemmi
519 2055 531 2074 ,
552 2041 618 2064 non
642 2028 787 2077 obstante
815 2029 1069 2076 Capacinorum
1094 2028 1359 2066 contradifiiione
1372 2051 1384 2070 ‚
1399 2028 1511 2064 Sacra
1531 2029 1761 2077 Congregatio
1784 2030 1897 2066 Emin.
1925 2031 1963 2067 S.
1983 2029 2029 2066 R.
2049 2031 2086 2067 Ε.
2104 2030 2281 2068 Cardina-

207 2077 291 2114 llum
318 2087 427 2123 negot.
451 2078 493 2118 &⁴
513 2076 652 2125 consult.
679 2077 827 2125 Epist-op.
845 2079 888 2120 &¹
909 2076 1034 2124 Regul.
1057 2077 1225 2127 praeposita
1246 2101 1259 2121 ,
1281 2076 1354 2126 viso
1381 2072 1550 2125 Proceffie,
1577 2077 1621 2118 ὠ·
1644 2077 1773 2114 afiiibus
1800 2078 1998 2128 transmiffis
2023 2078 2044 2115 ὰ
2058 2076 2200 2117 Vicart’o
2215 2079 2282 2116 Ca·

206 2122 357 2175 pitulari
371 2124 603 2169 Tridentino,
635 2137 672 2162 re
697 2137 738 2161 ue
765 2126 931 2163 Partibus
957 2125 1110 2167 auditis,
1137 2125 1271 2163 mature
1295 2125 1493 2162 examinate?
1521 2152 1531 2167 ‚
1557 2125 1690 2174 censuit
1711 2127 1757 2168 ὠ*
1774 2126 1971 2164 declaravit
1995 2151 2008 2170 ,
2033 2139 2100 2163 non
2124 2127 2281 2175 expedire

210 2183 375 2209 novorum
399 2173 639 2211 Conventuum

694 2172 729 2209 F.
754 2172 1029 2222 Reformatorum
1055 2174 1245 2223 hujusmodi
1267 2175 1305 2210 in
1328 2173 1426 2210 dietis
1445 2172 1528 2209 locis
1539 2174 1784 2222 fundationem
1806 2199 1819 2221 ‚
1845 2176 1888 2217 ἐς·
1913 2175 2133 2219 ereli't'ionem,
2156 2174 2284 2223 etiamst

209 2220 314 2261 iidem
337 2221 507 2269 Caput-im·
529 2223 719 2272 consensum
736 2222 961 2273 praestiterim
985 2246 995 2264 ,
1022 2225 1061 2260 in
1084 2224 1300 2261 contrarium
1328 2220 1481 2259 dedufftis
1513 2232 1581 2260 non
1608 2222 1815 2273 obstantibus
1833 2223 2090 2272 quibuscunque
2120 2250 2129 2261 .
2160 2222 2276 2260 Romae

210 2280 231 2314 ιι
239 2267 270 2306 8.
286 2268 460 2318 Decembr.
480 2270 581 2316 1665.

1393 2349 1592 2403 Martius
1624 2352 1750 2405 Card.
1776 2353 1974 2404 Ginettus
1989 2390 2002 2404 .

307 2461 459 2525 Autogr.
482 2476 521 2511 in
534 2474 666 2513 Secr'et.
689 2475 771 2513 Sec.
785 2477 955 2527 Congreg.
976 2478 1084 2529 prad.
1107 2479 1149 2516 de
1174 2480 1299 2528 quibus
1324 2478 1464 2527 exempl.
1483 2479 1642 2517 authent.
1662 2481 1702 2516 a’n
1728 2480 1897 2518 Archiv.
1920 2479 2086 2520 Generali
2098 2478 2189 2518 Ord.
2203 2481 2278 2519 Ar-

216 2526 323 2564 mario
346 2524 529 2563 Provincia
551 2523 750 2574 Tytolenlis
765 2547 776 2560 .

212 2653 689 2669 ————.
695 2658 754 2669 ..-

215 2751 504 2802 Provinciam
544 2754 588 2799 in
624 2751 734 2800 duas
762 2788 778 2811 ,
824 2753 1128 2818 Tyrolensem
1170 2754 1219 2806 <Sc

279 2822 548 2870 Bavaricam
565 2821 739 2877 dividi,
773 2826 824 2872 P.
843 2824 1056 2874 Ministro
1069 2829 1219 2875 Gene-

279 2892 364 2939 rali
393 2891 650 2939 committit
666 2923 679 2936 .

239 3018 275 3060 A
295 3026 440 3070 tergo:
466 3016 620 3059 Dt'left'o
637 3017 756 3066 Filio,
773 3015 956 3071 Ministro
972 3018 1155 3060 Generalt‘
1166 3046 1183 3068 ,

337 3075 492 3118 Ordinis
513 3080 552 3117 s.
578 3073 783 3126 Francifii
807 3079 1092 3130 Capacinoram

539 3142 855 3188 nuncupatorum
870 3162 882 3175 .

213 3256 682 3315 CLEME'NS
753 3266 1022 3313 PAPA
1108 3265 1215 3313 IX.

298 3389 454 3434 Dtlcft‘c
480 3390 563 3434 Fili
576 3389 751 3445 salutem
764 3419 779 3440 ,
811 3389 859 3438 ἐς
876 3387 1129 3447 Apostolicam

560 3447 876 3492 Beneditttonem.

328 3565 459 3620 Xponi
476 3567 604 3610 Nobis
629 3579 754 3620 nuper
769 3565 952 3608 fecerunt
966 3563 1098 3607 dilecti
1114 3563 1221 3611 Filii,

346 3625 502 3666 Fratres
524 3625 743 3668 Provinciae
764 3623 1014 3679 Tyrolenfis,
1030 3623 1088 3664 tui
1104 3622 1222 3664 Ordi-

217 3683 278 3723 nis
303 3680 505 3724 Minorum
533 3683 665 3726 Sanffi
687 3681 888 3726 Francisci
915 3682 1217 3736 Capucinorum

219 3748 539 3793 nuncupatorum
560 3770 575 3793 ,
600 3742 707 3798 quod
734 3743 774 3783 in
802 3740 995 3795 Capitulo
1020 3738 1215 3781 Generali

219 3796 313 3839 dieti
339 3796 500 3840 Ordinis
524 3799 767 3849 ,inoviffime
791 3800 830 3844 in
857 3800 931 3841 hac
957 3797 1078 3854 Alma
1103 3798 1215 3842 Urbe

345 3859 528 3901 Tam.1V.

1702 2656 2164 2678 —————-
2167 2658 2284 2672 .-

1278 2753 1493 2796 celebrato
1505 2779 1519 2802 a
1537 2754 1745 2796 Deffinitio
1759 2755 1973 2797 Generalis
2000 2753 2105 2796 bene
2119 2753 2284 2810 perspe-

1277 2814 1382 2853 &am
1406 2814 1552 2854 habens
1567 2813 1786 2854 Provinciae
1807 2814 1999 2867 praedietae
2024 2812 2184 2856 nimiam
2212 2827 2284 2855 va-

1278 2870 1483 2920 stitatem,
1510 2871 1563 2911 ob
1577 2884 1694 2923 quam
1723 2870 1790 2910 uni
1813 2870 1885 2911 soli
1908 2869 2091 2912 Ministro
2108 2872 2282 2914 Provin-

1280 2929 1372 2968 ciali
1387 2930 1544 2982 penitus
1572 2927 1628 2967 est
1645 2927 1889 2980 impossibilis
1919 2927 2092 2971 visitatio
2116 2929 2283 2973 consue·

1281 2993 1322 3024 ta
1339 3011 1352 3034 ,
1388 2986 1529 3037 vigore
1559 2984 1755 3037 Regulae,
1781 2987 1820 3027 &
1840 2986 2181 3030 Constitutionum
2208 3003 2281 3045 ge-

1280 3041 1477 3084 neralium
1494 3042 1660 3082 omnino
1675 3044 1862 3098 requifita
1889 3044 1941 3086 ad
1970 3045 2285 3089 conservandam

1277 3098 1532 3153 disciplinam
1558 3099 1785 3153 regularem
1807 3131 1820 3154 ,
1850 3102 2014 3158 aliisque
2040 3106 2164 3147 caulis
2192 3120 2283 3161 gra-

1278 3157 1434 3200 viffimis
1459 3156 1722 3200 consideratis
1738 3161 1891 3203 censuit
1912 3190 1928 3211 ‚
1955 3161 2085 3204 eidem
2113 3165 2288 3206 Provin-

1273 3216 1344 3258 ciae
1373 3215 1690 3258 subveniendum
1704 3217 1781 3261 effe
1810 3234 1884 3275 per
1897 3221 2208 3264 convenientem
2223 3222 2288 3262 di-

1276 3273 1498 3324 vifionem‚
1525 3274 1577 3316 de
1604 3274 1718 3331 hujus
1732 3280 1882 3321 Sanetae
1907 3278 2020 3320 Sedis
2045 3280 2286 3335 Apostolicae

1277 3333 1442 3375 licentia
1474 3330 1732 3388 faciendam3
1766 3339 1903 3392 Quare
1939 3336 2006 3390 ipfi
2024 3339 2287 3392 Exponentes

1278 3391 1408 3434 Nobis
1427 3391 1637 3434 humiliter
1665 3392 1874 3449 supplicari
1892 3394 2107 3443 fecerunt,
2139 3406 2185 3438 ut
2215 3395 2286 3437 fibi

1278 3450 1319 3490 in
1336 3447 1531 3502 praemiffis
1546 3453 1777 3506 opportune
1790 3452 2035 3508 providere,
2060 3454 2128 3504 δι,
2159 3464 2203 3495 ut
2230 3457 2287 3495 in-

1278 3506 1367 3558 fra,
1393 3506 1604 3564 indulgere
1629 3509 1681 3551 de
1697 3511 1953 3565 Benignitate
1968 3512 2202 3566 Apostolica
2226 3512 2288 3552 di-

1280 3578 1516 3619 gnaremur:
1533 3570 1620 3611 Nos
1637 3568 1761 3623 igitur
1782 3570 1908 3611 dictos
1925 3570 2185 3624 Exponentes
2201 3572 2287 3625 spe-

1280 3623 1448 3665 cialibus
1476 3622 1680 3667 favoribus
1697 3655 1710 3677 ,
1740 3628 1780 3667 &
1796 3627 1933 3681 gratiis
1949 3628 2130 3683 prosequi
2147 3630 2287 3670 volen-

1279 3690 1339 3723 tes
1355 3708 1368 3730 ,
1396 3683 1436 3722 &
1450 3695 1590 3725 eorum
1617 3684 1837 3738 singulares
1854 3685 2037 3740 personas
2052 3688 2072 3728 ἒι
2087 3685 2287 3741 quibusvis

1275 3740 1739 3791 excommunicationis,
1768 3742 2025 3798 suspensionis
2050 3774 2062 3797 2
2097 3747 2136 3786 &
2164 3746 2290 3786 inter-

1274 3797 1371 3840 dic-‘ti
1385 3826 1398 3850 ,
1427 3797 1593 3854 aliisque
1613 3800 1903 3846 Ecclefiasticis
1928 3802 2159 3851 sententiis,
2196 3817 2292 3844 cen-

1563 3859 1604 3900 R
2128 3860 2239 3910 suris,
