2658 4256
918 173 1520 261 Hel-vetica.

204 304 408 367 postposita
431 306 751 361 compescendo,
776 303 964 363 legitimis
1001 306 1115 362 super
1139 307 1198 348 his

189 363 392 408 ,habendis
421 362 583 407 servatis
610 364 854 408 Proceffibus
878 391 892 413 ,
925 365 1134 413 censuras,
1159 366 1198 406 δε

195 434 325 477 >paenas
352 418 453 476 ipsas
475 423 627 466 iteratis
654 424 805 465 vicibus
830 423 1112 478 aggravando,
1141 422 1203 464 in-

199 489 346 521 vocato
371 481 420 523 ad
438 481 512 522 hoc
526 495 540 533 ,’
571 480 596 522 fi
622 494 722 536 opus
752 480 902 531 suerit,
928 480 1078 522 auxilio
1105 481 1198 521 bra·-

195 537 277 578 chii
291 534 482 581 saecularis
493 565 505 587 2
518 553 598 583 non
611 539 854 583 obstantibus
870 537 1071 593 quibusvis
1085 539 1196 592 Apo-

178 594 344 637 -ssolicis
358 624 373 648 ,
395 597 495 639 acin
511 596 795 642 universalibus
813 627 827 649 ,
848 594 1166 640 Provincialibus
1179 622 1193 645 ‚

192 654 238 694 8ο
251 655 514 709 synodalibus
534 655 728 698 Conciliis
747 655 867 697 editis
886 651 1193 698 Constitutioni-

190 711 264 753 bus
280 741 294 763 ,
317 714 355 754 8:
369 713 704 755 ordinationibus
720 712 963 766 Apostolicis
976 740 991 763 ,
1014 712 1036 753 a
1050 710 1191 766 quibus

190 771 323 812 caveri
347 770 496 813 dicitur
513 801 529 821 ,
565 782 614 812 ne
640 771 805 811 Fratres
836 768 1006 824 cujusvis
1030 768 1194 811 Ordinis

182 827 509 872 Mendicantium
540 841 641 870 nova
669 825 757 870 loca
780 826 828 868 ad
854 826 1192 868 inhabitandum

186 886 333 941 absque
358 885 518 940 speciali
544 885 705 927 licentia
732 884 848 926 Sedis
862 884 1101 940 Apostolicae
1123 897 1188 925 re-

185 946 323 999 cipere
337 944 494 985 valeant
506 972 522 993 ,
545 957 595 985 ac·
606 941 764 996 Regula
776 941 909 984 nostrii
923 942 974 984 de
997 956 1076 984 non
1089 954 1188 983 con-

183 1001 379 1044 cedendis
395 1000 661 1057 Indulgentiis
678 999 726 1041 ad
742 1000 860 1041 instar
872 1028 887 1051 ,
915 1013 1073 1043 necnon
1089 1012 1187 1053 pra:-

178 1058 258 1101 firi
271 1055 432 1100 Ordinis
444 1085 458 1109 ,
482 1058 602 1100 etiam
616 1055 842 1113 juramento
855 1085 869 1108 ,
880 1056 1185 1099 confirmatione

173 1114 408 1170 Apostolica
420 1144 437 1165 ,
466 1115 531 1157 vel
553 1116 689 1172 quavis
702 1114 896 1157 firmitate
917 1114 993 1158 aria
1016 1117 1185 1156 robora-

183 1174 234 1217 tis
262 1172 414 1215 statutis
432 1202 445 1225 ,
475 1175 515 1216 δι
539 1173 923 1225 consuetudinibus,
950 1171 1183 1227 Privilegiis

180 1234 370 1287 quoque,
403 1231 599 1283 indultis,
626 1234 665 1274 δι
692 1231 858 1275 Litteris
885 1230 1120 1286 Apostolicis
1145 1231 1186 1272 in

181 1290 429 1333 contrarium
453 1288 733 1346 praemifforum
755 1290 1064 1347 quomodolibet
1089 1303 1188 1331 con·

181 1347 289 1391 ceffis
304 1375 319 1398 ,
332 1346 576 1391 confirmatis
592 1376 605 1398 ,
622 1351 660 1391 &
675 1350 904 1405 approbatis
917 1378 934 1401 ,
960 1347 1187 1403 caeterisque

181 1406 400 1448 contrariis
415 1406 732 1462 quibuscunque.

191 1483 194 1486 ·
242 1467 387 1505 Datum
405 1467 543 1507 Romae
556 1465 660 1520 apud
686 1467 728 1507 S.
750 1468 917 1508 Petrum
940 1463 1010 1508 sub
1025 1463 1189 1507 Annulo

179 1515 417 1574 Piscatoris,
442 1522 519 1565 Die
533 1537 612 1565 xix
644 1524 851 1566 Februarii
867 1527 986 1567 Anno
999 1535 1186 1565 Mnxcrv.

181 1578 445 1625 Pontificatus
456 1581 578 1625 nostri
603 1583 725 1626 Anno
738 1582 862 1624 tertio
878 1611 890 1623 .

565 1701 624 1739 M.
641 1696 816 1740 Vestrius
833 1695 1089 1738 Barbianus.·

220 1773 242 1794 x

240 1817 362 1856 Breve
372 1811 599 1869 sarmatum
621 1812 665 1854 in
682 1812 852 1856 Archivo
868 1815 1074 1854 Luceruae.

412 1950 525 1962 -
727 1941 953 1967 -ἐ--ι-ι
957 1953 1186 1971 ..ιι-

180 2048 490 2120 Indulgentias
505 2048 929 2116 plenarias,eandem
946 2047 1189 2099 Ecclesiam

251 2116 515 2168 Conventus
534 2122 744 2169 Fratrum
773 2122 986 2169 Lucernae
1011 2119 1058 2167 in
1078 2116 1189 2169 festo

180 2245 186 2255 ᾖ
251 2191 306 2237 Β.
339 2189 536 2256 Virginis
557 2190 716 2239 Mariae
740 2188 796 2238 ad
822 2191 983 2239 Coelos
1010 2187 1189 2238 Affum-

248 2272 336 2324 ptae
361 2256 640 2308 visitantibus
654 2294 670 2317 ,
705 2257 753 2308 δε
768 2259 876 2307 alias
892 2272 1073 2307 centum
1095 2259 1189 2308 die-

246 2344 352 2376 rum
385 2345 539 2378 coram
569 2328 825 2395 quindecim
865 2329 1064 2396 Capellis
1098 2331 1186 2379 ἰὼ

186 2421 191 2426 ·
248 2399 322 2447 via
351 2396 408 2445 ad
442 2400 734 2449 Conventum
764 2399 919 2448 creetis
939 2399 1184 2450 ,orantibus

177 2528 179 2530 V
250 2468 472 2535 largitur.
811 2486 814 2488 ’

247 2608 686 2663 PAULUS
773 2613 984 2661 PAPA
1056 2613 1121 2660 V.

218 2743 408 2799 Universts
430 2745 746 2802 Chrtssffidclibtrs
765 2749 973 2804 praefintes
999 2750 1156 2791 litteras
1208 2754 1211 2757 ’

296 2802 520 2858 irffpessluris
530 2803 729 2857 salutem,
751 2805 798 2850 (9⁶
814 2808 1070 2864 Apostolt'cam

523 2861 823 2902 Benedrffionem
832 2891 844 2902 .

308 2976 346 3016 D
377 2974 594 3029 augendam
615 2973 812 3016 Fidelium
837 2973 1094 3030 Religionem
1112 3003 1125 3025 ‚
1149 2977 1189 3016 &

335 3033 570 3075 Animarum
590 3033 758 3075 salutem
775 3059 789 3082 ,
802 3032 1028 3076 coelestibus
1045 3032 1187 3075 Eccle-

182 3091 241 3132 siae
262 3090 455 3133 thesauris
480 3091 543 3144 pia
571 3091 783 3134 Charitate
809 3089 980 3141 intenti,
1006 3090 1188 3132 omnibus

182 3149 387 3205 utriusque
405 3147 514 3191 sexus
526 3147 862 3191 christifidelibus
877 3150 969 3191 vere
984 3149 1189 3206 poeniten-

183 3206 290 3249 tibus
304 3236 319 3258 ,
350 3209 389 3249 &
403 3205 583 3250 confessis
600 3235 614 3258 ,
644 3221 689 3248 ac
717 3209 838 3248 Sacra
852 3208 1188 3251 Communione.)

186 3264 342 3308 refectis
357 3293 371 3316 ,
400 3267 467 3321 qui
483 3264 696 3308 Ecclesiam
713 3263 862 3306 Domus
892 3268 968 3309 FF.
986 3267 1186 3309 Minorum

185 3325 227 3367 S.
247 3323 444 3366 Francisci
462 3324 759 3379 Capucinorum
783 3334 1100 3379 nuncupatorum
1127 3322 1194 3365 sub

185 3381 444 3425 invocatione
462 3385 505 3424 Β.
522 3385 574 3425 V.
590 3381 740 3431 Mariae,
753 3381 790 3422 in
805 3380 1036 3431 Wasemlin,
1051 3394 1195 3436 prope-

187 3439 227 3480 &
243 3450 355 3483 extra
371 3454 506 3483 muros
521 3441 668 3495 Oppidi
687 3443 873 3482 Lucernae
887 3469 899 3491 ,
914 3439 1191 3482 Constantien.

189 3497 397 3550 Dioecefis,
418 3499 484 3541 die
500 3498 596 3543 festo
610 3496 894 3551 Assumptionis
915 3497 1027 3539 dietae
1049 3499 1093 3538 Β.
1108 3500 1192 3539 Ma·

188 3555 254 3596 riae
267 3557 443 3612 Virginis
455 3584 469 3605 a
485 3560 507 3601 a
521 3558 655 3613 primis
670 3555 853 3611 Vesperis
869 3556 990 3612 usque
1006 3554 1053 3597 ad
1069 3569 1188 3596 occa-

189 3613 271 3653 sum
298 3617 399 3656 Solis
424 3616 522 3657 Festi
554 3615 773 3673 hujusmodi
800 3614 957 3670 lingulis
980 3613 1089 3656 annis
1115 3611 1186 3654 de-

191 3670 288 3711 vote
316 3671 586 3724 visitaverint,
617 3676 655 3715 δε
674 3674 724 3715 ibi
741 3688 815 3726 pro
831 3673 1199 3715 Christianorum-2·

188 3729 418 3829 Princiapum
433 3733 650 3776 concordia
665 3761 680 3785 ,
695 3731 881 3775 haeresum
896 3729 1157 3786 extirpatione
1170 3757 1184 3780 ,

339 3791 478 3831 om.1V.

1257 308 1296 347 δι
1324 311 1364 349 S.
1394 304 1538 348 Matris
1565 301 1751 345 Ecclefiae
1781 305 2024 350 exaltatione
2049 338 2064 359 ,
2104 317 2187 365 pias
2214 321 2266 362 ad

1256 367 1392 405 Deum
1419 373 1558 418 preces
1584 360 1823 414 effuderint,
1856 365 2075 419 plenariam
2091 375 2264 417 omnium

1260 431 1517 477 peccatorum
1545 418 1706 460 suorum
1733 421 2050 477 indulgentiam,
2075 427 2113 467 &
2129 432 2265 472 remis.

1258 481 1408 522 fionem
1424 475 1735 520 misericorditer
1746 479 1783 520 in
1798 483 1975 522 Domino
1987 486 2261 529 concedimus.

1254 538 1307 579 Iis
1332 539 1458 585 vero,
1481 535 1550 591 qui
1564 534 1789 590 quindecim
1800 539 1985 593 Capellas
2000 541 2039 581 in
2059 541 2148 592 via,
2177 558 2263 598 quae

1253 595 1275 637 ἐ
1299 594 1408 636 dieto
1424 593 1584 649 Oppido
1607 592 1657 633 ad
1688 594 1855 636 eandem
1872 596 2087 642 Ecclesiam
2102 602 2231 642 tendit
2246 632 2263 652 ,

1252 651 1507 694 consistentes
1529 681 1546 701 ,
1574 650 1733 705 singulis
1764 652 1901 695 diebus
1931 656 2053 699 totius
2076 658 2165 700 anni
2197 660 2262 713 pie

1252 709 1499 753 visitaverint
1521 735 1534 754 2
1560 711 1599 750 δε
1624 709 1856 761 oraverint,
1887 714 2068 767 qualibet
2099 717 2190 758 vice
2217 718 2261 758 id

1251 769 1408 822 egerint
1420 792 1434 814 ,
1448 776 1610 808 centum
1625 766 1709 808 dies
1723 768 1774 809 de
1788 767 1968 823 injunffis
1986 773 2041 813 eis
2056 801 2070 823 ,
2084 774 2146 815 seu
2161 773 2258 818 alias

1248 823 1556 880 quomodolibet
1569 823 1715 866 debitis
1727 825 1962 880 pgnitentiis
1977 830 2016 871 in
2033 829 2162 873 forma
2178 835 2260 874 Ec-

1247 882 1371 925 clesiae
1396 882 1585 927 consueta
1614 883 1836 925 relaxamus
1862 913 1876 935 ,
1914 888 2166 939 praesentibus
2207 890 2258 932 ad

1246 940 1496 996 septennium
1512 939 1666 982 tantum
1683 941 1882 983 valituris.
1896 944 2089 986 Volumus
2104 953 2255 997 autem,

1245 1010 1316 1046 ut,
1347 998 1371 1041 fi
1396 998 1491 1039 alias
1515 996 1852 1041 Christifidelibus
1878 999 2022 1042 dinam
2040 1003 2256 1045 Ecclesiam

1245 1055 1496 1103 visitantibus
1513 1056 1687 1112 aliquam
1712 1056 1831 1100 aliam
1847 1057 2144 1115 Indulgentiam
2166 1076 2258 1117 pei·-

1245 1116 1370 1171 petuo
1384 1144 1399 1167 ,
1425 1115 1489 1157 vel
1505 1113 1556 1156 ad
1571 1125 1728 1172 tempus
1751 1116 1930 1159 nondum
1950 1116 2123 1172 elapsum
2138 1119 2257 1162 dura-

1245 1183 1374 1216 turam
1389 1171 1719 1222 concesserimus,
1734 1173 1941 1231 praesentes
1957 1175 2072 1219 nullae
2086 1177 2173 1219 fint-

1303 1234 1453 1275 Datum
1471 1233 1611 1274 Romae
1624 1233 1726 1287 apud
1744 1236 1787 1276 S.
1801 1237 1980 1276 Marcum
2006 1233 2074 1276 sub
2088 1236 2256 1278 Annulo

1245 1289 1460 1333 Piscatoris
1473 1304 1566 1333 xix.
1585 1292 1827 1334 Novembris
1838 1307 1970 1349 Mncx.
1991 1292 2256 1339 Pontificatfis

1247 1348 1365 1405 nostri
1392 1353 1512 1396 Anno
1535 1349 1660 1393 sexto.
1820 1348 1824 1351 ’

1705 1466 1841 1520 Scipio
1870 1467 2144 1510 Cobellutius.

1304 1584 1427 1622 Breve
1435 1577 1662 1636 formatum
1682 1581 1725 1621 in
1739 1580 1909 1624 Archivo
1939 1581 2175 1636 Provincia,
2205 1584 2254 1626 ab

1363 1638 1429 1680 boc
1442 1637 1775 1694 temporefi’mper
1788 1649 2028 1683 renovatum.

1245 1874 1433 1927 Senatui
1458 1871 1670 1940 Friburgi
1686 1874 1978 1925 Nuithonum
1995 1876 2013 1934 ’,
2028 1876 2199 1926 litteras
2230 1878 2258 1925 ὲ

1314 1949 1391 1995 Fr.
1405 1945 1547 1994 Paulo
1579 1947 1605 1991 ὲ
1630 1942 1801 1994 Cesena
1830 1945 2150 1996 Commiffario
2177 1945 2258 1996 fibi

1318 2013 1518 2064 redditas
1534 2049 1549 2072 ,
1583 2012 1869 2081 exhibitaque
1887 2017 1989 2066 huic
2008 2018 2259 2067 humanita-

1318 2086 1375 2134 tis
1402 2083 1554 2133 officia
1578 2082 1657 2132 fibi
1680 2086 1817 2133 relata
1842 2084 1925 2134 effe
1951 2086 2181 2146 rescribit,
2206 2106 2258 2136 ac

1262 2186 1265 2191 ι
1318 2156 1468 2205 zelum
1482 2151 1939 2214 Senatfisfflontificii
1965 2159 2134 2208 amoris
2168 2155 2257 2206 fide

1318 2225 1632 2275 commendat.

1242 2364 1434 2419 Atergo:
1464 2363 1625 2405 Dileelis
1653 2365 1769 2406 Fx'liis
1795 2364 1950 2416 Considi
1975 2392 1989 2414 ‚
2021 2364 2069 2412 ω’
2093 2364 2252 2415 Senatui

1356 2420 1633 2480 friburgensi,
1651 2422 1912 2479 ecclesiasticae
1930 2421 2139 2466 Libertatis

1599 2479 1901 2539 Dcfl‘tgforibus.

1318 2606 1752 2664 PAULUS
1840 2611 2051 2660 PAPA
2125 2614 2182 2660 V.

1332 2745 1483 2790 Dilein
1505 2746 1603 2790 Filii
1617 2749 1818 2803 salutem,
1851 2749 1899 2795 δ’
1914 2747 2168 2803 Apsssolt‘cam

1585 2806 1887 2848 Benedifflonem
1901 2832 1914 2843 .

1368 2921 1455 2961 ΟΜ
1478 2918 1729 2972 jucunditate
1753 2917 1924 2971 legimus
1947 2917 2132 2970 litteras,
2155 2934 2251 2976 quas

1379 2975 1427 3015 ad
1443 2977 1526 3015 Nos
1556 2973 1714 3016 dedistis
1729 2975 1887 3017 Dileero
1911 2977 2016 3019 Filio
2046 2978 2252 3033 Religioso

1248 3034 1352 3073 Viro
1368 3029 1491 3072 Paulo
1513 3029 1564 3072 de
1578 3031 1734 3075 Caesena
1750 3061 1763 3083 ‚
1775 3035 1936 3078 Ordinis
1952 3037 2252 3090 Capucinorum

1247 3085 1522 3131 Commissario
1538 3115 1551 3138 ,
1564 3091 1630 3144 qui
1645 3090 1697 3133 de
1714 3090 1895 3147 singulari
1908 3094 2034 3135 vestra
2048 3107 2139 3149 erga
2154 3099 2253 3138 San-

1248 3148 1349 3188 ‹stam
1367 3147 1468 3187 hanc
1482 3147 1755 3200 Apostolicam
1771 3150 1915 3193 sedem
1931 3152 2106 3204 pietate,
2126 3154 2163 3194 &
2179 3154 2252 3195 de-

1247 3205 1414 3247 votione
1428 3231 1443 3254 ,
1471 3205 1602 3260 deque
1617 3207 1875 3251 humanitatis
1887 3235 1900 3257 a
1913 3211 1951 3249 δι
1964 3210 2171 3252 charitatis
2186 3211 2251 3253 of-

1247 3261 1343 3305 ficiis
1360 3291 1372 3313 ,
1400 3262 1540 3317 quibus
1567 3264 1678 3306 illum
1704 3268 1906 3322 excepistis
1919 3296 1934 3316 ,
1963 3267 2087 3310 multa
2120 3270 2250 3311 Nobis

1255 3318 1488 3376 fignificavit
1503 3349 1514 3361 .
1530 3325 1615 3364 Nos
1632 3324 1795 3377 quidem
1813 3327 1893 3366 Vos
1917 3324 2033 3367 valde
2045 3326 2247 3383 diligimus

1253 3379 1292 3421 in
1312 3378 1523 3421 visceribus
1539 3381 1689 3423 Christi
1700 3408 1714 3430 ,
1737 3384 1776 3423 &
1790 3397 1971 3438 magnum
1986 3379 2166 3428 solatium
2181 3400 2248 3427 ca—

1253 3437 1381 3491 pimus
1395 3435 1602 3480 audientes
1620 3440 1793 3483 vestrum
1808 3442 1939 3482 zelum
1954 3468 1968 3491 ,
1982 3457 2101 3498 quem
2117 3453 2162 3486 ut
2177 3456 2249 3484 au·-

1252 3506 1340 3549 geat
1359 3497 1467 3537 Deus
1488 3495 1537 3538 ad
1566 3497 1789 3552 Religionis
1813 3500 2034 3542 Catholicae
2058 3515 2250 3556 propaga-

1248 3555 1400 3596 tionem
1425 3581 1438 3604 ,
1471 3554 1722 3611 vestramque
1753 3556 1919 3599 salutem
1935 3585 1948 3607 ,
1992 3560 2248 3602 vehementer

1245 3622 1431 3666 optamus
1448 3637 1461 3658 a
1488 3614 1526 3653 δι
1544 3614 1869 3656 Βεηεάἰᾶἱοηεῐη
1890 3615 2067 3659 nostram
2078 3617 2249 3673 Aposto-

1248 3671 1364 3712 licam
1377 3669 1502 3711 Vobis
1533 3682 1791 3724 peramanter
1810 3675 2055 3727 impartimur
2068 3705 2080 3717 .

1304 3731 1452 3770 Datum
1478 3730 1620 3828 Rgmae
1647 3730 1756 3786 apud
1783 3734 1964 3777 Sanctum
1995 3736 2159 3779 Petrum
2183 3729 2252 3773 sub

2119 3795 2201 3834 An·
