2658 4256
483 248 601 357 96

576 380 1211 426 DECRETO

532 510 577 560 S.
605 509 983 617 C0ng78÷flffpisffl
1015 520 1069 563 ἅθ’
1098 512 1253 580 Regul.

398 641 545 694 Petita
579 630 932 702 Provinciarum
959 644 1007 692 in
1043 643 1204 711 Belgio
1232 641 1292 691 ob
1322 639 1402 690 do-

459 712 710 761 miniorum
741 712 1051 763 diversitatem
1070 713 1262 761 variatio
1282 715 1400 762 Emi·

406 788 409 795 ’
458 776 641 830 nentiss.
672 785 734 830 D.
769 783 1003 834 Cardinali
1034 782 1287 833 Protestori
1327 800 1398 832 re-

457 852 665 901 mittitur
681 886 698 910 ,
711 852 972 903 conditione
987 853 1162 918 adjestii
1178 888 1193 911 ,
1222 868 1273 903 ut
1291 871 1400 902 non·

461 920 542 971 nifi
570 920 671 971 duae
715 923 760 972 in
790 926 954 994 Belgio
978 923 1228 976 Provinciae
1265 922 1399 991 perfi-

459 991 601 1042 stant.

468 1136 572 1181 Aera
604 1140 885 1195 congregatio
911 1139 1167 1184 Eminentiss.
1194 1155 1238 1181 ac
1268 1143 1399 1184 Reve-

498 1197 662 1240 rendiss.
689 1200 728 1238 S.
747 1201 796 1240 R.
814 1202 861 1240 E.
882 1200 1167 1242 Cardinalium
1197 1211 1336 1255 negot.
1363 1202 1401 1243 &

395 1255 612 1299 consultat.
643 1257 877 1312 Episcopor·
903 1259 941 1299 &
967 1258 1114 1314 Regul.
1131 1259 1369 1314 praepofita...
1386 1288 1401 1312 ,

394 1314 521 1357 stante
546 1315 772 1358 remiffione
804 1317 952 1359 Libelli
979 1331 1051 1372 per
1075 1317 1398 1360 Sanstiflimunu

394 1374 614 1415 Dominum
638 1376 816 1417 nostrum
833 1374 934 1418 faeti
950 1404 963 1427 2
993 1377 1034 1418 δι
1048 1377 1212 1419 attentis
1230 1377 1399 1419 relatio·

392 1433 508 1475 nibus
538 1433 670 1473 Emin.
701 1435 968 1477 Dominorum
1002 1435 1284 1478 Cardinahum
1315 1439 1394 1478 Ac-

393 1489 530 1548 ciajoii
543 1516 558 1540 a
572 1490 667 1532 dieti
681 1491 844 1534 Ordinis
858 1493 1158 1550 Capucinorum
1181 1497 1392 1537 Protesto-

1196 1623 1399 1685 ΝΟ

1185 244 1755 357 Provincia

1467 379 1520 420 ris
1536 406 1549 428 ,
1579 379 1618 419 &
1643 377 1787 420 Felicis
1814 376 2274 439 Rospigliosi·‚ejusdem
2300 382 2463 428 Ordinis

1465 434 1570 492 apud
1596 441 1638 480 S.
1655 437 1802 479 sedem
1820 440 2182 493 ComproteEioris2,
2197 442 2348 484 censuit
2375 443 2466 499 sup-

1462 496 1612 551 plicem
1629 495 1832 538 Libellum
1858 494 1962 551 posse
1990 497 2142 540 remitti
2176 500 2305 543 eidem
2331 502 2465 544 Emin.

1461 555 1786 609 ComproteROri
1804 581 1818 603 ,
1849 565 1892 597 ut
1921 556 2024 596 veris
2052 557 2318 600 existentibus
2331 573 2463 611 narra.

1460 615 1541 663 tis,
1571 614 1741 668 petitam
1769 613 2042 667 praedictarum
2059 616 2370 659 Provinciarum
2394 632 2466 661 va-

1460 671 1670 714 riationem
1700 669 1809 724 juxta
1826 671 2082 727 praefatorum
2104 674 2389 717 Dominiorum
2404 677 2467 719 di-

1461 730 1721 781 verfitatem‚
1751 743 1825 783 pro
1848 729 1918 774 suo
1943 732 2115 774 arbitrio
2145 732 2185 772 &
2216 731 2465 787 prudentia...

1458 789 1627 831 Oratori
1653 789 1935 842 impertiatur,
1966 790 2023 832 ita
2051 801 2186 832 tamen
2217 817 2229 840 ,
2263 799 2306 830 ut
2333 805 2467 834 nume.

1460 861 1525 888 rus
1541 846 1711 902 ipsarum
1729 846 2033 890 Provinciarum
2050 846 2212 890 minime
2243 859 2467 903 augeatur,

1459 904 1525 947 sed
1555 905 1643 948 duae
1669 905 1849 960 semper,
1882 908 1921 947 δι
1944 920 2022 948 non
2039 908 2144 949 ultra
2160 909 2360 963 perpetuo
2372 920 2465 963 per-

1460 978 1625 1007 manete
1640 964 1818 1006 debeant
1835 993 1846 1005 .
1881 967 2020 1007 Romae
2034 969 2100 1007 28.
2117 964 2213 1008 Maii
2229 965 2351 1019 1683.

1516 1026 1570 1065 Et
1592 1023 1652 1065 die
1678 1021 1848 1077 4.‘]um'i
1871 1023 2036 1081 ejusdem
2051 1025 2145 1066 anni
2158 1021 2297 1081 ,fabia
2316 1023 2470 1079 deprae·

1457 1079 1567 1138 mtffls
1605 1083 1798 1124 relatione
1830 1081 2066 1138 Saniiifflmo
2098 1084 2263 1127 Domino
2299 1083 2426 1138 nostro
2452 1111 2467 1134 ,

1455 1138 1643 1239 praefalt'ae
1661 1142 1701 1181 S·
1718 1140 2286 1199 Congregationisfintcntiam
2307 1138 2469 1198 benign?

1460 1207 1583 1255 appro
1611 1202 1719 1241 avit.

1842 1305 1892 1354 C.
1927 1305 2055 1356 Card.
2073 1305 2298 1373 Carpineus
2316 1343 2328 1356 .

1513 1435 1760 1490 Autograph.
1787 1437 1829 1475 in
1846 1436 1990 1477 secret.
2012 1438 2052 1476 s.
2075 1437 2261 1489 congreg.
2280 1434 2398 1493 mens-⁷
2416 1434 2465 1483 ὼ·

1570 1498 1666 1535 anni
1685 1489 1870 1549 praedtt‘t‘.

1467 1625 1672 1688 TA.

391 1766 599 1854 SUbaffls
610 1768 700 1805 cirea
712 1779 839 1804 annum
856 1767 1066 1806 millelimum
1083 1769 1357 1810 sexcentelimum
1371 1770 1606 1815 sexagessmum
1621 1771 1785 1807 octavum
1795 1771 1938 1807 Gallico
1953 1772 2024 1818 juri
2038 1772 2214 1808 nonnullis
2233 1774 2293 1809 Bel
2300 1772 2347 1817 gii
2361 1771 2464 1808 Civi-

473 1817 600 1854 tatibus
614 1819 647 1853 &
664 1817 747 1853 locis
761 1840 773 1859 ,
795 1818 830 1851 in
853 1817 977 1864 quibus
1004 1815 1292 1863 flando-Belgica
1319 1819 1502 1855 Provincia
1518 1821 1688 1864 regulares
1702 1820 1823 1854 habuit
1847 1821 2066 1862 Conventus,
2080 1822 2158 1856 Rex
2168 1819 2464 1858 Christianiffimus

390 1865 455 1902 hos
468 1866 509 1901 ab
527 1868 601 1901 aliis
615 1890 627 1910 ,
650 1865 710 1900 sub
724 1865 852 1901 ditione
867 1866 974 1910 Regis
989 1866 1225 1913 Hispaniarum
1240 1866 1309 1906 litis
1327 1867 1469 1913 separari
1486 1868 1602 1903 voluit
1617 1892 1627 1904 .
1656 1869 1689 1903 H
1696 1879 1760 1903 unc
1778 1870 1810 1903 in
1830 1867 1928 1903 finem
1949 1868 2033 1903 varii
2046 1865 2184 1914 quidem
2197 1869 2346 1913 ablegati
2371 1868 2464 1904 fuere

394 1913 622 1958 Commiffarii
640 1939 651 1957 ‚

675 1913 732 1959 qui
760 1923 874 1953 tamen
898 1915 1045 1957 auditis,
1070 1927 1145 1961 quse
1166 1915 1279 1950 Patres
1308 1916 1495 1952 Provinciae
1536 1914 1846 1960 flandra-Belgica
1880 1916 2112 1961 producebant
2135 1916 2335 1961 praegnantia
2351 1938 2365 1959 ‚
2388 1927 2464 1951 mo·

392 1962 499 1998 tivis.
527 1963 603 1998 inde
633 1975 668 1997 re
685 1959 811 1996 infecta
833 1960 1049 1998 discesserunt
1066 1986 1077 1998 .
1106 1962 1250 1999 Revixit
1265 1962 1376 2007 Regia
1399 1963 1524 2009 petitio
1553 1966 1596 2002 ad
1613 1976 1737 2000 annum
1752 1964 1960 2000 minefimum
1974 1964 2249 1999 lexceutelimum
2276 1963 2462 2008 oftuagefi·

391 2021 486 2045 mum
501 2011 639 2046 tertium
655 2035 666 2053 ‚
689 2010 722 2045 &
736 2010 838 2046 cause
853 2020 911 2054 per
928 2010 1139 2057 praepolitum
1161 2012 1350 2046 Decretum
1370 2011 1633 2048 Eminentiffimo
1647 2013 1822 2049 Cardinali
1835 2012 2119 2058 comproteetori
2134 2011 2267 2048 remissa
2280 2037 2293 2055 ,
2319 2014 2353 2049 8<
2366 2013 2458 2048 hunc

389 2057 546 2094 inter-et
565 2060 635 2095 PP.
650 2060 914 2095 Procuratorem
935 2061 970 2096 &
985 2059 1195 2099 Definitores
1211 2060 1404 2095 Generales
1414 2083 1426 2102 ‚
1455 2061 1575 2097 Romae
1589 2073 1667 2098 runc
1679 2061 1858 2098 relidentes
1871 2084 1884 2103 ‚
1910 2061 2076 2096 maturius
2093 2060 2232 2096 discussa
2244 2084 2255 2103 ,
2283 2061 2348 2096 fuit
2363 2060 2460 2106 sepa-

389 2105 535 2142 rationis
555 2107 719 2143 executio
731 2131 744 2150 ,
759 2105 860 2153 juxta
871 2108 1066 2145 facultatem
1083 2107 1295 2144 Definitorio
1314 2108 1487 2147 Generali
1509 2109 1551 2145 ab
1575 2109 1842 2147 Eminentiffimo
1865 2109 2154 2155 Comproreetore
2175 2109 2287 2145 datam
2302 2133 2315 2153 ‚
2337 2119 2432 2145 novo
2447 2129 2460 2151 ,

394 2154 432 2192 Gt
450 2154 604 2202 sequenti
615 2156 766 2193 Decreta
775 2151 946 2196 Gener-ali
959 2155 1153 2194 confirmata
1171 2182 1180 2194 .

1177 2266 1230 2317 In
1261 2266 1444 2317 Nomine
1474 2267 1649 2317 Domini
1669 2305 1682 2317 .

489 2381 669 2432 Quium
687 2381 755 2432 post
774 2383 1001 2422 dominiorum
1019 2385 1253 2435 temporalium
1266 2386 1497 2424 variationem
1512 2387 1550 2421 in
1572 2384 1738 2423 Flandria
1751 2386 1793 2428 &¹
1807 2384 1980 2421 Wallonia
1995 2409 2007 2428 ‚
2033 2381 2153 2435 nec-effi
2170 2382 2280 2431 visum
2297 2382 2447 2431 fuitne-

386 2427 476 2479 [ἶνας
491 2429 668 2478 regulares·
680 2431 884 2469 Provincias
903 2435 1045 2471 variare
1058 2458 1071 2478 ,
1090 2434 1235 2485 obstante
1248 2445 1360 2472 tamen
1373 2433 1485 2471 ‘Baua
1498 2435 1537 2470 S.
1551 2435 1607 2471 M.
1620 2435 1756 2471 vrbani
1772 2433 1870 2472 VIII.
1894 2434 1990 2471 edita
2003 2444 2073 2470 xvr
2087 2446 2138 2469 11.
2158 2430 2270 2481 ‘junii
2283 2443 2375 2466 mncx
2382 2440 2458 2465 rm.

390 2482 465 2525 quae
487 2479 561 2513 inci
584 2479 613 2514 it
631 2502 645 2521 ,
670 2481 860 2517 Salvatoris
885 2482 920 2517 &
950 2483 1091 2519 Domini
1113 2483 1215 2520 nostri
1237 2484 1309 2525 &a
1334 2484 1383 2519 A.
1408 2481 1454 2519 R.
1484 2482 1538 2518 (ΞΡ.
1562 2482 1723 2531 Minister
1741 2482 1923 2522 Generalis
1946 2481 2095 2518 Ordinis
2124 2480 2226 2529 nostri
2250 2477 2453 2527 Sanfiiffimo

393 2524 454 2561 ‘D-
473 2523 532 2564 N.
551 2487 749 2563 {innocentio
764 2528 864 2611 Papae
878 2528 943 2564 XI.
967 2529 1148 2568 humiliter
1171 2540 1232 2580 pro
1244 2531 1385 2567 licentia
1398 2530 1468 2578 jam
1489 2530 1616 2568 dudum
1632 2531 1848 2580 supplicavit
1863 2555 1874 2573 ‚
1901 2528 2082 2580 &remiffo
2103 2528 2123 2565 ἃ
2145 2529 2339 2566 Sanfiitate
2359 2527 2460 2577 fua-³

389 2573 463 2610 e'us
482 2572 596 2610 libello
613 2573 764 2622 supplici
782 2588 802 2611 a

849 2577 887 2612 S.
913 2577 1215 2626 congregationem
1239 2589 1349 2627 negot.
1362 2579 1405 2620 ὠ·
1426 2578 1566 2627 consult.
1583 2579 1814 2629 Episcoporum
1827 2580 1868 2622 ὠ·
1882 2578 2107 2627 Regularium
2134 2577 2342 2626 praepofitam
2359 2600 2370 2618 ‚
2386 2573 2460 2632 ipsa

417 2633 460 2658 αι·
487 2623 525 2659 S.
545 2623 772 2670 Congregatio
788 2626 934 2672 acceptis
948 2627 1038 2663 votis
1053 2627 1267 2677 Eminentiss.
1297 2627 1340 2669 ἐν
1355 2626 1592 2675 Reverendiss.
1618 2630 1677 2666 Ἦ.
1693 2629 1728 2666 D
1758 2627 2000 2667 Cardinalium
2016 2625 2204 2675 ‹Acciajoli
2226 2622 2429 2663 Protectom
2445 2643 2459 2665 ,

388 2670 432 2711 ὦ·
452 2667 572 2706 Felicis
586 2669 782 2721 Rospigliofi
800 2673 1074 2721 Comproteffioris
1100 2674 1249 2712 Ordinis·
1279 2674 1403 2725 nostri,
1430 2675 1586 2724 censuit,

1677 2679 1818 2715 robante
1831 2678 1935 2713 etiam
1953 2676 2064 2712 eodem
2074 2674 2275 2723 Sant‘iiffimo
2291 2698 2303 2716 ,
2327 2670 2452 2709 diflum

1612 2689 1632 2712 a

390 2717 545 2756 libellum
560 2719 746 2767 supplicem
763 2718 849 2771 poste
871 2723 1004 2760 remitti
1026 2724 1131 2762 eidem
1157 2725 1414 2781 Eminentiffimo
1429 2686 1687 2772 Comprotefffli
1699 2751 1712 2770 ,
1736 2735 1776 2763 ut
1801 2726 1894 2765 veris
1917 2724 2133 2774 existentibus
2153 2724 2310 2758 narratis
2324 2744 2336 2764 ν
2362 2719 2453 2767 peti-

389 2775 459 2804 tam
487 2767 724 2813 praedifiiarum
748 2769 1015 2807 Provinciarum
1036 2775 1265 2809 variationem
1289 2798 1301 2816 ,
1323 2782 1427 2822 Juxta
1443 2773 1665 2821 praefatorum
1687 2775 1913 2811 dominiorum
1938 2773 2164 2821 diversteatem
2190 2795 2204 2814 ³
2227 2779 2288 2818 ΡΠ)
2307 2769 2370 2815 su⁰
2395 2777 2457 2802 αν·

394 2815 502 2868 bitrio
515 2837 528 2858 ²
554 2815 596 2856 (θ’
608 2815 801 2862 prudentia
825 2815 972 2855 Oratori
985 2821 1222 2869 impertiretur
1234 2846 1247 2865 ,
1267 2823 1317 2858 ita
1329 2832 1444 2860 tamen
1457 2846 1470 2865 ‚
1495 2831 1536 2858 ut
1548 2835 1708 2860 numerus
1720 2821 1870 2874 ipsarum
1885 2822 2153 2859 Provinciarum
2177 2817 2316 2854 minime
2333 2825 2457 2862 augea-

395 2871 456 2901 tur
471 2889 480 2905 ⁸
498 2862 560 2912 sed
583 2862 796 2912 duaesemper
811 2888 823 2906 2
850 2865 894 2906 ὠ·
917 2878 983 2902 non
1006 2868 1101 2905 ultra
1119 2869 1279 2919 perpetuo
1299 2878 1500 2919 permanere
1520 2870 1665 2908 debeant
1679 2896 1690 2912 ‚
1708 2871 1775 2919 sua
1799 2869 1880 2906 vero
1897 2869 2093 2904 Eminentia
2113 2866 2320 2914 facultatem
2331 2861 2458 2913 praefa-

391 2922 478 2949 tam.
504 2912 605 2960 juxta
622 2912 768 2959 formam
792 2913 836 2953 (θ’
859 2921 1008 2951 tenorem
1031 2917 1113 2952 difli
1127 2918 1281 2955 ‘Decreti
1295 2942 1306 2960 ,
1332 2921 1380 2956 A.
1411 2916 1458 2953 R.
1489 2918 1529 2956 Ρ.
1544 2919 1719 2967 'Ministro
1743 2916 1907 2954 Generali
1932 2916 2104 2965 com-effic,
2122 2914 2210 2962 sed,
2237 2916 2320 2962 quia
2347 2911 2457 2948 ditius

391 2962 445 2998 A.
462 2958 508 2995 R.
525 2960 630 2997 Pater
645 2961 683 2994 in
697 2961 887 3010 visitatione
903 2962 1171 3002 Provinciarum
1185 2965 1301 3014 Regni
1314 2964 1547 3014 Neapolitani
1558 2966 1602 3015 est
1627 2974 1810 3015 occupatus
1822 2989 1835 3009 ,
1858 2965 2175 3002 determinationem
2205 2963 2307 3011 hujus
2319 2959 2452 3009 negotii

393 3007 511 3048 Nobis
534 3009 687 3057 commisit
699 3034 708 3044 .

491 3056 563 3093 Ideo
589 3055 667 3095 Nos
691 3053 907 3107 infrascripti
932 3059 1179 3107 Procurator,
1203 3063 1246 3105 ὠ·
1268 3057 1521 3111 Commiffarius
1539 3062 1721 3100 Generalis
1737 3087 1746 3102 ,
1772 3075 1811 3099 ac
1840 3061 2053 3111 Deffi'nitores
2081 3057 2268 3096 Generales
2285 3084 2294 3096 ‚
2320 3052 2455 3113 mature!

391 3106 602 3156 consideratis
623 3107 783 3143 omnibus
802 3107 1047 3156 considerandis
1060 3136 1074 3155 ,
1101 3112 1304 3149 inhaerentes
1327 3112 1480 3160 praefatis
1501 3112 1660 3148 Decretis
1673 3110 1990 3159 &remiffionibun
2011 3108 2198 3155 censuimus
2224 3108 2267 3149 ὼ·
2294 3106 2459 3143 decrem-

395 3167 492 3197 mus‚
519 3166 557 3190 ae
577 3163 694 3190 tenore
708 3155 882 3203 praesentis
895 3157 1034 3194 Decreta·
1046 3159 1212 3207 censemus
1227 3183 1240 3204 ,
1264 3160 1307 3202 ὼ·
1323 3159 1535 3202 decernimur
1545 3183 1558 3204 ,
1584 3171 1693 3196 omnes
1714 3171 1753 3195 ae
1767 3157 1913 3207 singulos
1932 3158 2129 3195 Conventus
2158 3155 2346 3206 nostrarum
2362 3154 2448 3191 Pro-

396 3203 592 3240 vinciarum
614 3200 784 3240 Flandriae
811 3204 854 3245 ὼ·
871 3203 1048 3242 Walloniae
1069 3202 1243 3258 eo'ciflentes
1263 3210 1302 3244 in
1314 3207 1527 3255 Regionibus
1541 3232 1554 3251 ,
1579 3220 1652 3256 quae
1676 3218 1717 3244 ex
1739 3206 2022 3243 conventionibus
2044 3205 2138 3251 pacis
2160 3203 2382 3252 Aquisgrani
2411 3202 2454 3244 ὼ·

394 3251 566 3298 Neomagt‘
582 3250 684 3299 faffiss
699 3279 708 3294 ,
724 3251 878 3301 speffffwt
903 3253 947 3289 ad
959 3254 1157 3297 Dominium
1180 3256 1288 3304 Regis
1303 3255 1572 3305 Christianiffimi
1582 3283 1592 3298 ,
1615 3267 1690 3294 cum
1708 3253 1854 3304 Ecclesiis
1871 3280 1882 3297 ,
1909 3253 2080 3302 Hospitiis
2091 3278 2103 3298 ,
2129 3252 2427 3310 quaesluationibus
2443 3275 2454 3292 .

393 3300 591 3348 &juribus
615 3300 685 3383 ιῇΙῐς
708 3302 969 3349 competentibus
992 3301 1050 3353 effe
1073 3304 1274 3346 dividendos
1296 3304 1571 3352 &segregandos
1600 3306 1640 3340 in
1657 3312 1856 3352 perpetuum
1875 3303 1896 3338 a
1917 3301 2086 3350 praedifiis
2109 3301 2319 3338 ‘Provinciis
2348 3298 2453 3335 Flan-

648 3359 665 3383 0

392 3344 477 3385 ilriae
501 3348 543 3389 (θ’
558 3348 620 3383 Wa

667 3350 731 3385 niae
753 3348 930 3398 respefiive
946 3373 959 3393 ‚
982 3351 1098 3400 eosque
1112 3377 1125 3397 ,
1140 3355 1230 3404 sicut
1252 3353 1295 3396 ό·
1318 3353 1403 3389 alios
1418 3352 1581 3402 Custodia.
1603 3351 1796 3436 Insuletyis,
1821 3353 1860 3388 in
1873 3363 1976 3387 unam
2000 3350 2222 3388 Provinciam
2251 3348 2420 3385 uniendos
2435 3371 2449 3391 ,

383 3398 496 3448 sieque
510 3397 674 3444 censemus
693 3421 706 3441 ,
729 3398 941 3435 decernimus
952 3423 963 3442 ,
988 3399 1132 3438 dicImus
1148 3403 1190 3445 &⁶
1202 3401 1412 3439 declaramus
1425 3400 1489 3438 hac
1511 3402 1554 3443 (θ’
1568 3403 1657 3437 omni
1670 3413 1719 3438 me

1735 3403 1805 3437 iore
1825 3400 1934 3446 forma
1950 3400 1992 3440 ὼ·
2014 3399 2105 3434 modo
2121 3400 2191 3440 &a
2217 3409 2283 3433 non
2301 3396 2449 3446 obstante

388 3445 548 3495 praedifia
570 3444 681 3482 ‘Bulla
700 3447 890 3484 Salvatoris
909 3447 944 3483 8<
961 3449 1100 3485 Domini
1112 3451 1184 3492 (tre.
1205 3449 1400 3498 caeterisque
1413 3451 1668 3498 quibuscunque
1685 3474 1699 3493 ‚
1727 3461 1800 3499 quae
1815 3444 1903 3485 idem
1923 3446 2147 3495 Sanfiiffimus
2166 3446 2332 3483 Dominus
2347 3445 2452 3495 noster

396 3494 509 3531 voluit
523 3503 590 3529 non
613 3493 738 3543 obstare
750 3520 760 3531 .
786 3495 827 3532 ln
835 3494 940 3543 fidem
958 3495 1030 3537 &a
1045 3496 1157 3535 Romae
1172 3511 1208 3537 x.
1223 3498 1361 3537 Ofiobr.
1383 3497 1711 3538 MDCLXXXIII.

513 3606 575 3644 Ita
591 3601 642 3657 est
655 3631 670 3653 ,
686 3603 754 3645 Fr.
773 3605 943 3656 ‘joanna
959 3605 1136 3659 Baptista
1160 3607 1189 3646 ἄ
1207 3606 1364 3655 ὃαόὂὶο,
1389 3609 1587 3649 Procurat.
1604 3635 1618 3658 ,
1631 3607 1679 3653 ὅ
1692 3603 1978 3663 Commfflrius
1989 3605 2186 3646 Generalis
2210 3606 2397 3659 Capucin.

688 3664 761 3705 Fr.
789 3667 1067 3704 Bonaventura
1087 3665 1116 3704 ἄ
1128 3667 1306 3706 Recineto
1323 3695 1335 3716 ,
1362 3665 1568 3720 Dffinitar
1585 3665 1786 3706 Generalis
1803 3692 1813 3704 .

687 3723 757 3763 Fr.
787 3724 946 3764 Carolus
969 3725 1106 3764 Maria
1123 3723 1411 3782 Maceratenfis,
1431 3722 1634 3779 Diffinitor
1650 3720 1877 3765 Generalis.

493 3823 684 3873 Exemplar.
703 3827 859 3865 authent.
874 3828 913 3863 in
928 3826 1101 3866 ‹Archivo
1115 3828 1280 3868 Generali
1297 3829 1388 3867 Ord.
1402 3828 1584 3868 ‘Amano
1602 3828 1784 3868 Provincia
1799 3829 1946 3866 flandra
1957 3851 1965 3855 -
1981 3827 2121 3874 Belgica
2136 3852 2147 3863 .

2324 3876 2409 3912 Cla·
