2658 4256
940 217 1553 305 Hel-vetica
2126 255 2239 332 49

233 349 334 406 pstea
353 345 433 383 vere)
455 345 501 381 ad
517 347 694 383 eorundem
711 350 911 396 petitionem
932 348 972 383 in
992 348 1134 401 conseffu
1163 350 1211 385 A.
1240 347 1285 384 R.
1319 346 1533 397 ‘Dffinitorii
1553 341 1733 382 Generalis
1748 342 1815 390 sub
1845 344 1901 382 die
1929 354 1986 391 25.
2008 342 2118 394 ‘junii
2137 359 2237 395 1725.
2255 357 2296 390 ab

235 410 252 435 e
265 408 303 433 us
330 394 495 441 regimine
519 396 686 443 exempti,
710 397 752 438 &³
771 399 810 432 in
830 396 1021 444 Custodiam
1044 399 1139 434 nobis
1160 395 1354 434 immediate
1369 394 1554 445 subjefiatn
1570 392 1726 443 separati
1747 393 1938 429 extiterant
1952 420 1962 434 ‚
1987 392 2165 431 hodiedum
2187 399 2225 431 in
2246 400 2300 434 di.

229 409 379 496 fiinfiiam
393 442 614 480 Provinciam
632 443 765 481 elevare
787 444 981 482 decreverit
994 453 1133 526 ,Rprout
1148 447 1186 480 in
1207 445 1324 481 ‘Brevi
1342 445 1438 493 ipfius
1461 440 1567 480 SStil't'
1592 439 1744 477 ‘Domini
1772 440 1822 474 ¹6-
1849 441 2056 479 Decembris
2078 444 2163 478 anni
2185 448 2300 490 proxi·

234 489 283 528 m?
305 489 403 539 elapfi
421 490 500 526 dato
525 492 542 536 (
555 491 650 539 cujus
675 491 860 541 Originale
877 490 977 540 penes
1037 502 1047 527 ⁴.
1072 493 1124 528 P.
1143 492 1303 540 «Alsatiae
1331 492 1503 542 Custodem
1523 490 1666 534 manet)
1693 486 1854 533 nobisque
1879 489 2080 529 authentica
2103 491 2298 539 transmissa

232 539 325 586 copia
352 540 492 575 uberius
509 543 728 577 continetur:
752 549 792 577 ac
815 541 894 576 dein
910 548 975 589 pro
1000 539 1086 575 dieto
1110 541 1296 590 Divisionis
1322 541 1455 587 negotio
1480 534 1717 585 pertractando
1746 531 2011 584 Commiffarium
2033 538 2300 583 denominandi,

191 632 196 634 .
229 587 291 635 qui
313 587 475 635 Capitnlo
495 587 562 638 post
577 586 700 635 Pascha
724 590 764 622 in
779 588 918 636 Alsatia
940 587 1138 624 celebrando
1161 600 1237 624 cum
1260 595 1449 636 opportuna
1466 586 1638 634 facultate
1662 582 1820 639 interfit.
1846 584 2078 638 aufloritatem
2099 587 2195 629 nobis
2215 599 2300 623 com-

229 635 366 671 mittere
382 636 429 684 fit
452 637 636 683 dignatus.
664 636 720 672 uti
735 645 833 682 patet
853 648 894 672 ex
908 637 1037 672 Literis
1053 635 1308 684 Eminentiffi'mi
1332 635 1391 670 D.
1408 634 1610 672 Cardinalis
1634 631 1776 669 Lercart
1788 652 1803 674 ‚
1828 642 1925 678 cujus
1946 634 2194 683 transumptum
2218 636 2299 673 Aa.

228 682 419 720 theuticurn
446 697 549 721 mann
571 683 616 720 R.
635 683 675 720 P.
697 684 889 719 Secretarii
911 684 1015 733 nostri
1029 683 1260 732 subfiriptum
1274 707 1286 726 ‚
1311 681 1517 724 &Ordinis
1532 679 1641 732 figillo
1663 679 1833 715 munitum
1850 678 2084 727 adjungimus.

327 730 407 770 Nos
428 734 557 769 idcirco
570 756 581 776 ,
611 732 672 778 qui
690 728 898 779 ‹Apostolicae
921 732 1022 767 Sedis
1045 731 1217 768 mandatis
1233 739 1386 779 prompto
1408 730 1518 765 animo
1545 731 1798 776 obtemperare,
1820 725 1864 767 &⁵
1883 729 2074 774 praedmum
2098 731 2299 781 ‘Divisionis

228 782 401 828 negotium
423 781 468 816 ad
476 779 582 827 finem
600 777 796 815 ultimatum
818 778 984 814 deducere
996 788 1211 828 peroptamus
1235 803 1247 819 ‚
1273 778 1505 826 fiduciamque
1531 776 1739 825 peculiarem
1762 775 1804 811 de
1827 772 2037 813 Reverendae
2051 777 2298 816 ‘Paternitatis

230 826 266 866 V
265 829 352 877 eslrae
372 829 418 864 ad
441 829 479 863 id
504 839 624 864 munus
649 825 829 863 habilitate
843 850 854 867 ‚
881 827 1073 873 prudentia⁴
1092 851 1104 870 ‚
1129 828 1172 869 ὼ·
1193 825 1263 867 zelo
1288 826 1494 873 concipimus
1509 849 1524 868 ,
1552 825 1771 872 prasentium
1796 822 2022 869 Liternum,
2045 826 2088 869 ὼ·
2111 838 2299 865 memorum

228 875 416 923 Pontifi'ciae
435 875 622 923 facultatis
642 875 785 919 vigore,-
816 885 891 910 cum
902 873 1026 921 sank‘iae
1047 875 1246 912 obedientiae
1270 875 1390 910 merito
1416 873 1674 909 paternitatem
1700 869 1850 921 Vestram
1873 869 2114 909 Reverendam
2136 875 2175 909 in
2202 876 2300 914 Com-

226 923 414 975 miffarium
438 923 616 970 eligimus,
641 922 850 958 nominamus
866 945 878 965 ‚
901 933 940 958 ac
959 922 1158 971 deputamus
1182 934 1256 959 cum
1274 921 1433 971 plenaria
1467 919 1671 957 auEioritate
1696 919 1734 953 in
1761 917 1883 954 dmum
1908 919 2051 967 Alfiztiae
2076 921 2300 959 Provinciam

225 984 301 1009 cum
325 973 439 1009 Sociis
452 971 518 1019 sibi
537 972 619 1006 bene
639 969 714 1017 vifis
738 972 986 1016 quamprimum
1010 971 1029 1014 (
1046 971 1101 1007 his
1122 972 1295 1018 receptis)
1318 969 1359 1018 se
1380 969 1577 1016 conferendi
1595 996 1604 1010 ‚
1633 965 1834 1014 Capitulum
1855 967 2108 1014 congregandi,
2133 969 2301 1018 ejusque,

227 1020 355 1056 affibus
372 1017 632 1065 Capitularibus
644 1041 656 1060 ,
663 1017 928 1063 praecedentibus
939 1017 1032 1064 aque
1051 1030 1092 1054 ac
1106 1017 1390 1066 subsequentibus
1404 1039 1416 1058 ‚
1434 1016 1595 1065 usquead
1619 1015 1723 1052 totale
1754 1015 1989 1064 Comnnffionis
2011 1016 2163 1063 praefatae
2186 1018 2303 1065 imple·

222 1076 371 1105 mentum
389 1065 585 1114 praefidendi
602 1090 612 1107 ,
635 1064 748 1102 eleetos
767 1064 928 1101 canonice
949 1064 1034 1101 RR.
1052 1066 1132 1104 PP.
1151 1066 1418 1103 Provincialem
1431 1088 1444 1108 ,
1467 1065 1510 1106 (ῥ’
1527 1065 1746 1113 'Definitores
1771 1062 2020 1110 confirmandi,
2046 1063 2294 1107 G'uardianos,

223 1113 428 1162 Superiores
441 1139 455 1157 ,
472 1112 537 1161 seu
560 1112 728 1162 Officiales
753 1113 797 1149 ab
819 1114 891 1162 ipsis
911 1112 1082 1161 eligendos
1105 1115 1341 1162 approbandi,
1365 1124 1428 1151 aut
1451 1110 1651 1161 infirmandi
1674 1111 1833 1150 totaliter
1849 1138 1858 1152 ‚
1883 1112 1927 1154 ὠ·
1943 1124 1980 1150 eo
1995 1112 2109 1153 modo,
2138 1125 2177 1149 ac
2189 1113 2221 1161 fi
2239 1125 2299 1150 nos

226 1163 286 1211 ipfi
299 1162 477 1210 praesentes
490 1160 701 1210 existeremus
716 1187 727 1203 ‚
741 1162 917 1210 servando
931 1164 971 1198 in
986 1164 1139 1200 omnibus
1160 1162 1435 1213 constitutionum
1458 1161 1646 1213 nostrarum
1658 1186 1672 1207 ,
1698 1160 1955 1211 consuetamque
1973 1163 2013 1198 in
2037 1159 2144 1211 nostro
2161 1160 2298 1199 Ordine

216 1209 421 1259 procedendi
437 1210 584 1258 formam
609 1222 650 1246 ac
671 1220 843 1249 tenorem.

312 1257 487 1309 Qoniam
513 1257 595 1295 vere)
619 1260 659 1295 in
683 1259 880 1308 ejuscemodi
902 1260 1175 1299 provinciarum
1200 1260 1445 1310 ‘Divisionibus
1466 1261 1617 1308 quaedam
1640 1261 1734 1298 inter
1766 1269 1950 1308 utramque
1978 1269 2115 1309 partem
2156 1258 2306 1295 excitari

211 1306 327 1357 solent
351 1306 586 1358 difficultates,
611 1317 675 1345 aut
691 1308 799 1346 dubia
812 1334 824 1351 ,
858 1321 951 1358 quae,
966 1311 999 1359 fi
1010 1309 1225 1358 aprimordio
1247 1309 1402 1358 legitima
1422 1309 1647 1358 transae‘iione
1675 1320 1743 1344 non
1755 1309 1897 1355 fuerint
1917 1309 2027 1357 decisa
2048 1334 2061 1353 ‚
2092 1308 2301 1358 graviora-e

214 1355 416 1406 postmodum
427 1353 548 1403 fiunt,
573 1356 617 1398 &⁶
639 1357 875 1406 controversiis
888 1358 1079 1404 fomentum
1100 1360 1275 1406 praebent:
1302 1356 1379 1396 Nos
1401 1360 1493 1395 inter
1509 1357 1723 1407 dilefflffimos
1743 1358 1926 1405 utriusque
1945 1358 2150 1399 Provincia,-
2161 1356 2302 1398 Patres,

218 1405 263 1446 ὠ*
277 1403 418 1442 Fratres
442 1416 567 1441 omnem
594 1404 654 1441 vel
671 1405 823 1452 leviffimi
845 1405 1007 1456 diffensus
1029 1409 1208 1444 materiam
1234 1418 1276 1445 ex
1297 1418 1389 1443 nunc
1409 1405 1565 1444 totaliter
1591 1407 1742 1454 resecare
1765 1407 1965 1454 cupientes,
1990 1405 2213 1445 paternitati
2240 1399 2308 1440 Ve-

211 1453 291 1503 flrae
311 1453 543 1489 Reverendae.
568 1463 754 1498 memorata
770 1455 995 1504 commiffionis
1016 1457 1136 1503 vigore
1162 1457 1400 1505 injungimus,
1438 1465 1590 1503 quatenu
1599 1468 1606 1485 κ
1628 1453 1788 1502 praeaieto
1814 1454 1977 1500 Capitulo
2004 1455 2175 1503 eAlsatico.
2206 1448 2307 1501 pler&

211 1500 368 1550 peram,
385 1500 580 1537 convocatis
598 1499 683 1538 RR.
705 1501 801 1538 ‘'PP.
822 1503 1041 1541 Provinciali
1053 1527 1067 1546 ,
1099 1517 1138 1540 ac
1160 1503 1412 1551 Definitoribus
1422 1504 1618 1542 Provinciae
1641 1502 1836 1538 Helveticae
1859 1501 1905 1536 ad
1933 1511 2067 1538 certum
2090 1504 2308 1541 Conventa-n

216 1550 371 1587 vicinum
388 1550 485 1586 intra
503 1547 675 1586 Helvetiae
697 1552 858 1586 terminos
881 1551 1099 1600 constitutum
1113 1577 1124 1594 ‚
1150 1553 1342 1599 ibidemque
1388 1553 1499 1587 ariter
1524 1553 1563 1584 in
1587 1559 1693 1584 unum
1717 1548 2002 1584 convenientibus
2028 1548 2112 1588 RR..
2130 1549 2204 1586 PP.
2218 1547 2311 1586 Pro-

216 1598 364 1635 vinciali
377 1625 387 1640 ,
401 1594 450 1634 ¹ac
463 1597 715 1644 Definitoribus
729 1598 871 1646 Alsatiae
883 1598 1052 1636 neoelefiis
1066 1624 1078 1641 ,
1091 1600 1324 1636 Paternitate
1371 1597 1456 1646 eflrd
1468 1596 1676 1632 Reverendo
1698 1595 1757 1635 ‚vi
1772 1595 1922 1643 praefatae
1937 1597 2173 1647 Commiffionis
2194 1595 2309 1645 nostrae

215 1647 419 1695 Praefidente
433 1671 445 1689 ‚
471 1642 628 1697 conseffus
640 1671 653 1690 ‚
668 1647 735 1695 seu
760 1648 989 1696 congregatio
1012 1647 1249 1694 praediftorum
1274 1644 1357 1682 RR.
1379 1645 1527 1683 Patrum
1538 1643 1608 1692 fiat
1621 1668 1632 1687 ‚
1658 1645 1698 1678 in
1720 1654 1788 1690 qua
1809 1645 1920 1680 omnia
1940 1655 1982 1682 ex
2003 1657 2152 1694 utraque
2170 1654 2305 1694 parte)

215 1698 423 1744 emergentia
445 1695 552 1730 dubia
565 1719 573 1732 .
600 1694 661 1731 vel
678 1707 752 1743 quae
775 1704 838 1740 pra
856 1703 1003 1741 tempore
1025 1695 1116 1729 oriri
1135 1692 1219 1744 poffe
1238 1696 1429 1732 timeantur
1443 1717 1454 1735 ‚
1480 1693 1695 1729 concorditer
1719 1692 1759 1726 in
1784 1692 1941 1729 ‘Domino
1957 1718 1970 1737 ,
1996 1706 2035 1731 ac
2061 1695 2202 1743 Spiritu
2218 1693 2305 1728 vni·

215 1746 302 1781 tatis
328 1744 463 1791 decisa,
488 1740 690 1785 declarata,
715 1754 756 1778 ac
768 1742 1000 1779 determinata
1026 1752 1249 1783 remaneant,
1275 1754 1349 1790 quae
1360 1743 1504 1791 scriptis
1526 1741 1717 1790 consignata
1741 1740 1960 1779 Paternitati
1980 1740 2029 1779 Ve
2057 1754 2104 1780 να
2125 1742 2302 1782 Reveren-

215 1793 265 1829 dae
286 1791 488 1828 aufioritate
507 1789 670 1827 roborata
684 1813 698 1832 ,
721 1793 766 1833 (θ’
788 1792 832 1827 ab
852 1800 999 1838 utroque
1016 1789 1100 1826 RR.
1114 1789 1319 1838 Definitorio
1337 1789 1516 1840 respefiivi
1528 1790 1723 1838 subfiripta
1744 1789 1783 1824 in
1805 1791 1987 1840 utriusque
2040 1792 2207 1828 rovinciae
2226 1790 2304 1826 Ar·

215 1841 343 1877 chiviis
366 1847 576 1887 reponantur
593 1861 606 1882 ‚
630 1851 671 1875 ac
691 1840 731 1875 in
751 1849 902 1887 perenne
920 1839 1064 1887 foederis
1088 1849 1338 1877 monumentum
1361 1839 1520 1888 perpetuo
1541 1838 1755 1890 asserventur
1769 1865 1777 1873 .
1805 1838 1866 1875 Ad
1890 1851 2033 1888 quorum
2056 1841 2204 1876 omnium
2221 1860 2235 1881 2
2260 1836 2304 1879 &³

208 1887 418 1939 singulorum
439 1886 710 1935 complementum
727 1888 922 1935 plenariam
935 1887 1142 1935 facultatem
1163 1898 1233 1925 tam
1259 1890 1297 1925 vi
1321 1888 1512 1936 Pontificiae
1536 1889 1631 1923 nobis
1651 1883 1818 1936 commiffae
1835 1910 1847 1930 ‚
1871 1887 1973 1936 quarn,
1995 1889 2182 1926 ordinariae
2208 1895 2309 1936 pote*

209 1936 310 1988 statis
321 1935 679 1986 nostrae,Reverendae
701 1937 924 1975 Paternitati
938 1934 1061 1987 Vestra
1080 1937 1271 1984 delegamus
1284 1962 1296 1981 ,
1317 1938 1532 1975 concedimus
1545 1962 1556 1979 ‚
1582 1936 1626 1978 ὠ·
1639 1938 1874 1984 impertimur,
1897 1938 2135 1986 praecipientes
2157 1937 2310 1974 univer·

211 1986 254 2035 fis
271 1983 454 2023 Fratribus
473 1984 590 2034 nostris
604 2010 616 2028 ,
642 1987 688 2022 ad
707 1998 789 2034 quos
807 1988 962 2034 pertinet
973 2010 985 2028 ,
1009 1995 1053 2023 ut
1070 1986 1177 2023 eidem
1198 1987 1238 2022 in
1252 1987 1406 2024 omnibus
1416 1985 1586 2033 praediclis
1602 1985 1746 2021 annexis
1757 1983 1818 2021 vel.
1833 1986 1994 2024 connexis
2008 2011 2020 2029 ‚
2041 1985 2309 2029 incidentibus,

218 2032 277 2070 vel
296 2035 785 2082 dependentibusperinde‚ac
805 2037 966 2083 nobismet
976 2035 1049 2084 ipsis
1064 2034 1308 2072 .obeclientiam
1328 2034 1483 2085 praesient
1497 2060 1505 2069 .
1532 2031 1650 2070 Finito
1674 2033 1806 2070 demum
1833 2034 2071 2084 compofitionis
2098 2034 2236 2083 negotio
2261 2033 2308 2069 ad

218 2083 393 2165 pJ⁰prfam
413 2083 610 2119 revertendi
626 2083 850 2121 Provinciam
867 2083 1074 2131 facultatem
1091 2085 1229 2131 pariter
1241 2107 1254 2128 ,
1281 2095 1320 2119 ac
1343 2082 1612 2121 Benediiiionem
1636 2081 1827 2120 Paternum.
1842 2082 2088 2134 affeciuosiffimi
2103 2084 2142 2120 in
2159 2081 2306 2122 Domino

219 2142 238 2167 e
252 2140 406 2178 argimur
427 2155 436 2164 .

315 2178 448 2215 Datum
463 2177 686 2229 &signatum
708 2181 749 2218 in
774 2181 960 2220 Conventa
984 2179 1091 2230 nostro
1107 2179 1322 2230 Lugdunensi
1339 2181 1383 2218 S.
1397 2181 1441 2220 P.
1454 2179 1630 2230 Francisci
1658 2192 1712 2228 13.
1735 2180 1830 2231 Apr.
1853 2190 1953 2233 ¹729·

879 2289 958 2340 fr.
990 2289 1273 2339 Hartmannus
1300 2290 1563 2361 Brixinenfis
1594 2290 1802 2361 Minister·>
1835 2291 2055 2347 Generalis
2082 2282 2173 2341 ind.

320 2427 399 2469 Nos
423 2430 537 2478 igitur
561 2442 728 2483 tanquam
752 2434 1003 2488 Commtffarius
1020 2437 1225 2488 Apostolicus
1242 2436 1356 2473 literis
1376 2435 1568 2485 praemiffis‚
1592 2438 1632 2472 e'a
1650 2460 1661 2478 ,
1686 2446 1756 2483 qua
1773 2443 1838 2483 par
1862 2435 1929 2485 est,
1953 2437 2062 2472 animi
2069 2436 2313 2486 Jubmiffionea

226 2489 266 2515 ae
291 2480 488 2516 reverentia
498 2479 663 2530 sust-eptis
682 2505 694 2524 ‚
729 2494 852 2521 munus
878 2487 976 2522 nobis
999 2486 1189 2535 injnnfiium
1214 2485 1304 2522 modo
1318 2484 1515 2534 praeftripto
1534 2483 1711 2520 condebiti
1737 2486 1944 2527 executuri,
1969 2485 2010 2522 de
2033 2486 2191 2535 consensu
2219 2484 2309 2521 llln‘zi

224 2529 277 2565 1).
296 2526 502 2565 Mareehalli
523 2531 667 2568 Comitis
690 2531 732 2569 de
746 2531 871 2580 ‘Bourg
883 2535 1078 2583 inscriptis
1102 2534 1230 2584 praevie
1253 2535 1413 2576 obtento,
1437 2531 1642 2570 contulimus
1665 2544 1725 2567 nos
1755 2530 2061 2582 Neo-‘Brisacum
2084 2534 2129 2570 ad
2150 2534 2312 2572 Conven-

219 2586 292 2613 mm
304 2599 316 2618 ⁹
341 2576 384 2617 ξδ’
398 2577 521 2614 Locum
536 2578 681 2628 Alfiztiae
691 2605 705 2624 ‚
731 2579 822 2629 Regi
834 2582 1107 2632 Christianiffimo
1132 2583 1334 2632 fubjefium‚
1346 2583 1466 2629 ibique
1488 2592 1599 2617 coram
1624 2579 1670 2616 R.
1679 2579 1723 2618 P.
1737 2580 1892 2618 Patritio
1904 2593 1948 2619 ex*
1960 2582 2223 2630 Hegenhaimb‚
2242 2582 2308 2619 Ca·

220 2624 424 2680 porcinarum
443 2626 588 2676 Affiztiae
608 2637 672 2676 pro
695 2637 842 2676 ternpore
871 2631 1011 2681 Custode
1035 2656 1047 2675 ,
1080 2627 1128 2675 &¹
1148 2641 1298 2680 quatuor
1322 2630 1400 2667 aliis
1426 2628 1462 2665 εδ
1485 2628 1636 2677 expresse
1658 2632 1855 2667 convocatis
1892 2630 2061 2669 Patribus
2086 2630 2305 2668 Guardianis

220 2672 447 2709 ‘membribus
459 2698 473 2718 ‚
498 2675 672 2714 Colmarta
687 2703 695 2717 .
729 2677 911 2728 Selestadio
926 2704 937 2723 ‚
964 2681 1186 2718 Weinbochio
1201 2705 1214 2723 ‚
1239 2680 1283 2720 ὠ·
1300 2676 1668 2726 Obernehemio,fafiia
1680 2678 1928 2725 legitimatione
1951 2679 2060 2729 nostra
2073 2703 2087 2724 ,
2115 2679 2156 2715 de
2180 2688 2314 2715 eorum-

223 2719 296 2755 dem
319 2720 446 2767 consilio
472 2723 674 2806 Caliitulum
694 2725 787 2763 illico
809 2728 1055 2777 conscripsimus
1073 2730 1309 2778 Argentinam
1333 2728 1379 2763 ad
1399 2726 1487 2762 diem
1515 2734 1568 2773 17.
1596 2725 1688 2776 Jun.
1714 2728 1802 2762 anni
1826 2729 2001 2764 currentis
2028 2738 2127 2775 ¹729·

253 2815 263 2825 ο
287 2815 296 2824 ι
322 2766 490 2824 {forro-in
535 2774 564 2807 is
589 2774 872 2818 Provincialibus
889 2777 1048 2816 Comitiis
1073 2779 1227 2813 omnibus
1253 2775 1296 2817 ὡ·
1308 2774 1453 2824 singulis
1476 2783 1540 2823 pro
1564 2776 1763 2821 exigentia·
1791 2775 1833 2815 ὠ·
1848 2775 2036 2821 neceffitaee.
2058 2774 2172 2810 debit&
2200 2785 2240 2810 ‘¹⁶
2264 2773 2310 2810 Ῐθ·

222 2824 347 2863 gitime
356 2814 460 2861 fafilis
472 2839 485 2859 ‚
509 2829 548 2852 ac
561 2820 719 2867 dispositis
739 2836 815 2859 cum
834 2824 1035 2860 newelefiis
1059 2825 1141 2861 RR.
1154 2825 1227 2863 PP.
1245 2821 1468 2861 provinciale
1481 2848 1494 2866 ,
1518 2823 1562 2864 ὠ·
1577 2822 1840 2870 Definitoribus.
1863 2821 2003 2868 profefli
2017 2820 2137 2868 sumus
2158 2820 2203 2857 ad
2224 2821 2314 2858 C'on-¹

223 2871 369 2920 ventum
380 2863 648 2918 mimatensem,
673 2869 734 2904 ubi
756 2869 839 2905 RR.
856 2873 1176 2910 PP.Provincialis
1189 2896 1203 2915 ‚
1229 2873 1272 2914 &⁶
1285 2872 1336 2908 De
1364 2873 1491 2908 nitores
1505 2871 1711 2908 Provinciae
1726 2868 1919 2906 Helvetieae
1943 2867 2070 2916 pravi&
2092 2869 2232 2918 desuper
2257 2872 2313 2906 in.

223 2912 368 2961 formati
383 2936 397 2955 ‚
416 2923 489 2958 Jam
503 2922 605 2950 erant
621 2918 818 2962 congregati
833 2942 842 2954 ‚
867 2918 911 2952 de
931 2930 1076 2963 quorum
1095 2923 1245 2958 onmium
1262 2919 1392 2955 contlio
1416 2928 1521 2967 atque
1539 2918 1699 2965 consensu
1721 2926 1797 2950 cum
1809 2924 1948 2952 matura
1965 2915 2212 2957 deliberatione
2230 2930 2307 2955 con·

228 2958 327 3008 clusa
343 2984 359 3004 ,
381 2969 486 3009 atque
495 2960 630 3010 statuta
642 2963 731 3011 sunt
739 2962 946 3012 sequentia:

322 3058 351 3095 1.
374 3059 425 3095 vt
437 3055 583 3096 etNobis
594 3084 607 3104 ,
621 3069 787 3109 tanquam
808 3060 1128 3145 Commiffariokper
1146 3060 1335 3098 circulares
1354 3061 1402 3097 ad
1420 3071 1530 3097 omnes
1554 3058 1737 3107 utriusque
1756 3060 1951 3102 Provincia
1965 3063 2164 3101 Conventus
2191 3063 2314 3102 literas

418 3107 612 3144 exorandas
622 3110 821 3156 publicetur
835 3133 847 3153 ‚
875 3112 1016 3155 cuilibet
1072 3110 1206 3158 eligioso
1226 3109 1374 3146 liberum
1392 3106 1450 3158 effi:
1475 3108 1522 3144 ad
1546 3107 1768 3145 Helveticam
1781 3133 1794 3154 ,
1829 3110 1890 3147 vel
1907 3110 2114 3160 <Alsaticam
2136 3112 2314 3162 transtro

418 3155 643 3194 Provinciam
656 3181 670 3200 ‚
691 3159 744 3194 ita
766 3167 905 3202 tamen,
931 3169 973 3197 ut
992 3161 1091 3195 intra
1104 3160 1258 3207 spatium
1281 3159 1387 3194 unius
1406 3157 1517 3205 mensis
1536 3179 1550 3198 ‚
1575 3156 1736 3193 videlicet
1760 3158 1863 3207 usque
1881 3160 1926 3195 ad
1943 3161 2090 3207 primam
2112 3160 2201 3200 diem
2220 3159 2315 3198 essu·

415 3202 506 3253 gusti·
520 3203 682 3254 exclustve
703 3207 847 3255 quisque
858 3207 931 3255 sese
954 3208 1101 3256 resolvas
1116 3235 1126 3249 ,
1149 3207 1254 3255 idque
1271 3208 1363 3242 binis
1383 3204 1468 3241 RR.
1483 3204 1651 3242 Patribus
1662 3205 1947 3243 Provincialibus
1959 3207 2119 3246 decenter
2133 3207 2286 3256 notificet
2297 3232 2313 3253 ‚

419 3253 481 3300 qui
501 3251 560 3287 boc
579 3265 646 3288 non
662 3255 816 3300 fecerit,
836 3256 1060 3304 praefiemetur
1082 3253 1168 3292 velle
1188 3263 1387 3302 permanere
1408 3255 1447 3289 in
1457 3252 1684 3297 Provincia,
1708 3254 1748 3289 In
1796 3266 1843 3292 ua
1866 3254 1992 3304 defafiio
2013 3266 2167 3294 moratur
2180 3281 2191 3293 ·

323 3300 371 3338 11.
395 3299 594 3348 Hospitium
614 3300 782 3338 Tabernis
801 3304 976 3342 Montium
995 3305 1150 3351 deinceps
1164 3302 1350 3352 subjefium
1366 3302 1411 3352 fit
1434 3302 1477 3342 ὼ·
1491 3302 1744 3348 incorporatum
1802 3304 1966 3339 rovinciae
1982 3302 2167 3350 Alsaticae.

325 3348 392 3386 111.
419 3348 528 3384 ‘Binis
557 3350 793 3387 Conventibus
815 3351 1022 3389 “Provinciae
1041 3351 1233 3388 Helveticae
1255 3350 1448 3388 Bruntruti
1462 3372 1476 3392 ,
1500 3350 1543 3390 ὠ·
1558 3349 1723 3386 ‘Darnaci
1746 3360 1883 3388 maneat
1903 3350 2071 3400 distrifius
2088 3362 2153 3402 per
2175 3354 2314 3399 omnia,

394 3415 397 3421 ,
412 3397 503 3447 ficut
524 3407 608 3434 ante
621 3398 862 3447 Divifi'onem,
876 3399 989 3447 salvis
1002 3410 1115 3437 tamen
1134 3399 1275 3447 juribus
1298 3398 1493 3436 Provinciae
1509 3394 1673 3445 Alsaticae
1689 3407 1754 3446 pro
1777 3399 1949 3435 varietate
1970 3403 2153 3450 temporis.

328 3444 393 3485 1V.
417 3447 471 3483 Ex
486 3446 645 3483 Archivo
667 3447 886 3485 Provinciali
898 3447 1094 3487 Provincia
1118 3446 1311 3484 Helvecicae
1326 3444 1479 3498 fideliter
1497 3446 1729 3483 extradantur
1751 3445 1839 3484 RR.
1852 3447 2021 3486 Patribus
2035 3449 2178 3500 Alsatiae
2191 3477 2204 3499 ,
2225 3462 2314 3500 (με.

429 3506 562 3541 cunque
584 3495 658 3543 ipsis
681 3495 861 3546 neceffaria
876 3522 886 3538 ,
913 3507 977 3534 aut
999 3495 1104 3533 utilia
1129 3493 1188 3546 effe
1208 3503 1373 3543 poterunt
1390 3519 1400 3531 .

333 3541 378 3580 V.
404 3542 578 3590 Consuetae
598 3543 797 3582 Charitatis
811 3545 975 3581 exhibitio
998 3554 1118 3582 mutua
1138 3545 1312 3592 utrimque
1335 3543 1559 3581 continuetur
1575 3564 1590 3588 2
1600 3543 1690 3594 ficut
1709 3553 1792 3581 ante
1818 3543 1881 3582 bac
1895 3566 1910 3588 ,
1933 3544 2066 3599 exclufis
2089 3558 2203 3587 tamen
2227 3547 2312 3588 Pro·

415 3591 504 3640 fiffi5
527 3594 570 3628 ab
593 3603 683 3628 anno
712 3602 810 3642 1730.
838 3592 1022 3645 inclusive.

336 3685 462 3741 ‘intimi
473 3688 609 3724 tandem
608 3688 778 3738 statutum
781 3689 861 3737 fuit
873 3713 885 3733 ,
903 3699 945 3726 ut
956 3691 1068 3732 nobis,
1080 3698 1244 3736 tanquam
1258 3683 1487 3737 Commiffitrio
1495 3711 1510 3730 ,
1523 3687 1570 3723 ad
1576 3699 1792 3736 augmentum
1811 3689 2028 3738 obligationis
2041 3716 2053 3736 ‚
2079 3706 2119 3731 ac
2131 3693 2310 3741 utriusque

241 3731 436 3770 Provincia
452 3734 536 3771 RR.
552 3737 720 3774 Patribus
742 3739 928 3786 Divifionis
951 3739 1122 3785 negotium
1144 3735 1371 3773 trae'iantibus
1399 3736 1601 3772 exhibeatur
1624 3735 1752 3784 triplex
1777 3737 1942 3776 Charitas
1959 3741 2003 3776 ab
2019 3744 2173 3780 omnibus
2195 3742 2237 3783 ό·
2247 3740 2315 3789 fin!

231 3780 328 3829 gulis
338 3779 524 3867 Ὶξῖξῆἱιβς
546 3784 662 3834 nostris
683 3795 748 3835 per
769 3786 969 3826 Helvetiam
982 3810 997 3831 ,
1022 3783 1250 3835 &Affatiam
1266 3810 1275 3820 .
1298 3781 1459 3832 Nomina
1472 3792 1585 3822 autem
1607 3783 1853 3871 RRGPMWW
1871 3787 1960 3836 sunt
1969 3788 2173 3841 sequentia.
2207 3808 2279 3874 *Ex
