2658 4256
463 283 574 394 98

410 415 650 460 sueverant,
670 412 709 453 in
727 407 918 467 religiosae
931 410 1037 468 pacis
1052 441 1067 463 ,
1093 412 1133 453 δε
1150 411 1376 452 concordiae
1390 438 1404 460 ,

407 471 671 529 acRegularis
687 470 899 525 disciplinae
913 471 1183 528 praejudicium
1202 469 1407 523 patieban-

402 543 489 584 tur,
502 532 650 574 fel-rec.
670 530 936 572 Innocentius
954 534 1058 586 Papa
1075 530 1169 571 XII.
1184 524 1405 568 Praedeces-

405 593 470 634 sor
486 589 615 633 noster
632 601 704 642 per
718 586 902 643 quasdam
918 588 998 631 suas
1013 589 1077 639 ,in
1105 586 1219 628 simili
1242 584 1404 627 forma„

401 648 544 692 Brevis
558 647 623 688 die
648 659 767 688 xxix.
784 646 919 689 Martii
945 658 1210 689 mocxcrtt.
1236 644 1401 699 expedi-

400 717 463 749 tas
486 706 624 748 literas
643 704 848 747 Discretos
872 705 1077 760 praedictos
1103 705 1144 746 in
1167 703 1283 745 dietis
1300 706 1398 745 Pro·

399 765 543 807 vinciis
559 762 755 806 sustulerit
769 793 785 815 ,
804 765 843 804 δι
856 765 1106 814 removerit,
1136 775 1180 803 ac
1197 761 1399 804 subinde)

398 823 508 864 inter
521 822 598 864 alia
613 823 883 864 remotionem
894 850 908 874 ,
921 822 955 863 δι
972 821 1232 864 abolitionem
1247 819 1399 862 Discre.

398 891 536 923 torum
560 877 815 935 hujusmodi,
841 875 1124 936 expeditasque
1138 878 1310 934 desuper
1327 877 1391 919 lit·

396 948 506 983 teras
523 937 705 995 praefatas
730 939 780 982 ad
800 939 1026 982 Provincias
1044 939 1206 980 Boeticae
1220 966 1233 988 ,
1257 939 1293 977 &
1310 939 1394 977 Na-

396 1011 521 1040 varrae
539 994 718 1054 'ejusdem
733 997 899 1039 Ordinis
916 1025 929 1048 ,
956 1011 1026 1054 per
1039 998 1136 1038 alias
1158 995 1241 1036 suas
1258 994 1396 1037 itidem

402 1056 443 1098 in
460 1055 589 1099 forma
604 1056 745 1098 Brevis
761 1083 775 1106 ‚
791 1055 927 1097 literas
954 1056 1018 1098 die
1039 1069 1085 1098 xi
1101 1069 1132 1097 ι.
1147 1053 1394 1108 Septembris

393 1113 572 1170 ejusdem
605 1114 695 1155 anni
721 1112 890 1166 desuper
908 1124 1110 1156 emanatas
1134 1112 1395 1161 extenderit,

392 1173 435 1214 δι
448 1172 718 1228 ampliaverit:
739 1171 884 1214 Dilec‘ti
900 1173 997 1213 vero
1011 1170 1097 1213 Filii
1117 1172 1279 1212 Fratres
1296 1173 1394 1212 Pro-

390 1233 529 1275 uinciae
541 1230 697 1274 Flando
711 1255 727 1264 -
742 1228 909 1284 Belgicae
925 1228 1132 1283 supradicti
1146 1228 1311 1274 Ordinis
1328 1241 1388 1269 ea-

392 1289 487 1333 dem
510 1290 679 1331 damna.
708 1285 1015 1328 &incommoda
1033 1300 1081 1329 ex
1094 1287 1206 1328 iimili
1232 1285 1394 1328 Discre-

389 1359 522 1391 torum
539 1346 734 1389 electione
750 1345 831 1400 pati
845 1354 1061 1400 cogantur,
1079 1355 1161 1388 tam
1179 1344 1261 1400 ipsi,
1275 1346 1394 1400 quam

387 1405 574 1463 praefatus
592 1404 798 1460 Philippus
818 1405 1140 1454 Rex,commune
1164 1403 1278 1458 hujus
1296 1416 1394 1457 quo-

387 1479 467 1520 que
485 1463 709 1507 Provinciae
724 1463 873 1505 bonnm
891 1462 1156 1516 promovendi
1173 1461 1303 1503 studio
1317 1461 1392 1503 du·

391 1526 507 1572 etus,
533 1520 642 1561 usum
668 1521 844 1574 eligendi
875 1520 1074 1563 Discretos
1091 1520 1297 1577 praedic'tos
1323 1519 1392 1562 itt-2

389 1580 532 1623 eadem
550 1578 763 1620 Provincia
779 1577 961 1618 [imiliter
984 1580 1173 1634 abrogari
1190 1608 1203 1629 ,
1227 1581 1266 1620 &
1282 1583 1393 1631 Apo-

389 1636 536 1680 stolicae
551 1635 720 1690 desuper
737 1635 994 1677 authoritatis
1013 1638 1164 1679 Nostrae
1179 1646 1313 1691 partes
1330 1636 1392 1676 in-

388 1695 553 1751 terponi
569 1694 783 1748 plurimum
799 1692 1028 1736 desiderent
1040 1724 1050 1735 .
1079 1695 1210 1737 Nobis
1224 1703 1392 1749 propte-

389 1768 458 1797 rea
475 1751 655 1808 ejusdem
674 1752 846 1807 Philippi
863 1753 985 1807 Regis
1011 1754 1172 1794 nomine
1186 1779 1200 1802 ‚
1229 1750 1392 1793 humili-

392 1822 458 1855 ter
474 1811 736 1867 supplicatum
754 1808 832 1852 fuit
852 1839 865 1862 ‚
893 1821 938 1852 ut
955 1812 995 1853 in
1021 1811 1216 1868 praemiffis
1243 1823 1390 1864 oppor-

387 1869 488 1914 tune
505 1869 724 1924 providere
739 1898 751 1920 ‚
766 1871 819 1918 δι,
834 1878 876 1909 ut
892 1867 1011 1921 infra,
1027 1870 1238 1925 indulgere
1253 1869 1304 1910 de
1320 1867 1390 1909 be·

388 1929 588 1985 nignitate
605 1927 831 1983 Apostolica
846 1926 1104 1983 dignaremur
1117 1958 1129 1969 .

446 1990 531 2030 Nos
545 1988 669 2043 igitur
686 1986 760 2041 piis
777 1985 892 2042 ipsius
921 1987 1094 2043 Philippi
1122 1987 1247 2043 Regis
1282 1985 1390 2026 votis

391 2047 468 2088 hac
484 2047 523 2087 in
538 2060 608 2092 re,
635 2047 826 2100 quantum
852 2059 940 2087 cum
973 2046 1149 2088 Domino
1165 2043 1362 2101 possumus
1377 2070 1392 2092 ,

388 2103 679 2146 favorabiliter
711 2117 883 2146 annuere
914 2104 1098 2148 volentes
1120 2131 1134 2153 ,
1166 2100 1392 2160 hujusmodi

386 2161 747 2217 supplicationibus
772 2162 984 2214 inclinati,
1012 2171 1175 2206 attento
1194 2172 1292 2204 voto
1307 2162 1392 2201 Ve-

381 2219 574 2263 nerabilis
590 2221 735 2262 Fratris
750 2220 1274 2277 Nostri‚Nicolai,Episcopi
1293 2222 1392 2260 Por-

311 2283 313 2285 '
383 2278 547 2329 mensis,
563 2281 713 2321 S-R.E.
729 2279 956 2322 Cardinalis
974 2279 1174 2337 Acciajol'i
1189 2290 1391 2331 nuncupa-

383 2338 433 2384 ti,
449 2337 543 2378 dieti
558 2336 724 2380 Ordinis
747 2339 848 2392 apud
867 2341 954 2380 Nos
968 2368 982 2388 ,
1001 2340 1038 2379 &
1054 2339 1200 2380 Sedem
1221 2336 1392 2391 Aposto-

391 2395 512 2436 licam
529 2396 772 2436 Protet‘toris
787 2424 801 2446 ‚
828 2395 875 2438 ad
894 2410 1010 2451 quem
1034 2397 1250 2452 supplicem
1276 2392 1395 2435 libel-

383 2452 471 2494 lum
499 2452 625 2495 Nobis
652 2452 767 2507 super
794 2454 987 2509 praemissis
1005 2458 1232 2508 porrectum
1249 2452 1392 2495 remisi-

381 2525 472 2553 mus
487 2538 501 2560 ,
527 2510 794 2552 remotionem
809 2540 822 2562 ,
847 2513 885 2552 δι
903 2513 1170 2555 abolitionem
1189 2510 1390 2554 Discreto-

383 2583 474 2612 rum
501 2566 722 2626 hujusmodi
757 2570 793 2610 in
828 2568 932 2611 dista
965 2572 1176 2613 Provincia
1195 2569 1389 2612 Flandro.

380 2627 544 2681 Belgica
566 2626 614 2668 ad
631 2627 909 2682 impediendas
927 2629 1192 2671 relaxationes
1208 2657 1221 2680 ,
1246 2629 1285 2668 &
1299 2627 1384 2668 evi·

381 2686 505 2728 tanda
522 2685 744 2741 praejudicia
761 2715 775 2736 ‚
801 2699 884 2740 quae
913 2687 950 2728 in
971 2688 1212 2742 Regularem
1239 2683 1386 2727 Obser-

381 2744 558 2796 vantiam
575 2757 625 2785 ex
639 2742 802 2786 illorum
819 2745 1019 2788 electione
1033 2748 1215 2799 irrepere
1233 2744 1384 2794 (olent,

381 2801 602 2856 expedire,
632 2803 735 2842 acin
753 2803 1004 2858 Religionis,
1035 2805 1195 2860 ejusque
1222 2803 1383 2856 regimi-

379 2862 442 2904 nis
461 2861 608 2900 bonum
622 2857 816 2901 cessuram
830 2859 907 2903 effe
921 2863 1130 2906 censentes
1145 2892 1159 2915 ,
1178 2862 1382 2907 Discretos

379 2917 588 2975 praedic'tos
610 2918 648 2959 in
665 2918 804 2960 eadem
821 2920 1031 2962 Provincia
1046 2951 1058 2972 ,
1084 2922 1382 2964 auctoritate-2

379 2976 616 3032 Apostolica
631 3005 644 3025 ,
673 2986 813 3018 tenore
828 2977 1077 3032 praesentium
1094 2980 1290 3025 tollimus,
1316 2990 1382 3031 pa-

381 3036 481 3078 riter
519 3036 558 3076 &
587 3047 840 3078 removemus
864 3051 876 3079 :
911 3040 1189 3081 Decernentes
1224 3034 1384 3078 easdem

382 3092 593 3150 praesentes
618 3093 753 3134 literas
773 3094 927 3148 semper
949 3095 1107 3148 firmas,
1135 3095 1312 3145 validas,
1342 3095 1382 3135 &

384 3152 565 3194 efficaces
580 3153 748 3194 existere
765 3181 777 3203 ‚
800 3154 837 3194 δι
852 3151 940 3194 fore
957 3182 971 3206 ,
1002 3155 1162 3211 suosque
1177 3152 1378 3210 plenarios

380 3213 419 3253 &
436 3214 612 3266 integros
629 3209 790 3253 effeetus
806 3210 935 3253 sortiri
950 3241 963 3263 ‚
989 3215 1029 3256 δι
1042 3214 1228 3256 obtinere
1242 3242 1257 3263 ,
1269 3225 1314 3252 ac
1333 3210 1382 3252 ab

381 3269 465 3311 illis
481 3298 496 3319 ‚
520 3269 566 3310 ad
581 3283 681 3324 quos
698 3268 845 3324 spectat
859 3297 873 3320 ‚
899 3271 936 3311 &
953 3285 1026 3326 pro
1040 3283 1224 3328 tempore
1242 3271 1384 3327 spei-‘ia-

380 3328 441 3370 bit
458 3356 472 3378 ‚
498 3327 791 3370 inviolabiliter
812 3327 1041 3383 observari,
1063 3331 1193 3388 sicque
1215 3332 1254 3371 in
1286 3340 1385 3384 prae-

383 3385 500 3428 miffis
522 3400 593 3441 per
610 3385 880 3443 quoscumque
897 3388 1060 3444 Judices
1074 3419 1088 3441 ,
1115 3388 1352 3432 Ordinatios
1369 3414 1384 3437 ,

379 3446 422 3486 ἃ
449 3445 695 3500 Delegatos‚
727 3447 848 3489 etiam
864 3445 1085 3490 Causarum
1111 3448 1253 3493 Palatii
1270 3447 1381 3501 Apo-

383 3504 511 3545 stolici
528 3504 744 3547 Auditores
757 3505 926 3562 judicari
940 3532 954 3554 ‚
980 3508 1019 3548 &
1034 3507 1194 3551 definiri
1213 3505 1381 3555 debere,

383 3578 427 3603 ac
442 3563 597 3605 irritum
611 3591 625 3614 ,
650 3565 690 3605 δι
712 3565 852 3617 inane,
879 3565 905 3605 fi
921 3561 1031 3608 secus
1046 3568 1159 3622 super
1175 3565 1268 3610 hisi
1283 3577 1380 3620 quo-

378 3635 499 3676 quam
515 3648 529 3670 ,
540 3623 675 3677 quavis
689 3624 927 3666 anaoritate
939 3650 953 3671 ‚
969 3626 1144 3667 scienter
1156 3653 1172 3677 ,
1188 3625 1254 3668 vel
1267 3623 1384 3677 igno·

381 3688 518 3722 ranter
542 3683 758 3739 contigerit
771 3684 966 3726 attentari
980 3713 991 3725 .
1025 3687 1118 3727 Non
1136 3681 1382 3727 obstantibus

382 3737 580 3794 praemislis
595 3768 609 3790 ‚
640 3756 686 3783 ac
705 3742 1071 3785 Constitutionibus
1093 3740 1132 3784 Sc
1147 3740 1382 3785 Ordinatio-

381 3798 498 3839 nibus
514 3799 547 3838 A
555 3799 751 3853 postolicis
764 3829 780 3849 ,
806 3815 963 3843 necnon
984 3803 1202 3845 Provinciae
1214 3830 1229 3853 ,
1250 3803 1289 3842 &
1303 3801 1385 3841 Or-

380 3855 486 3899 dinis
502 3857 742 3915 hujusmodi,
755 3861 878 3903 etiam
892 3860 1150 3917 juramento,
1167 3859 1378 3903 confirma-

1174 276 1722 365 Provincia

1467 413 1579 456 tione
1598 409 1823 466 Apostolica
1839 438 1851 459 2
1866 409 1930 453 vel
1949 409 2086 466 quavis
2100 410 2286 456 firmitate
2300 414 2375 456 alia
2396 427 2464 455 ro-

1466 471 1615 514 boratis
1636 472 1815 520 statutis„
1833 470 1873 510 δε
1887 467 2270 523 consuetudinibus,
2296 473 2468 527 privile-

1465 529 1540 587 giis
1558 541 1721 584 quoque
1735 527 1901 570 indultis
1919 556 1931 579 ,
1959 528 1999 569 δι
2020 527 2147 569 literis
2165 529 2405 584 Apostolicis
2420 532 2460 571 in

1464 588 1714 631 contrarium
1736 585 2017 642 praemissorum
2042 587 2347 642 quomodolibet
2361 602 2463 631 con-

1462 646 1572 690 ceffis
1589 674 1602 696 ,
1616 644 1862 689 confirmatis
1876 671 1890 694 ,
1903 643 2156 686 &innovatis
2172 671 2182 683 .
2198 645 2355 699 Quibus
2370 660 2463 688 om-

1461 707 1576 748 nibus
1593 732 1605 754 ,
1618 705 1657 743 &
1671 703 1846 758 lingulis,
1861 702 2018 746 illorum
2035 713 2198 744 tenores
2211 702 2464 756 praesentibus

1456 777 1533 820 pro
1550 761 1669 817 plene
1682 791 1695 813 ‚
1708 764 1748 804 δι
1764 762 2004 804 sufficienter
2019 759 2206 817 expreffis
2220 787 2234 810 ,
2254 760 2294 800 &
2310 760 2358 801 ad
2376 776 2465 805 ver.

1459 824 1554 864 bum
1573 817 1728 863 insertis
1752 822 1946 864 habentes
1962 847 1975 870 ,
1998 820 2078 862 illis
2097 820 2193 863 alias
2211 818 2250 858 in
2266 818 2335 860 suo
2348 820 2466 862 robo—

1456 895 1498 924 re
1516 878 1780 934 permansuris
1793 908 1806 932 ,
1829 879 1877 922 ad
1894 876 2175 934 praemissorum
2191 874 2372 919 effesturn
2389 878 2462 920 hac

1458 940 1545 981 vice
1571 936 1780 980 dumtaxat
1798 937 2028 994 specialiter
2043 966 2057 989 ,
2085 938 2125 978 δε
2140 934 2324 991 expresse
2337 935 2460 977 dero-

1456 1008 1593 1053 gamus
1608 1021 1622 1043 ,
1643 995 1874 1053 caeterisque
1888 996 2103 1038 contrariis
2118 992 2434 1052 quibuscumque
2447 1022 2460 1035 .

1457 1056 1658 1098 Volumus
1683 1066 1817 1097 autem
1832 1084 1846 1106 ‚
1868 1065 1912 1097 ut
1927 1054 2160 1097 earumdem
2178 1051 2463 1109 praesentium..

1455 1116 1666 1157 literarum
1681 1111 1939 1167 transumptis
1954 1143 1969 1163 ,
1982 1113 2044 1156 seu
2060 1111 2274 1168 exemplis,
2294 1111 2456 1153 etiam.)

1454 1171 1644 1226 impresiis
1661 1200 1673 1222 ‚
1689 1186 1806 1213 manu
1822 1170 1995 1227 alicujus
2010 1171 2169 1214 Notat-ii
2194 1169 2346 1225 publici
2373 1169 2466 1210 sub-

1454 1231 1609 1286 scriptis
1624 1256 1638 1277 ,
1660 1231 1699 1270 &
1713 1228 1841 1285 figillo
1864 1229 2041 1271 Personae
2055 1231 2094 1277 in
2109 1228 2385 1272 Ecclessastica
2399 1226 2465 1268 di-

1454 1291 1608 1346 gnitate
1623 1287 1843 1329 constitutae
1858 1289 2019 1329 munitis
2034 1287 2177 1330 eadem
2189 1288 2345 1341 prorsus
2359 1285 2463 1326 fides

1453 1351 1492 1390 in
1513 1346 1691 1404 judicio,
1707 1348 1747 1387 δι
1762 1355 1872 1387 extra
1886 1345 1989 1388 illud
2006 1346 2259 1396 adhibeatur,
2272 1357 2356 1400 quae
2373 1344 2462 1398 iplis

1454 1405 1711 1464 praesentibus
1727 1404 1988 1449 adhiberetur
2001 1433 2015 1457 ,
2050 1403 2074 1446 st
2091 1401 2225 1448 forent
2241 1401 2429 1446 exhibitae
2445 1426 2461 1449 2

1456 1466 1522 1509 vel
1544 1463 1702 1507 ostensae
1717 1494 1727 1504 .

1514 1525 1665 1564 Datum
1695 1525 1830 1564 Romae
1857 1520 1963 1575 apud
1980 1524 2156 1566 Sanctam
2177 1521 2348 1564 Mariam
2366 1521 2461 1562 Ma:

1452 1581 1582 1638 jorem
1600 1581 1666 1623 sub
1682 1579 1847 1622 Annulo
1862 1581 2074 1622 Piscatoris
2090 1580 2156 1622 die
2170 1594 2270 1621 xxvi
2288 1593 2299 1620 1
2316 1592 2348 1619 ι.
2369 1581 2455 1619 Αυ-

1453 1640 1552 1695 gusti
1585 1655 1618 1682 M
1635 1655 1662 1681 D
1679 1654 1702 1681 c
1721 1654 1744 1681 c
1762 1654 1773 1680 ι
1794 1654 1823 1681 ι.
1864 1637 2125 1681 pontificatus
2158 1639 2295 1682 Nostri
2335 1639 2455 1678 Anno

1453 1698 1628 1741 secundo
1641 1726 1653 1737 .

2042 1815 2086 1855 1³.
2113 1811 2315 1854 Oliverius
2328 1840 2342 1853 .

1512 1933 1678 1983 Autogr.
1704 1931 1747 1969 in
1763 1928 1882 1970 Arcb.
1899 1932 2001 1971 Secr.
2014 1934 2128 1970 Brev.
2144 1927 2274 1986 Apost.
2301 1924 2459 1984 Regesto

1567 1987 1685 2044 mens
1701 1988 1747 2034 ὅ
1759 1991 1852 2028 anni
1858 1989 1984 2042 praed.
1989 1989 2068 2047 fol.
2083 2002 2125 2044 9.

2320 2121 2456 2135 .—

1452 2123 1800 2144 ——-——-————-

1453 2220 1702 2290 Suppreffis
1720 2220 1936 2272 Discretis
1966 2221 2254 2271 immediatos
2282 2222 2370 2271 PP.
2387 2223 2459 2268 exi

1521 2293 1824 2343 Provinciales
1851 2327 1867 2350 ,
1911 2290 2183 2341 Definitores
2229 2291 2455 2346 astuales,

1521 2362 1569 2414 ἃ
1589 2364 1837 2412 Provinciae
1858 2360 2080 2413 Custodes
2094 2398 2111 2422 ,
2126 2380 2215 2412 non
2230 2359 2458 2412 Guardia-

1522 2450 1630 2491 nos,
1658 2430 1901 2483 substituit.

1450 2563 1960 2614 CLEMENS
2034 2565 2268 2613 PAPA
2341 2561 2453 2610 xl.

1646 2687 1914 2747 Adfaturam
1937 2692 1997 2732 rei
2009 2693 2246 2733 memoriam.

1571 2805 1661 2849 Lias
1683 2819 1756 2861 pro
1770 2814 1883 2861 parte
1897 2805 2106 2846 charisiimi
2120 2807 2160 2846 in
2180 2803 2342 2848 Christo
2359 2803 2449 2847 Filii

1596 2865 1737 2914 nostri,
1751 2863 2220 2918 Philippi‚Hispaniarum
2243 2864 2366 2920 Regis
2380 2867 2457 2907 Ca.

1444 2923 1588 2966 tholici
1613 2923 1742 2965 Nobis
1774 2923 1978 2976 expolito,
2000 2923 2106 2978 quod
2124 2953 2136 2973 ‚
2166 2935 2258 2965 cum
2285 2924 2382 2966 alias
2406 2919 2455 2962 ad

1445 2981 1626 3023 tollenda
1642 2980 1783 3022 damna
1797 3009 1809 3030 ‚
1835 2981 1872 3020 δι
1890 2981 2143 3023 incommoda
2158 3009 2173 3030 ,
2187 2995 2273 3035 quae
2289 2983 2453 3023 Fratres

1445 3039 1758 3082 provinciarum
1773 3041 2007 3091 Regnorum
2020 3035 2228 3094 utriusque
2240 3038 2425 3081 castellae
2435 3066 2451 3090 ,

1443 3098 1591 3141 veteris
1619 3096 1772 3140 sci-licet
1798 3097 1836 3136 &
1862 3109 1971 3138 πονε
1993 3107 2256 3152 nuncupatae,
2281 3097 2448 3139 Ordinis

1443 3157 1647 3200 Minorum
1687 3157 1726 3197 S.
1745 3153 1946 3197 Francisci
1971 3156 2273 3209 Capucinorum
2296 3168 2455 3199 nuncu-

1443 3224 1659 3272 patorum,
1689 3227 1738 3255 ex
1767 3212 1968 3255 elec‘tione
1998 3213 2303 3263 Discretorum,
2335 3215 2404 3270 qui
2428 3213 2451 3254 ai

1444 3272 1727 3318 Conventibus
1754 3270 1806 3313 ad
1820 3269 2005 3314 effectum
2033 3272 2096 3315 sua
2115 3271 2290 3327 suffragia
2317 3273 2355 3314 in
2369 3276 2451 3315 Ca-
2506 3325 2509 3327 μ

1444 3331 1583 3390 pitulis
1598 3330 1919 3374 provincialibus
1948 3329 2102 3373 serendi
2119 3360 2133 3382 ‚
2156 3331 2252 3386 eligi
2277 3330 2450 3374 consue·

1445 3399 1615 3438 verant,
1643 3391 1680 3433 in
1696 3388 1892 3445 religiosae
1906 3390 2013 3444 pacis
2025 3418 2038 3439 ,
2071 3391 2108 3431 &
2123 3390 2346 3432 concordiae
2364 3418 2378 3440 ,
2403 3404 2450 3432 ac

1442 3449 1637 3506 regularis
1650 3447 1859 3504 discipline
1871 3447 2142 3503 prejudicium
2155 3447 2247 3503 paffi
2263 3446 2420 3491 fuerant
2434 3478 2448 3499 ,

1442 3510 1510 3553 fel.
1537 3522 1619 3550 rec.
1650 3507 1907 3549 Innocentius
1936 3511 2040 3559 Papa
2053 3509 2147 3549 ΧΠ.
2177 3506 2446 3550 Praedeceffor

1443 3567 1575 3614 noster
1588 3592 1602 3615 2
1617 3580 1689 3620 per
1704 3564 1889 3621 quasdam
1903 3566 2004 3617 siras,
2019 3566 2060 3607 in
2076 3565 2190 3608 simili
2211 3565 2338 3609 forma
2354 3568 2448 3609 Bre-

1445 3630 1532 3678 vis,
1554 3625 1621 3668 die
1646 3636 1770 3671 xxtx.
1797 3625 1936 3666 Martii
1963 3637 2200 3667 MDcxctn.
2234 3625 2442 3680 expeditas

1443 3681 1821 3735 Litteras,Discetos
1836 3681 2021 3738 praefatos
2038 3686 2076 3725 in
2089 3682 2205 3727 dictis
2221 3684 2447 3728 Provinciis

1441 3741 1673 3794 sustulisset,
1696 3740 1954 3794 removiffet‚
1979 3757 2025 3783 ac
2055 3742 2221 3787 subinde
2247 3745 2353 3787 inter
2371 3745 2447 3785 alia

1442 3804 1710 3847 remotionem
1723 3802 1787 3851 ,δι
1802 3801 2064 3844 abolitionem
2081 3803 2356 3846 Discretorum
2372 3803 2449 3845 hu-

1442 3861 1639 3918 jusmodi,
1663 3858 1943 3916 expeditasque
1957 3861 2127 3917 desuper
2143 3861 2322 3905 Litteras
2352 3875 2450 3916 prat-

2248 3921 2392 3971 dicias,
