2658 4256
377 227 493 311 60

312 364 490 415 *Altare
510 361 662 426 Majus
678 354 983 410 Ecclefiarum
1018 366 1093 406 16.
1111 357 1336 406 Monaste-

390 431 870 487 riorum2Monialium
894 430 1338 486 Tertiariarum,Ca-

391 500 613 572 pucinarii
631 503 1113 567 nuncupat.Lucernae,
1132 501 1338 558 Urania,

391 574 558 625 Stantii
572 606 588 629 ‚
602 572 745 640 Tugii
757 607 772 630 ,
788 571 998 639 friburgi
1016 567 1308 620 Nuithonum
1322 605 1335 628 ,

390 643 606 695 Solodori
626 677 641 699 ,
663 643 955 709 Appenzellae
972 676 986 698 ,
1004 640 1162 697 Badae,
1184 643 1338 689 &Ma-

391 717 469 764 riae
495 715 786 781 Angelorum
813 715 858 760 in
878 713 1068 780 Toggio
1083 747 1099 769 ,
1126 709 1337 760 Necker-

393 784 525 854 segg,
539 781 807 832 Roschachii
819 818 834 840 ,
853 779 1183 839 Grimenstein‚
1196 783 1337 835 Wun-

391 856 578 912 enstein,
596 853 864 910 Altstetten,
884 851 1171 909 Enfishemii,
1189 850 1236 903 ὅ(
1258 857 1337 903 Se-

391 924 798 995 ckingae,quahbet
810 922 918 977 feria
934 922 1125 973 secunda
1143 921 1234 974 ἃς.
1250 939 1347 990 pro⁴

394 994 657 1047 Animabus
683 993 1003 1045 defunRarum
1021 994 1297 1043 Monialium
1316 1028 1333 1051 ,

395 1084 550 1118 earum
570 1064 1027 1134 Consanguineorum
1046 1100 1061 1122 ,
1100 1062 1334 1117 Affinium

393 1139 532 1206 primi
563 1172 578 1195 ,
627 1135 674 1186 ἃ
713 1134 893 1184 secundi
932 1133 1100 1203 gradus
1118 1170 1133 1192 ,
1172 1134 1220 1184 ἃ
1254 1139 1335 1189 Be·

394 1206 681 1258 nei-afiorum
717 1207 883 1273 privile
921 1207 982 1253 iat
999 1239 1015 1261 ,
1041 1202 1335 1275 &privilegi-

394 1297 474 1327 um
492 1279 548 1327 ad
565 1276 687 1325 diem
700 1272 850 1323 obitfis
868 1220 958 1325 ἐξα.
974 1276 1176 1332 tertiam,
1197 1273 1333 1343 septi·

387 1366 515 1397 mam
533 1383 548 1404 ,
574 1346 621 1402 ὅ(
648 1342 931 1414 trigesimam
950 1345 1099 1402 obitus
1114 1349 1332 1402 Moniali-

335 1466 337 1469 ,
391 1435 474 1471 um
503 1415 737 1472 extendit.

323 1559 893 1614 BENEDICTUS
944 1559 1144 1611 PAPA
1188 1563 1336 1611 XIV.

524 1700 590 1747 Ad
602 1700 799 1761 futuram
818 1703 879 1745 rei
892 1703 1130 1746 memoriam.

465 1831 619 1872 Mnium
634 1829 749 1872 (almi
766 1829 935 1884 paterna
951 1831 1151 1877 charitate
1169 1831 1332 1883 intenti,

480 1889 591 1931 sacra
626 1889 830 1931 interdum
847 1892 955 1932 Loca
973 1888 1244 1944 spiritualibus
1271 1892 1335 1931 In-

319 1947 626 2001 dulgentiarum
644 1949 869 1990 muneribus
885 1947 1128 1990 decoramus
1142 1978 1155 2001 ‚
1178 1960 1221 1991 ut
1239 1948 1335 1990 inde

319 2005 527 2049 fidelium
564 2007 858 2049 Desunfilorum
890 2007 1047 2051 Animae
1081 2009 1133 2048 D.
1162 2012 1213 2051 Ν.
1241 2006 1334 2065 Jesu

319 2065 502 2117 Christi,
522 2065 1032 2122 ejusdemque-Sanetorum
1051 2064 1230 2125 suffragia
1247 2080 1333 2109 me-

315 2122 490 2165 ritorum
505 2123 695 2180 consequi
714 2154 730 2174 ,
754 2124 887 2166 &illis
903 2124 1047 2181 adjutae
1062 2138 1109 2169 ex
1125 2129 1331 2181 Purgato-

313 2180 366 2225 rii
382 2183 514 2236 poenis
539 2183 590 2225 ad
613 2195 805 2224 aeternam
827 2180 995 2225 salutem
1023 2199 1094 2238 per
1114 2186 1190 2226 Dei
1211 2184 1330 2226 mise-

313 2241 536 2285 ricordiam
563 2241 734 2296 perduci
756 2239 925 2282 'valeant
940 2268 950 2279 ·
986 2243 1180 2286 Volentes
1198 2243 1327 2299 igitur

314 2313 458 2342 omnes
489 2301 527 2340 Sc
555 2299 724 2356 fingulas
748 2299 959 2352 ,Ecclefias
989 2303 1328 2346 monasteriorum

312 2357 558 2401 Monialium
578 2359 711 2401 Tertii
729 2359 896 2401 Ordinis
909 2364 949 2403 S.
964 2360 1182 2409 Franciici,
1195 2365 1330 2414 Capu·

313 2418 503 2460 cinarum
517 2429 843 2472 nuncupatarum
858 2446 871 2469 ,
898 2420 1091 2462 Lucernae
1102 2448 1115 2470 ,
1142 2420 1300 2463 Uraniae
1313 2447 1329 2471 ,

319 2476 501 2527 stanni,
533 2477 681 2531 Tugii,
709 2477 897 2533 Friburgi
931 2478 1077 2519 Nuith.
1104 2477 1326 2529 Solodori‚

315 2534 581 2588 Appenzellae
599 2564 612 2583 ,
627 2534 744 2577 Badae
758 2563 772 2585 ,
801 2539 841 2577 S.
863 2534 996 2577 Mariae
1014 2537 1266 2591 Angelorum
1283 2536 1323 2578 in

317 2591 1328 2649 Tnggio,Neckersegg,Roschachii,Grimenstein

316 2651 596 2702 Wunenstein,
610 2653 849 2703 Altstetten,
865 2652 1332 2710 Eniishemii,Seckingae

317 2711 576 2764 oppvdorum
601 2710 878 2755 Constantieu.
895 2739 908 2759 ,
926 2713 1147 2756 Lausanen.
1172 2716 1209 2755 δι
1226 2713 1330 2756 Bali-

315 2767 436 2811 ieens.
465 2768 683 2818 respefflve
712 2766 947 2815 Dioecesfim
975 2772 1013 2814 in
1043 2772 1266 2823 Helvetia,
1289 2773 1330 2814 δε

254 2882 257 2887 Γ
316 2837 435 2869 extra
450 2828 725 2878 existentium,
738 2829 774 2869 in
787 2827 930 2883 quibus
944 2831 1054 2873 aliud
1071 2832 1229 2874 Altare
1244 2831 1330 2887 pri·
1376 2845 1378 2847 “

321 2887 567 2944 vilegiatum
584 2902 662 2933 non
688 2887 898 2944 reperitur
912 2887 1138 2934 concessum
1151 2920 1168 2945 ‚
1197 2892 1237 2934 &
1252 2890 1326 2941 in„

1092 3006 1330 3126 Nlo

1086 223 1664 310 Provincia

1399 357 1583 413 qualibet
1612 365 1752 399 earum
1778 350 1894 400 'litum
1911 349 2052 399 Altare
2077 351 2205 414 majus
2232 356 2311 398 hoc
2327 355 2411 412 spe-

1400 416 1492 458 ciali
1508 412 1838 459 donoillustrare
1852 440 1867 462 ,
1889 414 2123 462 auctoritate
2143 415 2272 458 Nobis
2285 417 2309 459 a
2328 418 2410 458 Do-

1400 475 1511 516 mino
1538 472 1687 515 tradita
1705 499 1719 523 ‚
1750 474 1886 527 deque
1902 474 2203 527 omnipotentis
2221 475 2299 517 Dei
2333 473 2410 515 mi-

1399 530 1620 577 sericordia
1634 559 1647 581 ,
1677 544 1722 572 ac
1741 531 1819 571 BB.
1840 531 1977 578 Petri,
2002 531 2042 572 8ι
2057 532 2172 576 Pauli
2188 532 2409 589 Apostolo-

1396 608 1483 637 rum
1511 590 1596 647 ejus
1611 591 1852 631 auc‘toritate
1867 587 2000 631 confisi
2018 617 2031 641 ,
2058 601 2102 632 ut
2118 619 2132 643 ,
2145 593 2409 647 quandocun-

1397 666 1474 708 que
1491 649 1689 694 Sacerdos
1715 647 1857 706 aliquis
1888 648 2106 700 saecularis,
2135 651 2200 692 vel
2227 650 2407 708 cujusvis

1398 709 1565 755 Ordinis
1590 705 1805 762 Regularis
1832 706 1984 749 Missam
2013 706 2305 751 Defunctorum
2332 709 2409 756 in„

1396 771 1463 814 die
1477 766 1890 813 Commemorationis
1916 766 2213 809 Defunstorum
2228 795 2242 819 ,
2266 768 2306 811 δι
2329 769 2410 812 sm-

1394 828 1499 884 gulis
1530 826 1675 873 diebus
1709 825 1813 870 intra
1847 823 1958 870 illius
1987 829 2202 877 octavam,
2232 839 2281 868 ac
2310 824 2409 869 feri&

1394 885 1568 930 secunda
1594 883 1814 939 cujuslibet
1843 884 2134 937 hebdomadae,
2159 899 2238 941 pro
2264 885 2412 928 Anima.

1393 944 1667 1003 cujuscunque
1685 942 1876 984 Monialis
1888 968 1902 992 ,
1920 957 2138 1001 earumque
2154 941 2410 1000 consanguin

1394 1017 1564 1049 neorum
1580 1030 1595 1054 ,
1618 1001 1863 1043 &Affinium
1890 1003 2040 1058 primi,
2067 1005 2106 1049 &
2132 1002 2410 1057 secundigra-¹

1396 1062 1498 1113 dfis,
1525 1075 1683 1105 necnon
1715 1060 1919 1104 dictorum
1958 1061 2297 1107 Monasseriorum
2321 1064 2409 1105 Be-

1394 1119 1647 1168 nefastorum
1661 1148 1675 1172 ,
1701 1133 1786 1175 quae
1802 1122 1894 1162 Deo
1907 1121 1948 1163 in
1962 1122 2174 1166 Charitate
2190 1122 2411 1178 conjuncta

1396 1183 1446 1225 ab
1475 1182 1547 1223 hac
1564 1180 1653 1222 luce
1680 1179 1944 1234 migraverit,
1973 1179 2023 1222 ad
2040 1179 2272 1236 praedictum
2286 1178 2414 1223 Alta-

1395 1255 1438 1283 re
1454 1239 1682 1283 celebrabit
1698 1265 1712 1289 ,
1740 1237 1870 1280 anima
1887 1236 1966 1293 ipsa
1984 1239 2035 1281 de
2051 1238 2243 1282 thesauro
2257 1238 2411 1282 Eccle-

1395 1300 1453 1343 fiae
1477 1312 1550 1355 per
1576 1295 1744 1340 modum
1761 1295 1930 1353 suffragii
1945 1297 2247 1353 Indulgentiam
2264 1299 2409 1347 conse--¹

1393 1369 1540 1417 quatur
1556 1385 1571 1409 ,
1594 1357 1648 1401 ita
1662 1383 1676 1403 ,
1708 1364 1751 1398 ut
1777 1354 1957 1411 ejusdem
1975 1359 2026 1399 D.
2043 1360 2098 1400 Ν.
2116 1356 2209 1413 Jesu
2224 1354 2406 1406 Christi,

1393 1434 1438 1463 ac
1456 1415 1687 1460 Beatiffimae
1702 1413 1881 1469 Virginis
1898 1416 2035 1458 Mariae
2051 1444 2065 1467 ,
2083 1419 2406 1469 sanctorumque

1395 1477 1576 1519 omnium
1592 1473 1747 1518 meritis
1763 1474 1833 1516 fibi
1846 1472 2153 1529 suffragantibus
2168 1475 2192 1518 ὲ
2208 1477 2410 1528 Purgato-

1398 1536 1447 1582 rii
1461 1536 1593 1590 poenis
1607 1534 1830 1580 liberetur,
1849 1532 2138 1586 concedimus,
2162 1534 2203 1574 δι
2219 1532 2413 1588 indulge·

1398 1607 1486 1637 mus
1504 1620 1516 1643 ,
1545 1591 1750 1647 ipsumque
1767 1591 2034 1646 Privilegium
2062 1592 2113 1634 ad
2138 1591 2249 1638 idem
2262 1591 2418 1636 Altare·

1398 1652 1522 1708 majus
1535 1677 1550 1698 ,
1564 1652 1603 1692 δι
1619 1650 1774 1705 reliqua
1790 1649 2027 1692 earumdem
2045 1650 2315 1693 Ecclefiarum
2331 1647 2410 1691 Al-

1397 1714 1502 1756 taria
1528 1710 1595 1752 die
1612 1737 1626 1761 ,
1649 1707 1728 1764 qu&
1743 1708 1917 1763 aliquam
1937 1723 1988 1751 ex
2008 1709 2251 1752 Monialibus
2267 1710 2413 1750 Mona-

1396 1770 1611 1816 steriorum
1634 1766 1911 1824 praedidtorum
1938 1767 1988 1809 ab
2003 1767 2183 1810 humanis
2203 1766 2412 1811 decedere

1397 1828 1621 1885 contigerit
1647 1826 1871 1875 duntaxat,
1894 1825 1961 1868 seu
1986 1835 2171 1884 tempore
2188 1857 2203 1879 ,
2233 1825 2413 1883 quoejus

1397 1888 1571 1933 cadaver
1586 1887 1626 1931 in
1641 1885 1819 1942 qualibet
1847 1899 1894 1928 ex
1917 1885 2031 1927 distis
2049 1886 2241 1930 Ecclefiis
2257 1886 2418 1940 exposi-

1397 1959 1485 1991 tum
1507 1946 1615 1996 erit,
1645 1959 1690 1987 ac
1715 1941 1871 1995 tertia,
1904 1943 2101 2000 septima,
2135 1946 2176 1986 δε
2206 1941 2413 1999 trigefimfi

1397 2007 1484 2063 post
1520 2006 1676 2049 obitum
1714 2002 1858 2046 diebus
1888 2003 2132 2045 austeritate
2159 2005 2199 2046 &
2226 2012 2412 2047 tenore)

1395 2064 1646 2121 praesentium
1661 2061 1920 2104 extendimus
1938 2088 1952 2111 ,
1975 2063 2015 2102 &
2031 2061 2268 2115 ampliamus
2284 2089 2297 2101 .

1456 2126 1503 2166 In
1530 2120 1778 2166 contrarium
1805 2117 2048 2162 facientibus
2064 2132 2145 2162 non
2161 2117 2411 2162 obstantibus

1393 2179 1697 2238 quibuscunque
1726 2207 1738 2219 .
1772 2178 2041 2222 Praesentibus
2074 2177 2126 2220 ad
2153 2176 2413 2234 septennium

1394 2240 1555 2284 tantum
1573 2237 1784 2284 valituris.
1820 2236 2020 2285 Volumus
2037 2245 2178 2281 autem
2194 2265 2207 2288 ,
2239 2246 2284 2279 ut
2308 2249 2413 2291 prae-

1393 2299 1566 2343 sentium
1599 2295 1831 2338 litterarum
1857 2296 2147 2352 transumptis,
2180 2295 2244 2338 seu
2267 2307 2415 2337 exem·

1393 2358 1469 2414 plis
1483 2384 1497 2406 ,
1525 2355 1648 2398 etiam
1663 2353 1855 2410 impreffis
1871 2384 1887 2405 ,
1914 2368 2035 2396 manu
2050 2352 2222 2411 alicujus
2239 2353 2411 2396 Notarii

1391 2415 1540 2474 publici
1556 2413 1785 2469 subscriptis
1802 2441 1818 2465 ,
1849 2414 1887 2455 &
1900 2413 2044 2468 Sigillo
2062 2414 2241 2455 Personae
2267 2414 2306 2456 in
2324 2414 2412 2456 Ec-

1389 2474 1602 2519 clefiastica
1617 2474 1819 2529 dignitate
1833 2472 2057 2515 constitutae
2071 2471 2406 2523 munitis,eadem

1391 2535 1548 2591 prorsus
1575 2531 1674 2574 fides
1701 2531 1946 2574 adhibeatur
1973 2561 1988 2585 ,
2019 2546 2104 2588 quae
2134 2531 2406 2574 adhiberetur

1392 2593 1480 2650 ipfis
1494 2589 1767 2649 praesentibus,
1781 2589 1806 2632 fi
1818 2589 1955 2632 forent
1967 2590 2179 2639 exhibitae,
2195 2590 2257 2633 vel
2274 2590 2412 2632 osten-

1392 2653 1439 2696 sae
1452 2682 1464 2694 .
1499 2654 1653 2694 Datum
1670 2653 1810 2693 Romae
1823 2650 1929 2705 apud
1958 2653 2000 2694 S.
2020 2651 2187 2693 Mariam
2205 2648 2410 2706 Majorem

1391 2712 1463 2754 sub
1477 2709 1644 2753 Annulo
1658 2708 1895 2760 Piscatoris‚
1912 2709 2167 2764 Die1.Apri1.
2183 2718 2404 2752 MDCCXLV·

1391 2768 1656 2822 Pontificatiis
1672 2767 1798 2817 nostri
1820 2769 1944 2811 Anno
1960 2768 2125 2825 quinto.

1808 2887 1864 2932 D.
1888 2883 2016 2930 Card.
2044 2883 2287 2933 Paffloneux·

1433 3055 1682 3124 TA.

393 3218 616 3266 Eptennalem
634 3218 759 3257 Brevis
782 3217 884 3271 hujus
906 3220 1171 3258 renovationem
1186 3217 1281 3261 Ven,
1297 3218 1540 3256 Monasterium
1554 3213 1767 3253 Monialium
1788 3212 1833 3250 ad
1857 3211 2047 3251 S-Annam
2059 3210 2219 3249 Lucerna
2242 3213 2409 3261 procura-

403 3279 435 3303 re
456 3267 627 3314 hucusque
637 3267 830 3311 confirevst,
856 3272 891 3308 Sc
906 3279 1024 3317 perget
1035 3295 1049 3314 ,
1074 3281 1166 3312 tum,
1184 3269 1281 3315 quod
1292 3267 1335 3303 ad
1350 3267 1439 3305 hunc
1463 3267 1565 3304 finem
1579 3266 1665 3302 inter
1678 3262 1793 3300 omnia
1807 3260 2014 3298 Monasteria
2034 3261 2144 3306 magis
2159 3272 2400 3309 opportunum

319 3315 443 3353 existat
462 3344 474 3363 ,
500 3327 594 3361 tum,
620 3319 717 3365 quod
740 3318 908 3364 originale
925 3320 1046 3357 Brevis
1061 3318 1267 3358 conserver;
1292 3317 1335 3353 de
1355 3317 1423 3354 hoc
1441 3326 1554 3352 autem
1578 3322 1771 3356 renovato,
1794 3311 1976 3358 exemplar
2001 3309 2233 3346 authenticum
2259 3310 2405 3348 cuilibet

319 3366 605 3405 Monnsteriorum
625 3370 659 3405 in
678 3367 781 3405 Brevi
802 3367 1029 3417 express'orum
1055 3366 1187 3405 attente
1218 3365 1347 3412 semper
1367 3365 1575 3402 transmittet
1588 3389 1598 3400 .
1626 3359 1856 3409 Privilegium
1876 3369 1993 3399 autem
2013 3357 2056 3400 nd
2080 3357 2211 3399 Altaria
2232 3359 2406 3400 duntaxat

318 3413 448 3465 majora
471 3417 654 3457 rostrielum
668 3417 733 3455 effe
744 3442 757 3461 ,
780 3417 922 3467 seposita
932 3418 1027 3455 omni
1038 3418 1106 3459 alia
1119 3416 1321 3467 quastione,
1343 3415 1541 3454 advertatur
1557 3438 1571 3452 .

2242 3887 2350 3928 Prae:
