2638 4204
355 400 582 447 minandam
600 426 613 449 ,
638 397 678 439 δι
693 410 766 452 pro
781 399 845 442 sua
861 396 995 449 virili,
1009 395 1146 439 divina
1160 396 1367 453 juvante,

357 459 488 518 gratia
516 457 812 513 propagandam
830 486 844 508 ,
871 458 911 499 in
939 454 1140 500 Persidem
1166 457 1223 497 ire
1251 457 1365 510 cupi-

348 529 434 563 —urit
450 548 463 571 ,
491 521 578 559 Nos
598 516 637 557 in
654 517 730 559 Dei
746 515 1018 558 misericordia
1044 515 1084 558 δι
1099 515 1253 557 virtute
1270 528 1364 558 con-

349 578 412 632 ‘fifi
433 607 445 629 ‚
469 576 538 632 qui
555 573 710 617 infirma
728 575 845 632 eligit
861 603 874 626 ,
897 585 940 617 ut
964 571 1087 616 fortia
1109 570 1331 615 confundat
1346 603 1360 626 ,

359 639 400 678 δι
413 637 475 677 cui
490 648 566 676 non
581 633 634 675 est
650 632 815 675 difficile
831 636 869 675 in
884 635 1019 684 paucis
1035 661 1050 682 ‚
1074 641 1144 673 aut
1168 631 1208 673 in
1224 632 1360 674 multis

356 708 501 749 magna
522 691 902 747 operari‚statuimus
922 691 1087 733 illorum
1100 689 1360 733 devotionem

355 754 490 796 nostro
506 749 651 793 affensu
665 751 945 806 comprobare,
961 750 1094 804 eisque
1107 747 1359 804 proficiscen·-

354 813 396 853 di
413 812 453 853 in
469 811 643 854 Nomine
656 808 1036 863 Dominilicentiam
1054 810 1268 863 impartiri,
1281 810 1357 851 hoc

353 872 471 912 etiam
493 869 729 913 Nobilitatis
746 870 839 910 Tuae
861 866 1206 910 commendationi
1234 867 1358 909 tribu·

348 923 495 982 sentes.
529 930 637 981 Deus
665 927 788 983 igitur
804 955 817 977 ‚
839 927 905 982 qui
932 925 1148 968 humilibus
1170 923 1239 965 dat
1266 939 1357 979 gra-

350 989 479 1039 tiam,
506 985 576 1028 det
595 985 653 1027 eis
670 985 851 1040 spiritum
879 984 1115 1026 humilitatis
1139 982 1174 1020 δέ
1197 980 1357 1025 fortitu-

351 1047 460 1088 dinis
475 1074 489 1097 ‚
519 1054 562 1085 ut
576 1043 833 1087 corroborati
848 1043 887 1084 in
902 1042 1088 1083 interiori
1104 1040 1263 1081 homine
1274 1070 1290 1090 ,
1315 1042 1352 1082 &

349 1105 475 1147 solam
494 1103 569 1145 Dei
590 1102 762 1157 gloriam
777 1109 1003 1154 quaerentes
1018 1126 1033 1147 ‚
1046 1098 1200 1139 strenue
1215 1099 1253 1139 in
1269 1113 1348 1139 am·

347 1161 518 1219 pliffima
547 1160 615 1201 illa
633 1159 744 1203 vinea
772 1158 955 1200 laborent
969 1183 983 1206 ‚
1007 1157 1047 1198 δι
1064 1154 1234 1197 frustum
1250 1157 1349 1198 mul·

349 1232 437 1263 tuin
468 1218 635 1260 afferant
661 1219 700 1258 in
726 1214 920 1270 patientia
937 1242 951 1266 ,
977 1215 1118 1268 quibus
1133 1215 1254 1255 etiam
1272 1243 1284 1265 ‚
1311 1225 1355 1258 ut

346 1281 435 1325 Tua
451 1275 652 1318 Nobilitas
678 1276 700 1317 a
719 1274 847 1316 Nobis
859 1273 963 1327 petit
979 1300 993 1323 ‚
1016 1282 1058 1313 ut
1076 1286 1176 1327 opus
1196 1273 1272 1315 Dei
1289 1288 1352 1315 re·

347 1333 409 1378 c'te
423 1364 436 1385 .,
447 1336 485 1375 &
500 1331 677 1373 feliciter
691 1341 811 1384 agant
826 1359 839 1381 ‚
856 1332 895 1371 &
910 1331 1063 1381 verbo,
1079 1344 1198 1385 atque
1211 1345 1351 1372 exem-

336 1395 409 1451 plo
424 1393 575 1433 animas
590 1388 735 1431 multas
756 1388 918 1431 Christo
934 1387 1158 1437 luci-entur,
1177 1390 1349 1431 nostram

339 1449 616 1507 Apostolicam
629 1447 960 1504 Benedictionem
981 1457 1156 1503 paternae
1174 1447 1345 1488 charita-—

336 1512 387 1554 tis
404 1509 539 1551 affeetu
556 1506 828 1562 impartimur.

395 1571 549 1610 Datum
566 1569 705 1607 Romae
719 1564 826 1620 apud
842 1565 1006 1606 Sanaos
1036 1563 1247 1619 Apostolos
1278 1564 1348 1606 sub

337 1627 504 1672 Annulo
518 1624 730 1666 Piscatoris
744 1652 757 1675 ‚
773 1623 840 1665 die
853 1636 975 1664 xxvi.
999 1624 1153 1678 Aprilis
1171 1635 1345 1666 moeni..

283 1727 286 1730 ,
339 1683 607 1728 Pontificatus
622 1682 745 1727 nostri
758 1685 878 1724 Anno
892 1680 1159 1725 duodecimo.

1108 257 1686 346 Provincia

1426 407 1469 440 ut
1486 395 1619 448 infra,
1650 392 1880 452 opportune
1902 394 2112 451 provideri
2140 395 2438 456 summepere-3

1425 456 1625 499 desiderat
1642 485 1654 497 .
1690 459 1774 498 Nos
1791 455 1901 508 pium
1922 468 1968 497 ac
1995 453 2194 497 laudabile
2215 456 2329 510 ipfius
2355 462 2436 503 Mi-

1424 516 1576 559 chaelis
1602 515 1782 569 Adolplii
1807 512 2047 559 desiderium
2074 510 2435 571 hujusmodipluri-

1421 573 1531 615 muni
1563 574 1600 614 in
1629 573 1806 615 Domino
1834 571 2163 615 commendantes
2191 600 2207 621 ‚
2235 571 2435 631 illumque

1422 633 1655 686 specialibus
1669 629 1875 673 favoribus
1890 632 1930 673 &
1944 630 2083 685 gratiis
2097 629 2282 686 prosequi
2299 633 2442 676 volen-

1420 701 1479 733 tes
1494 715 1516 741 ,v
1537 693 1576 731 δι
1601 692 1623 733 ὲ
1637 686 1839 746 quibusvis
1853 692 1928 731 &c.
1958 687 2316 744 supplicationibus
2346 691 2432 746 ejus

1420 749 1579 792 nomine
1593 750 1669 789 &c.
1686 748 1893 800 inclinati,
1928 748 2019 790 Tibi
2038 774 2051 795 ,
2070 758 2117 791 ut
2144 756 2321 805 quatuor
2339 749 2433 792 dieti

1418 809 1581 851 Ordinis
1598 805 1821 862 Religiosos
1837 836 1850 859 ,
1882 820 1980 863 quos
1997 806 2046 849 ad
2074 807 2113 849 id
2127 808 2254 861 magis
2279 807 2434 851 habiles

1417 870 1456 910 δι
1483 868 1651 909 idoneos
1678 867 1715 907 in
1746 866 1922 907 Domino
1949 865 2188 919 judicaveris
2210 894 2225 917 ‚
2256 866 2307 908 ad
2334 880 2436 922 opus

1417 925 1710 980 redemptionis
1747 924 1971 981 hujusmodi
1999 924 2072 966 una
2096 939 2187 966 cum
2217 923 2327 967 dicto
2359 926 2436 968 Mi-

1416 984 1561 1027 chaele
1593 984 1813 1038 Adoipho,
1847 984 1910 1025 seu
1938 984 1986 1025 ab
2004 998 2052 1025 eo
2074 983 2312 1039 deputando
2340 983 2435 1027 mit-

1416 1054 1535 1094 tere,
1569 1044 1655 1098 ipfis
1685 1044 1786 1085 vero
1808 1043 2017 1096 Religioiis
2046 1040 2094 1083 sic
2124 1041 2335 1084 mittendis
2365 1042 2437 1086 iri-s

1414 1101 1558 1146 itinere
1576 1115 1648 1154 pei·
1662 1115 1730 1142 eos
1746 1110 1962 1154 propterea
1976 1098 2185 1152 faciendo,
2200 1114 2333 1157 eiquo,
2366 1101 2433 1143 vel

1415 1172 1539 1202 curru
1566 1157 1647 1200 five
1660 1157 1786 1199 rheda
1813 1157 1899 1206 uti,
1922 1158 2101 1200 libere&
2118 1159 2232 1200 licite
2249 1157 2364 1212 poffis
2395 1161 2435 1202 δε

1417 1216 1552 1259 valeas
1570 1244 1584 1266 ‚
1615 1230 1661 1257 ac
1683 1213 1827 1270 poffint
1852 1216 1890 1255 &
1929 1214 2092 1257 valeant
2117 1245 2132 1267 ‚
2163 1217 2432 1270 Apostolica..

1415 1275 1655 1317 auctoritate
1670 1299 1683 1320 a
1719 1281 1859 1315 tenore
1879 1272 2148 1327 praesentium,
2169 1273 2375 1316 licentiam
2389 1278 2430 1319 δε

1415 1332 1651 1375 facultatem
1677 1331 1938 1373 concedimus
1958 1331 2266 1388 &impertimur
2286 1362 2298 1374 .
2332 1337 2429 1378 Non

1410 1391 1653 1434 obstantibus
1668 1389 2033 1433 constitutionibus
2051 1419 2065 1441 ,
2090 1393 2130 1433 δι
2143 1389 2429 1435 Ordinationi-

1411 1449 1483 1493 bus
1511 1449 1755 1505 Apostolicis
1770 1477 1784 1499 ,
1816 1450 1997 1505 dictique
2011 1449 2178 1493 Ordinis
2192 1490 2195 1493 ,
2207 1450 2331 1493 etiam
2346 1453 2428 1494 &e-

1410 1507 1612 1550 roboratis
1628 1507 1781 1550 statutis
1794 1536 1808 1559 ‚
1839 1510 1876 1549 &
1894 1507 2246 1552 consuetudinibus
2262 1537 2277 1559 ,
2307 1520 2429 1557 caete,-

1410 1564 1540 1621 risque
1555 1566 1769 1609 contrariis
1791 1563 2105 1622 quibuscumque
2124 1598 2132 1607 .
2169 1569 2317 1608 Datum
2337 1570 2427 1610 Ro-

1408 1639 1479 1666 mae
1501 1625 1604 1679 apud
1622 1629 1662 1668 S.
1678 1627 1848 1667 Petrum
1862 1623 1930 1668 sub
1948 1626 2108 1668 Annulo
2125 1625 2339 1670 piscatoris
2355 1625 2426 1670 die

1406 1685 1642 1739 xv-Januarii
1659 1697 1857 1727 Mncxxvi
1873 1698 1904 1727 i.
1919 1684 2184 1728 Pontificatus
2201 1683 2323 1728 nostri
2338 1685 2425 1727 An-

1346 1750 1349 1752 *
1411 1757 1463 1787 no
1478 1752 1624 1798 quarto
1638 1772 1650 1785 .

315 1840 321 1844 .
394 1808 454 1847 Ex
470 1802 642 1847 Archivo
647 1800 797 1858 secreto
818 1801 997 1842 Vaticano
1013 1798 1350 1855 RegestAErcvium

453 1862 502 1903 ad
523 1861 731 1914 Principes
758 1858 878 1915 mens?
888 1858 937 1907 θ’
962 1862 1056 1902 anni
1065 1856 1350 1915 predilfforum

440 1918 524 1977 fol.
547 1931 637 1967 ¹50·
658 1920 684 1960 d
709 1927 819 1974 tergo
835 1944 850 1959 .

341 2055 573 2071 Ἀ*

336 2155 553 2209 Michaeli
573 2152 824 2221 Adolpho3
850 2153 1027 2204 Comiti
1044 2152 1101 2201 de
1124 2154 1349 2210 Althann,

402 2243 487 2294 pro
509 2226 687 2274 intento
708 2223 1054 2291 Redemptionis
1083 2223 1347 2272 Fidenam„

398 2296 482 2346 sub
514 2293 734 2344 servitute
754 2295 1017 2344 Turcarum
1046 2293 1338 2343 detentorum

399 2382 535 2426 opere
555 2379 782 2434 ,quatuor
815 2369 994 2418 Fratres
1024 2367 1069 2423 iri
1100 2362 1346 2414 subsidium

397 2435 552 2489 mitti,
589 2438 638 2485 P.
659 2432 901 2491 Ministro,
916 2422 994 2483 seii
1006 2438 1055 2484 P.
1076 2437 1345 2484 Procurato-

399 2507 441 2558 ri
452 2531 472 2543 -
485 2503 786 2556 Generalibus
817 2504 1013 2574 injungit
1028 2538 1041 2554 .

330 2647 367 2690 Α
383 2652 499 2699 tergo
511 2658 524 2685 ε
563 2642 713 2686 bilem
729 2643 846 2693 Filio,
864 2640 1048 2688 Ministro
1064 2643 1250 2684 Generalt'
1267 2646 1342 2685 Or·

374 2702 475 2746 dinis
502 2705 697 2746 Fratrum
714 2704 915 2743 Mt'norum
941 2705 982 2740 s.
999 2699 1202 2758 Francisci
1222 2704 1299 2743 Ca-

398 2765 628 2818 puct‘norum
655 2769 966 2812 nuncupatorum
980 2787 993 2810 ,
1010 2759 1087 2817 stu
1101 2759 1266 2816 ejusdem

444 2820 601 2862 ordinis.
638 2820 890 2860 Procuratori
925 2817 974 2864 θ’
1000 2817 1222 2876 Commffz-

429 2875 431 2881 ’
678 2875 741 2919 rio
770 2877 984 2919 Generati.

246 2975 250 2982 ⁹
329 2996 805 3050 URBANUS
877 2996 1094 3044 PAPA
1147 2995 1338 3044 v111.

412 3131 568 3180 Dileffi
580 3132 665 3179 Fili
678 3162 691 3183 ,
707 3132 883 3189 fhlutem
899 3162 914 3185 ,
939 3133 985 3181 (5
1012 3133 1267 3193 Apostolicam

687 3190 984 3235 benedibtiomm
994 3222 1007 3234 .
1157 3187 1161 3197 '

439 3325 578 3378 Xponi
596 3323 723 3366 Nobis
745 3336 874 3378 nuper
889 3321 986 3365 fecit
1003 3322 1173 3365 dilectus
1192 3320 1334 3372 Filius,

457 3383 631 3426 Michael
647 3382 888 3437 Adolphus‚
918 3386 1067 3424 Comes
1094 3382 1145 3423 de
1163 3382 1334 3430 Althan,

325 3442 435 3499 quod
460 3442 541 3498 ipse
562 3440 895 3486 christifidelium
921 3438 992 3482 sub
1017 3439 1157 3486 misera
1178 3443 1334 3483 ‘surca-

325 3515 415 3544 rum
442 3500 632 3543 servitute
646 3502 909 3545 detentorum
935 3498 1050 3541 statui
1070 3500 1135 3554 pio
1156 3499 1335 3542 charita·

326 3560 380 3602 tis
393 3559 533 3602 affectu
548 3562 795 3615 compatiens
810 3587 824 3608 ‚
842 3573 886 3602 ac
904 3559 1067 3602 illorum
1081 3556 1332 3613 redemptio-

326 3621 386 3662 nis
400 3632 501 3674 opus
521 3632 763 3672 promovere
788 3617 1017 3661 defiderans
1032 3647 1048 3669 ,
1079 3619 1158 3675 quo
1183 3618 1223 3659 id
1253 3630 1334 3658 nie-

324 3677 400 3722 lius
423 3688 545 3734 atque*
568 3677 767 3721 efficacius
792 3678 938 3733 exequi
966 3677 1127 3725 valeat,
1158 3686 1331 3733 quatuor

322 3739 380 3780 tui
396 3736 559 3779 Ordinis
582 3739 766 3780 Fratrum
783 3739 987 3780 Minoi-um
1006 3736 1135 3780 Sancti
1153 3738 1332 3783 Francis.

319 3797 360 3839 ci
374 3798 676 3852 Capucinorum
692 3806 1013 3851 nuncupatorum
1031 3793 1258 3850 Religiosos
1279 3800 1333 3843 se..

322 3869 415 3900 cum
430 3856 606 3906 habere,
634 3856 674 3899 &
694 3864 909 3911 propterea
924 3868 998 3911 per
1022 3859 1107 3912 Nos
1130 3853 1299 3910 desuper
1315 3887 1330 3911 ,
1355 3878 1358 3882 Δ

1930 1864 1990 1905 Μ.
2005 1865 2055 1906 A.
2073 1863 2296 1907 Maraldus.

1396 2043 1398 2045 ι
1469 1977 1773 2034 Autograpb.1‘n
1791 1979 2059 2022 Aah-sura.
2077 1983 2261 2023 Brevium
2279 1979 2414 2037 Apost-

1526 2041 1620 2092 ch.
1636 2035 1754 2095 metis:
1767 2037 1821 2087 ὠ·
1832 2042 1929 2079 anni
1939 2042 2069 2094 praed.
2081 2037 2161 2097 fol.
2179 2052 2220 2087 5.

2186 2176 2422 2194 ——

1409 2175 1586 2191 -u———fl-fl

1408 2274 1489 2323 SS.
1507 2269 1739 2335 Reliquias
1757 2303 1772 2325 ,
1786 2270 1812 2317 a
1831 2273 2007 2337 Mathia
2024 2275 2310 2338 Imperatore
2325 2306 2342 2329 ,
2371 2273 2423 2326 <sc

1478 2345 1613 2391 Anna
1627 2345 1718 2402 ejus
1737 2342 1967 2409 Conjuge,
1986 2343 2184 2408 Capellae
2201 2339 2419 2393 Caesa'reae

1477 2413 1523 2459 in
1548 2409 1743 2458 Ecclesia
1769 2413 1981 2460 Fratrum
2005 2411 2263 2461 nostrorum
2281 2416 2421 2463 Vien-

1475 2499 1541 2528 nae
1570 2478 1661 2528 sitae
1691 2481 1878 2529 donatas
1904 2517 1919 2539 ,
1959 2481 2144 2531 instante
2173 2483 2420 2533 perditum-¹

1470 2550 1721 2618 d0,pariter
1734 2554 2125 2620 Imperatore,reci
2130 2555 2175 2620 pi
2193 2553 2419 2605 concedit.

1454 2682 1884 2737 URBANUS
1937 2685 2161 2733 PAPA
2209 2685 2364 2732 VIII.

1482 2808 1633 2852 Dilein
1661 2809 1759 2851 Filii
1773 2810 1946 2865 salutem
1959 2839 1974 2860 ,
2007 2809 2055 2857 ω’
2072 2807 2329 2868 Apostolicam

1748 2867 2065 2913 Benediffionem.

1516 2977 1624 3025 Um,
1659 2974 1756 3018 ficut
1785 2991 1910 3033 nuper
1933 2976 2078 3019 Vestro
2106 2976 2412 3023 nomineNobis

1531 3036 1752 3087 expositum
1782 3037 1885 3086 fuit,
1916 3035 2013 3077 alitis
2043 3035 2140 3078 clar.
2174 3050 2296 3078 mem.
2327 3040 2414 3080 Ma-

1399 3099 1504 3141 tliiiis
1522 3123 1535 3144 ‚
1555 3093 1833 3135 Romanorum
1863 3095 1951 3138 Rex
1973 3121 1987 3143 a
2021 3094 2059 3135 in
2077 3096 2415 3149 Imperatorem.)

1397 3153 1550 3195 eiectus
1566 3183 1584 3205 ,
1616 3152 1656 3193 &
1670 3152 1818 3195 deinde
1837 3152 1978 3194 similis
1995 3166 2114 3194 mem.
2130 3155 2249 3197 Anna
2263 3182 2278 3204 ‚
2302 3152 2412 3195 illius

1396 3224 1497 3252 uxor
1514 3209 1538 3263 ‚'
1555 3214 1651 3253 dum
1672 3211 1861 3254 viverent
1881 3241 1895 3263 ,
1925 3211 2136 3254 nonnullas
2155 3215 2407 3262 Sannorum,

1394 3271 1434 3312 δε
1452 3274 1686 3313 δευᾶαιύω
1712 3268 1907 3313 sacrarum
1924 3270 2202 3325 Reliquiarum
2228 3270 2412 3327 partica-g

1395 3327 1483 3379 las,
1514 3343 1609 3386 quas
1637 3328 1739 3384 apud
1757 3327 1795 3372 se
1821 3329 2003 3383 legitime
2018 3330 2215 3375 habebant
2231 3357 2245 3380 ,
2278 3328 2407 3370 Vobis

1395 3389 1435 3428 δι
1451 3388 1634 3431 Ecclefiae
1649 3386 1797 3438 vestm,
1811 3387 1860 3429 ad
1874 3387 2055 3429 effeetum
2074 3402 2139 3429 eas
2156 3388 2196 3429 in
2211 3385 2400 3441 Capella,
2485 3416 2487 3418 -

1395 3442 1575 3490 Caesarea
1589 3454 1816 3500 nuncupata
1835 3473 1849 3495 ,
1882 3445 1920 3487 in
1936 3445 2080 3487 eadem
2097 3444 2274 3488 Ecclefia
2301 3447 2371 3486 fita
2383 3473 2400 3496 ,

1393 3503 1912 3549 collocandidonaverint,
1944 3503 1984 3544 ἃ
2010 3502 2402 3558 affignaverint,seu

1392 3563 1532 3607 donari
1559 3565 1599 3605 δι
1622 3560 1802 3615 affignari
1831 3561 2063 3611 voluerint,
2093 3562 2259 3619 illasque
2277 3576 2401 3619 prop-

1392 3633 1506 3666 terea
1533 3621 1585 3664 ad
1611 3619 1794 3664 effectum
1825 3621 2055 3676 praedifium
2083 3622 2264 3676 recipere
2294 3620 2399 3676 poste

1393 3681 1643 3736 summopere
1656 3678 1891 3722 defideretis
1904 3708 1917 3720 .
1935 3682 2018 3721 Nos
2035 3678 2248 3734 specialem
2265 3680 2393 3722 Vobis

1392 3740 1563 3796 gratiam
1587 3736 1718 3781 facere
1735 3738 1914 3782 volentes
1930 3766 1945 3788 ,
1976 3739 2015 3782 ὃς
2040 3737 2208 3782 vestrum
2229 3738 2398 3795 singula-

1391 3813 1454 3842 res
1478 3801 1662 3854 personas
1679 3801 1699 3838 ἑ
1713 3795 1914 3852 quibusvis
1937 3796 2390 3848 excommunicationis,

1388 3855 1643 3915 suspenfionis
1657 3858 1696 3900 &
1711 3855 1909 3901 interdicti
1924 3884 1939 3909 ‚
1969 3856 2133 3913 aliifflue
2155 3853 2394 3921 ecclesiasti-

2279 3927 2337 3957 cis
