2638 4204
414 272 580 382 318

345 408 422 455 Fr.
440 391 886 465 EusebioJuliaeenfi
901 427 915 451 ,
933 388 1209 440 Sereniffimi
1227 389 1348 437 Prin.

413 477 524 542 cipis
560 465 779 519 Electoris
814 462 1003 511 Palatini
1042 460 1351 510 Concionato.

416 546 457 593 ri
488 542 575 594 διε.
603 532 781 599 ejusque
816 528 939 579 socio
966 531 1185 582 nonnulla
1213 528 1350 596 privi-

416 615 534 681 legia
561 605 759 674 largitur
776 636 788 649 .

401 732 891 788 INNOCENTlUs
963 732 1015 780 P.
1045 730 1098 778 P.
1168 730 1292 781 XII.

431 862 591 907 Dileble
616 861 699 906 Fili
712 861 919 920 salutem,
947 858 995 906 ὅ·
1012 855 1267 915 qustozicam

663 917 982 963 Benediflionem.

465 1036 664 1094 Eligionis
683 1037 795 1081 zelus
814 1066 831 1087 ‚
854 1035 970 1082 vitat,
995 1035 1036 1076 &
1054 1046 1212 1076 morum
1229 1031 1354 1073 hone-

493 1098 592 1145 stas,
618 1097 775 1153 aliaque
806 1091 1022 1136 laudabilia
1041 1091 1285 1148 probitatis,
1314 1089 1355 1130 δι

342 1161 541 1201 virtutum
559 1155 704 1198 merita
718 1181 734 1203 ,
759 1153 872 1209 super
885 1152 1027 1209 quibus
1053 1151 1158 1207 apud
1176 1153 1260 1193 Nos
1275 1147 1354 1190 fide

340 1217 466 1271 digno
480 1212 774 1257 commendaris
790 1211 1128 1262 testimonio,Nos
1141 1209 1354 1258 inducunt,

340 1286 387 1318 ut
415 1284 455 1316 te
484 1271 759 1328 spiritualibus
782 1266 1021 1320 favoribus,
1046 1270 1086 1310 ἃ.
1104 1267 1243 1325 gratiis
1262 1279 1354 1320 pro-

339 1333 552 1388 sequamur
567 1359 578 1370 .
612 1334 755 1385 Nuper
773 1329 961 1385 siquidem
979 1342 1052 1382 pro
1079 1337 1196 1382 parte
1215 1322 1356 1368 dilecti
1380 1368 1382 1370 r

337 1392 445 1442 Pilii,
463 1388 622 1433 Nobilis
635 1389 723 1431 Viri
737 1415 751 1438 ,
765 1388 922 1445 Joannis
936 1386 1165 1436 Wilhelmi,
1182 1383 1356 1428 Comitis

337 1448 515 1492 Palatini
534 1448 696 1499 Rheni,
728 1453 768 1490 8.
784 1449 836 1488 R.
853 1446 1018 1501 Imperii
1043 1444 1241 1499 Principis
1258 1441 1354 1485 Ele-

338 1508 460 1550 &oris
476 1505 876 1560 Heidelberg.Nobis
891 1502 1115 1560 expositum
1132 1500 1356 1557 fuit,quod,

344 1580 438 1610 cum
464 1565 632 1606 dilectus
659 1563 761 1605 filius
788 1564 1006 1606 modernus
1023 1562 1206 1604 Minister
1218 1563 1356 1603 Gene-

340 1625 458 1675 ralis,
475 1621 645 1665 Ordinis
664 1625 850 1664 Fratrum
870 1620 1071 1664 Minorum
1097 1624 1138 1663 S.
1155 1614 1355 1661 Francisci

344 1681 651 1738 Capucinorum
675 1688 996 1731 nuncupatorum
1014 1677 1138 1727 Tibi,
1163 1676 1231 1731 qui
1255 1677 1355 1717 Fra-

346 1752 413 1785 ter
440 1736 622 1795 expresse
654 1735 858 1781 Professus
888 1735 1111 1779 Provinciae
1128 1734 1351 1777 Colonien.

345 1800 443 1842 dieti
457 1798 644 1847 Ordinis,
660 1810 704 1839 ac
722 1798 756 1838 in
776 1795 883 1838 sacro
897 1791 1208 1847 presbyteratus
1224 1791 1353 1834 Ordi-

343 1872 396 1904 ne
416 1857 681 1905 constitutus,
713 1867 873 1896 necnon
892 1852 1007 1895 verbi
1024 1854 1100 1894 Dei
1119 1850 1352 1894 Conciona-

343 1927 411 1960 tor
437 1914 597 1964 existis,
622 1913 830 1955 licentiam
860 1911 1122 1967 permanendi
1155 1910 1194 1952 in
1213 1907 1352 1950 Aula...

342 1974 518 2032 ejusdem
541 1971 705 2030 Joannis
730 1969 939 2014 Wilhelmi
966 1969 1162 2024 Principis
1189 1967 1352 2010 Electo-

345 2037 429 2084 ris,
460 2043 662 2085 tamquam
696 2030 800 2071 illius
831 2028 1037 2071 ordinario
1059 2026 1352 2070 Concionatori

346 2091 586 2134 concesserit
607 2117 619 2138 ,
644 2088 851 2142 praedifiius
873 2088 1048 2142 Joannes
1076 2083 1320 2128 Wilhelmus
1338 2111 1352 2134 ,

339 2151 534 2202 Princeps
563 2147 728 2188 Elector
755 2175 770 2198 ,
802 2144 927 2200 operfi
953 2144 1022 2188 tua
1049 2172 1064 2195 ,
1089 2158 1207 2201 quam
1231 2139 1352 2184 saluti

340 2207 582 2252 Animarum
605 2232 620 2254 ,
649 2218 806 2247 necnon
833 2206 1126 2246 Haereticorum
1158 2202 1206 2245 ad
1235 2199 1352 2243 Fidei

342 2264 568 2310 Catholicae
584 2263 794 2305 veritatem
810 2262 1060 2304 conversioni
1074 2261 1190 2304 valde
1204 2259 1351 2301 utilem

342 2326 535 2373 haetenus
552 2331 742 2376 expertus
760 2320 861 2371 fuit,
884 2323 966 2375 quo
993 2320 1145 2363 diutius
1172 2333 1217 2361 ac
1247 2318 1350 2360 libe-

346 2384 434 2427 rius
451 2380 537 2422 fieri
553 2378 665 2434 poffit
687 2410 700 2431 ,
712 2379 772 2421 uti
787 2377 892 2435 posse
907 2378 1122 2435 plurimum
1136 2376 1349 2421 desiderat.

348 2441 481 2486 Nobis
510 2447 723 2493 propterea
749 2438 953 2480 humiliter
987 2438 1200 2493 supplicari
1225 2431 1350 2487 fecit,

345 2512 389 2543 ut
418 2498 485 2540 sibi
511 2498 548 2538 in
569 2495 766 2551 praemiffis
781 2496 1011 2551 opportune
1027 2496 1242 2552 providere
1261 2524 1273 2547 ,
1288 2498 1324 2537 &
1337 2522 1353 2545 ,

346 2568 393 2601 ut
407 2553 509 2599 infra
525 2583 538 2606 ,
564 2554 775 2609 indulgere
790 2556 840 2597 de
854 2556 1105 2609 benignitate
1121 2553 1353 2611 Apostolica

346 2618 626 2672 dignaremur.

408 2678 494 2716 Nos
523 2672 643 2726 igitur
661 2673 743 2719 Te,
773 2687 818 2715 ac
839 2675 1036 2728 Joannem
1057 2672 1350 2716 Wilhelmum

345 2733 576 2787 Principem
594 2731 830 2784 specialibus
845 2730 1243 2786 favoribus&gratiis
1260 2743 1352 2785 pro·

348 2790 460 2846 sequi
490 2789 673 2832 volentes
695 2791 771 2831 &c-
798 2788 1036 2832 absolvimus
1052 2817 1066 2840 ,
1091 2791 1130 2831 &
1150 2783 1362 2831 absolutos

346 2845 438 2892 fore
465 2848 697 2897 censemus,
723 2861 895 2904 quorum
922 2847 1274 2903 supplicationibus
1295 2847 1355 2889 in·

349 2908 491 2952 clinati
515 2907 634 2958 Tibi,
659 2921 704 2949 ac
730 2921 805 2961 pro
836 2917 1017 2963 tempore
1048 2906 1230 2949 existenti
1251 2905 1358 2948 socio

348 2968 515 3009 Ordinis
533 2966 689 3022 praefati
704 2962 919 3021 professori
940 2995 953 3018 ,
979 2977 1023 3008 ut
1048 2966 1097 3008 ad
1115 2965 1358 3009 biennium,

347 3025 507 3067 tantum
541 3026 593 3066 de
624 3025 884 3080 superiorum
931 3025 1154 3067 vestrorum
1195 3021 1360 3065 licentia

349 3083 459 3139 apud
497 3082 650 3125 dietum
687 3086 876 3142 Joannem
902 3083 1163 3125 Wilhelmum
1198 3080 1357 3128 Princi-

349 3157 441 3198 pem
468 3142 545 3182 διε.
574 3155 842 3196 permanere,
874 3155 917 3182 ac
954 3142 992 3184 in
1020 3142 1357 3198 quibuscunque,

348 3202 453 3245 locis
470 3228 484 3251 ,
515 3199 553 3241 in
569 3201 711 3255 quibus
729 3202 972 3243 Conventus
988 3200 1083 3244 dicti
1097 3201 1262 3244 Ordinis
1277 3213 1357 3242 non

351 3259 618 3302 invenientur
634 3260 697 3310 ,in
717 3258 828 3315 ipsius
844 3262 907 3316 Jo:
923 3260 1133 3302 Wilhelmi
1155 3256 1358 3313 Principis

348 3317 535 3368 Palatio,
560 3316 625 3359 seu
655 3317 848 3370 decenti,
874 3320 913 3360 δι
936 3321 1114 3374 proxima
1131 3322 1264 3362 Domo
1288 3316 1360 3358 de·

351 3391 449 3431 gere
464 3404 477 3427 ,
501 3378 540 3418 &
555 3376 822 3429 commorari,
846 3378 900 3420 ita
918 3388 1049 3420 tamen
1065 3408 1080 3429 ,
1109 3387 1152 3420 ut
1176 3376 1360 3433 quando-

353 3449 539 3491 cunque,
565 3437 691 3478 etiam
717 3435 891 3479 durante
907 3436 1072 3479 biennio
1087 3434 1359 3493 hujusmodi,i

352 3495 639 3549 Superioribus
652 3494 787 3537 vestris
802 3495 850 3538 ad
865 3495 1034 3538 claustra
1047 3498 1181 3538 vocari
1194 3493 1359 3550 possitis,

352 3556 391 3598 &
421 3554 572 3596 interea
603 3565 873 3597 memoratum
886 3556 1082 3610 Joannem
1098 3554 1361 3598 Wilhelmum

353 3613 574 3656 comitandi
601 3615 762 3669 gratia,
788 3614 884 3655 dum
912 3614 993 3656 iter
1008 3612 1176 3666 fecerit,
1202 3611 1362 3669 quoties

355 3685 458 3727 opus
489 3669 637 3723 fuerit,
666 3672 816 3724 rheda,
847 3673 912 3715 seu
938 3671 1020 3715 alio
1048 3672 1241 3715 vehiculo
1269 3670 1362 3715 vehi

355 3730 486 3774 libere
507 3757 520 3779 ,
546 3732 581 3770 &
610 3731 724 3773 licite
746 3732 892 3788 absque
913 3733 1033 3774 ullius
1049 3728 1162 3789 paena·
1175 3746 1250 3786 per
1263 3745 1361 3772 con-

357 3790 581 3834 stitutiones
596 3789 761 3832 Ordinis
792 3790 943 3847 praefati
964 3790 1274 3848 quomodolibet
1295 3792 1367 3832 im·

358 3849 492 3907 pofitae
510 3846 667 3892 incursu
682 3849 859 3907 possitis,
875 3853 912 3894 &
929 3851 1116 3910 valeatiS,
1131 3853 1170 3894 &
1185 3851 1361 3901 vestrum

1069 255 1660 344 Provincia

1407 387 1578 444 quilibet
1596 383 1709 442 poffit
1722 409 1737 432 ‚
1768 384 1806 425 δε
1826 379 2417 438 νι]ειῑ,ΑυᾶοτίίιίεΑροηο.

1409 449 1486 491 lica
1514 457 1659 487 tenore
1687 444 1941 499 praelentium
1969 438 2253 491 concedimus,
2287 443 2326 483 ἃ,
2352 444 2419 484 jn-

1411 504 1626 559 dulgemus
1649 533 1661 544 .
1697 506 1790 543 Non
1814 498 2064 542 obstantibus
2095 497 2295 552 praemislis
2322 529 2336 552 ,
2366 514 2414 542 ae

1411 562 1781 607 constitutionibus
1799 588 1812 610 ,
1835 560 1875 599 δι
1890 556 2228 599 ordinationibus
2248 557 2416 610 Aposto-

1411 623 1498 666 licis
1510 625 1586 664 &c.
1622 625 1772 662 Datum
1793 621 1929 658 Romae
1951 616 2055 670 apud
2089 618 2125 656 S
2142 613 2311 657 Mariam
2335 618 2416 659 Μι.

1412 681 1539 738 jurem
1555 679 1624 723 sub
1639 677 1803 720 Annulo
1819 672 2060 723 piscatoris,
2092 672 2157 715 die
2189 684 2306 714 xxiv.
2324 675 2415 729 Sep.

1413 739 1579 783 tembris
1613 753 1646 780 M
1663 750 1725 778 nc
1742 748 1800 778 xc
1816 748 1853 778 v.
1883 731 2157 777 Pontificatus
2198 729 2318 774 nostri
2341 733 2417 777 An·

1413 812 1466 842 no
1490 806 1635 855 quarto
1649 823 1662 837 .

1852 913 1888 968 J.
1905 913 1950 955 1³.
1969 908 2094 955 Card.
2110 909 2309 953 Albanus,

1475 1038 1619 1087 Autog.
1649 1032 1692 1073 sn
1705 1032 1847 1073 secret.
1864 1034 1979 1073 Brev.
1999 1028 2131 1087 Apost.
2144 1025 2288 1085 regesto
2302 1024 2420 1084 mens:

1527 1092 1574 1140 ὅ
1593 1095 1687 1132 anni
1707 1089 1834 1144 praed.
1862 1088 1908 1147 f
1926 1102 2022 1144 233.

1419 1335 1487 1381 Ex
1515 1324 1713 1377 Ecclesia
1730 1325 2008 1374 Monialium
2044 1325 2090 1373 S.
2114 1320 2298 1377 Ursulae
2327 1326 2422 1374 Cos

1486 1399 1615 1449 loniae
1647 1400 1804 1446 Sacras
1837 1394 2077 1461 Reliquias
2112 1393 2293 1443 extrahi
2324 1429 2340 1453 ,
2375 1391 2427 1444 &

1484 1471 1528 1518 in
1560 1464 1767 1516 Ecclefiis
1797 1463 2059 1513 nostrorum
2087 1467 2303 1513 Fratrum
2335 1464 2428 1513 col·

1485 1539 1661 1594 locari,
1692 1532 2050 1603 Archiepiscopo
2064 1536 2308 1585 Colonien.
2343 1531 2420 1584 seu

1483 1613 1575 1670 ejus
1590 1607 1779 1658 Vicario
1803 1605 2071 1655 committit.

1411 1738 1447 1780 A
1466 1746 1604 1791 tergo:
1644 1732 1860 1777 Venerabili
1879 1732 2032 1781 Fratri,
2042 1730 2332 1789 Archicpssopo
2350 1733 2422 1774 Co·

1524 1791 1707 1847 lonii-nsi,
1736 1793 1774 1832 S.
1793 1794 1837 1832 R.
1857 1795 1886 1834 l.
1909 1792 2081 1845 Principt‘
2108 1790 2275 1833 Είιὲἶσνὶ
2290 1819 2307 1842 ,

1628 1850 1704 1907 stu
1733 1849 1886 1892 Dilcno
1910 1851 2014 1893 Filio
2038 1847 2207 1906 Offic1'al1‘

1825 1910 2018 1952 Colonien.

1495 2028 1958 2079 CLEMENS
2032 2031 2150 2078 ΡΡ.
2230 2027 2338 2077 XI.

1420 2146 1651 2192 Venerabilis
1677 2148 1851 2197 Frater,
1859 2145 1937 2204 stu
1959 2143 2093 2186 ductile
2120 2140 2206 2187 Fili
2216 2141 2424 2200 salutem,

1585 2206 1637 2254 (9⁸
1657 2202 1908 2260 Apostolicam
1922 2202 2244 2246 Benediffionem.

1531 2324 1613 2367 ΠΜ
1627 2349 1641 2372 ,
1659 2319 1755 2362 sicut
1781 2319 1918 2363 dileni
1933 2319 2022 2363 Filii
2037 2348 2051 2370 ‚
2065 2319 2280 2362 modernus
2296 2314 2420 2359 Mini-

1547 2382 1621 2423 ster
1638 2379 1903 2422 Provincialis
1921 2409 1933 2431 ‚
1960 2380 2000 2419 δι
2019 2381 2181 2420 Fratres
2198 2373 2426 2419 Provinciae

1411 2439 1691 2489 Coloniensis,
1715 2438 1878 2480 Ordinis
1905 2437 2107 2480 Minoi-um
2149 2439 2189 2478 8.
2222 2431 2426 2476 Francisci

1413 2499 1712 2555 Capucinorum
1742 2506 2065 2551 nuncupatorum
2087 2524 2102 2547 ,
2129 2493 2259 2537 Nobis
2290 2503 2423 2545 nuper

1415 2557 1562 2614 exponi
1576 2552 2240 2606 fecerunt,inEcclefiaMonasterii
2260 2550 2424 2593 Monia·

1413 2618 1509 2660 lium
1525 2614 1721 2658 S-Ursulae
1732 2614 2228 2657 istiuscivitatisColonie.
2241 2607 2424 2663 eiusdem

1412 2673 1611 2719 §.Ursulae
1623 2676 1658 2715 &
1672 2671 1755 2727 ejus
1772 2674 1982 2716 Sociarum
2003 2670 2257 2727 Reliquiae,ut
2274 2667 2338 2723 pie
2353 2679 2425 2708 cre

1413 2731 2226 2787 ditur,asserventur,ipfiqueExponentes
2245 2725 2427 2781 particu-

1416 2794 1474 2836 las
1491 2791 1725 2836 earumdem
1746 2791 2029 2846 Reliquiarum
2050 2787 2144 2830 inde
2167 2786 2389 2829 extrahere
2404 2811 2420 2835 ‚

1417 2852 1583 2907 illasque
1599 2853 1636 2892 in
1652 2862 1796 2891 eorum
1809 2848 1994 2891 Ecclefiis
2007 2848 2202 2890 decenter
2217 2843 2424 2886 collocare

1419 2909 1524 2965 posse
1540 2908 1759 2966 plurimum
1774 2907 2028 2953 defiderent;
2055 2906 2210 2950 Verum
2223 2917 2297 2958 per
2309 2899 2422 2957 quas2

1418 2970 1512 3012 darn
1528 2970 1691 3012 litteras
1706 2966 1956 3021 Apostolicas
1969 2995 1984 3018 ,
2015 2965 2085 3008 sub
2099 2964 2222 3007 certis
2239 2959 2427 3004 ibidem..-

1419 3027 1606 3085 expressis
1631 3026 1763 3082 poenis
1793 3026 2041 3080 prohibitum
2071 3023 2301 3078 reperiatur
2326 3047 2341 3071 ,
2376 3031 2427 3060 ne

1419 3087 1597 3144 reliquiae
1622 3083 1817 3142 praedietae
1829 3098 1879 3128 ex
1894 3081 2130 3139 primodic'ia
2151 3077 2330 3123 Ecclesia
2355 3090 2430 3119 ex-

1418 3149 1663 3190 trahantur.
1696 3144 1827 3186 Nobis
1853 3151 2072 3198 propterea
2097 3140 2191 3182 dieti
2213 3141 2428 3192 Exponen-

1419 3218 1480 3249 tes
1498 3203 1705 3248 humiliter
1719 3200 1933 3259 supplicari
1961 3199 2144 3243 fecerunt
2159 3229 2175 3250 ,
2204 3209 2250 3241 ut
2269 3197 2338 3238 sibi
2354 3195 2424 3238 in.»

1420 3262 1622 3323 praemislis
1636 3262 1867 3317 opportune
1883 3260 2101 3317 providere
2117 3287 2130 3310 ,
2151 3260 2191 3299 &
2204 3287 2218 3308 ,
2237 3267 2284 3300 ut
2299 3251 2422 3298 infru

1418 3322 1630 3377 indulgere
1657 3320 1709 3364 de
1739 3321 1997 3376 Benignitate
2023 3316 2258 3375 Apostolica
2288 3312 2423 3367 digna·

1420 3396 1553 3427 remur
1568 3410 1579 3421 .
2310 3392 2326 3401 =

1479 3445 1565 3485 Nos
1580 3441 1702 3498 igitur
1716 3437 1817 3495 ipsos
1833 3439 2095 3495 Exponentes
2109 3427 2424 3493 specialibus&c·

1422 3500 1609 3545 volentes
1626 3527 1641 3551 ,
1653 3500 1843 3540 &eorum
1857 3497 2076 3551 singulares
2092 3493 2276 3551 personas
2295 3489 2317 3531 ὲ
2332 3498 2425 3541 qu!-

1423 3559 1552 3604 busvis
1569 3562 1647 3602 &c-
1662 3557 1890 3607 censentes,
1919 3552 2145 3613 hujusmodi
2163 3545 2426 3611 supplicatio-

1423 3620 1539 3662 nibus
1554 3616 1764 3666 inclinati,
1778 3614 2034 3658 Fraternitati
2052 3610 2308 3659 Tuae,Frater
2328 3607 2426 3660 Epi-

1422 3677 1570 3733 scope,
1592 3674 1662 3719 seu
1678 3672 1922 3717 Dis'cretioni
1948 3682 2051 3723 tuae,
2087 3667 2162 3712 Fili
2194 3663 2389 3710 Officialis
2405 3690 2423 3713 ,

1420 3751 1495 3793 per
1525 3733 1736 3792 praesentes
1763 3731 2054 3775 committimus
2091 3731 2128 3771 &
2157 3726 2388 3771 mandamus
2408 3746 2424 3770 2

1424 3805 1622 3851 quatenus
1637 3822 1652 3845 ,
1667 3790 1773 3835 veris
1790 3791 2051 3834 existentibus
2068 3789 2235 3831 narratis
2249 3816 2262 3839 ,
2276 3783 2424 3828 eisdem

1424 3853 1756 3912 Exponentibus,
1779 3859 1826 3909 ut
1838 3849 1906 3909 ipsi
1929 3848 2211 3906 Reliquiarum
2225 3843 2421 3903 praedie'ta-

2272 3915 2361 3947 rum
