2658 4256
976 250 1535 339 Walloniaei

223 385 540 441 A·Provincia
563 389 828 437 Conventus
855 386 1123 434 Leodienses
1158 385 1217 436 se-

279 473 410 526 parat
426 493 443 515 ,
471 459 552 506 hos
583 461 628 506 in
655 456 942 507 Provinciam
969 458 1137 524 erigit,
1165 475 1216 505 ac

279 529 497 577 articulos
529 544 586 577 ex
618 543 805 592 utraque
834 539 959 594 parte
979 524 1211 590 stipulatos

285 597 552 649 confirmat.

211 727 728 792 CLEMENs
799 725 1028 773 PAPA
1102 722 1206 772 xl.

399 852 669 912 Adfltturam
690 850 750 894 νη·
768 848 1012 891 memoriam.

295 969 525 1014 Acrosancsti
554 962 812 1022 Apostolatt'is
842 965 1019 1007 officium
1040 993 1054 1016 ,
1094 962 1204 1019 quod

319 1027 530 1069 ineffabilis
561 1024 762 1078 sapientiae
786 1051 800 1074 ,
836 1033 956 1079 atque
982 1022 1205 1064 clementia:

201 1086 284 1128 Dei
301 1085 479 1128 altitudo
495 1082 715 1126 humilitati
730 1081 895 1132 nostrae,
920 1079 1077 1122 meritis
1106 1079 1206 1121 licet

197 1144 238 1184 &
255 1142 405 1185 viribus
420 1142 540 1197 longe
554 1142 771 1196 imparibus
786 1169 800 1191 ,
831 1140 1040 1194 imponere
1063 1137 1204 1193 digna-

195 1209 237 1242 ta
257 1201 342 1252 est,
371 1200 588 1244 ialubriter
613 1200 773 1256 exequi,
787 1196 978 1253 adjvante
998 1199 1174 1239 Domino
1187 1221 1201 1242 ³

194 1258 347 1316 jugiter
365 1258 592 1315 satagentes
606 1284 620 1307 ,
635 1261 682 1300 ad
699 1273 745 1301 ea
758 1287 771 1309 ,
787 1270 859 1313 per
873 1271 957 1313 quae
973 1255 1085 1298 felici
1096 1254 1203 1310 pros-

193 1331 377 1374 peroque
397 1318 695 1374 Religiosorum
712 1318 904 1359 Virorum
916 1344 928 1366 ,
944 1314 1062 1356 suave
1075 1315 1202 1355 Chri-

195 1376 242 1417 sti
264 1375 401 1432 jugum
417 1377 486 1419 sub
503 1376 683 1418 arctioris
704 1376 794 1417 vitae
822 1373 1005 1415 instituto
1021 1371 1201 1414 laudabi-

194 1433 290 1476 liter
314 1436 592 1489 portantiu'm,
624 1433 864 1487 regimini&
880 1431 1076 1487 gubernio
1101 1443 1200 1472 con·

193 1491 335 1535 sulitur
354 1523 369 1545 ,
400 1493 578 1535 libenter
597 1491 870 1541 intendimus,
902 1487 1195 1542 munerisque„-

196 1550 332 1594 Nostri
365 1551 580 1594 Pastoralis
612 1561 746 1606 partes
788 1548 990 1605 propensa
1029 1546 1196 1602 desuper

192 1609 394 1651 charitate
420 1610 742 1665 interponimus,
763 1602 857 1650 sicut
879 1608 1060 1651 locorum
1074 1634 1088 1657 ,
1105 1619 1196 1660 per·

193 1668 405 1718 sonarum,
430 1682 595 1718 rerum,
620 1669 902 1720 &temporum
930 1664 1195 1720 qualitatibus

193 1725 352 1769 mature
366 1726 538 1781 pensatis
553 1755 567 1777 ,
600 1725 650 1767 ad
665 1724 969 1777 Omnipotentis
1000 1723 1073 1762 Dei
1101 1721 1194 1777 glo-

190 1786 321 1833 riam,
346 1786 386 1825 8(
410 1783 633 1839 Religionis
649 1783 973 1832 incrementum,
1000 1780 1194 1837 expedire

191 1844 232 1897 in
249 1843 426 1885 Domino
442 1843 685 1889 arbitramur
698 1871 711 1883 .

249 1902 408 1957 Exponi
423 1900 615 1957 liquidem
629 1901 756 1943 Nobis
770 1914 900 1956 nuper
915 1897 1009 1942 fecit
1024 1898 1192 1942 dileetus

190 1960 333 2011 Filius,
346 1960 558 2004 modernus
573 1962 823 2002 Procurator
837 1959 1193 2011 Generalis,0rdi·

191 2020 252 2061 nis
268 2022 452 2062 Fratrum
468 2022 680 2062 Minorum
695 2023 734 2061 3.
752 2018 946 2062 Francisci
961 2019 1195 2072 Capucino-

191 2091 280 2119 rum
307 2088 653 2132 nuncupatorum,
683 2077 792 2132 quod
810 2106 824 2128 ,
846 2091 936 2117 cum
964 2080 1049 2118 Nos
1065 2076 1162 2118 alias
1177 2103 1194 2127 ,

193 2148 336 2189 nempe
351 2137 467 2178 Anno
487 2147 635 2178 Μυσοί
649 2147 682 2175 1.
698 2136 904 2188 negotium
929 2134 1065 2190 petitae
1088 2134 1192 2176 divi·-

191 2193 307 2235 fionis
332 2194 553 2236 Provinciae
579 2192 778 2236 Valloniae
800 2192 896 2235 dieti
924 2193 1090 2235 Ordinis
1120 2207 1194 2234 no-

193 2252 408 2294 vendecim
432 2250 709 2295 Conventibus
724 2281 741 2303 ,
761 2265 933 2307 quorum
955 2251 1097 2293 decem
1116 2251 1189 2294 iit„-
1214 2285 1220 2294 .

193 2310 428 2365 Hispanici,
457 2312 497 2351 δι
524 2322 669 2352 novem
693 2311 733 2352 in
761 2309 992 2352 Leodiensis
1011 2310 1186 2352 Dominii

192 2368 423 2423 temporalis
440 2368 540 2411 locis
554 2367 811 2423 reperiuntur
824 2396 838 2419 ,
863 2368 1080 2412 constantis
1095 2397 1109 2421 ,
1135 2368 1186 2410 ad

191 2427 425 2482 Capitulum
458 2425 662 2470 Generale
686 2427 861 2484 ejusdem
889 2427 1054 2470 Ordinis
1075 2455 1089 2477 ‚
1117 2426 1185 2469 die

188 2485 658 2542 stcu'ndaJuniiejusdem
675 2486 781 2528 Anni
804 2485 1079 2536 celebratum,
1094 2498 1190 2527 exa-

187 2544 423 2587 minandum
437 2542 736 2595 remififfemus,
767 2545 902 2601 ibique
921 2544 1067 2588 auditis
1091 2545 1187 2587 hinc

187 2603 284 2646 inde
299 2606 481 2646 Fratrum
499 2612 579 2646 tam
604 2603 803 2646 dietorum
828 2603 998 2656 decem,
1026 2605 1184 2659 quam-a

188 2660 441 2715 praefatorum
463 2676 610 2706 novem
626 2664 915 2706 conventuum
943 2663 1058 2718 super
1076 2662 1182 2704 divi-

186 2718 295 2760 fione
317 2719 539 2774 hujusmodi
566 2721 613 2763 ab
640 2723 697 2763 eis
723 2720 946 2777 postulata,
972 2720 1183 2771 petitioni-

185 2777 260 2819 bus
273 2803 287 2825 ,
315 2774 525 2819 decretum
541 2776 669 2821 fuisset
683 2807 698 2830 ,
724 2790 768 2821 ut
783 2777 1081 2823 Commiffnius
1096 2780 1181 2820 Ge—

185 2833 336 2877 nei-alis
366 2833 417 2875 ad
448 2834 592 2874 dictam
612 2837 862 2877 Provinciam
891 2836 1186 2891 deputaretur,

182 2894 254 2948 qui
271 2891 389 2947 super
407 2891 510 2933 dicta
526 2890 717 2933 divilione
736 2906 874 2934 omnes
892 2893 1068 2948 ejusdem
1084 2896 1188 2935 Pro-

190 2951 337 2993 vinciae
368 2949 595 3005 Religiosos
626 2950 823 2999 audiret,
855 2951 1116 3002 Principum,
1144 2963 1188 2990 ac

183 3009 436 3063 Populorum
463 3007 591 3048 sensus
619 3007 880 3062 exploraret,
911 3008 952 3047 &
980 3005 1186 3048 divisionis

126 3099 130 3103 .
183 3065 410 3124 hujusmodi
428 3066 696 3108 necessitatem
714 3066 986 3116 examinaret,
1002 3079 1074 3115 ac,
1088 3076 1186 3115 qua-

189 3136 308 3168 tenus
332 3139 377 3166 ea
409 3125 554 3168 evitari
571 3139 648 3166 non
668 3123 822 3178 poffet,
856 3122 963 3166 illius
993 3122 1185 3170 modum,

188 3187 228 3226 &
242 3183 410 3226 formam
426 3211 439 3233 ‚
463 3183 721 3238 membraque
735 3210 749 3232 ,
774 3180 947 3224 confinia
962 3210 975 3231 ,
999 3182 1039 3221 &
1053 3180 1184 3223 omnia

184 3243 235 3286 ad
253 3256 391 3298 pacem
407 3267 420 3289 a
446 3241 763 3295 charitatemque
791 3242 895 3281 inter
920 3250 1053 3295 partes
1079 3237 1182 3279 divi-

183 3301 242 3343 sas
283 3299 519 3342 servandam
551 3299 845 3347 conducentia,
876 3296 1019 3340 sedulo
1049 3294 1184 3337 discu-

187 3368 295 3401 teret
322 3385 335 3406 ,
362 3358 607 3412 illorumque
639 3355 880 3397 relationem
909 3369 1000 3397 cum
1030 3357 1096 3396 suo
1114 3366 1184 3394 vo-

190 3427 236 3460 to
261 3416 486 3459 consultivo
511 3415 560 3457 ad
586 3416 684 3458 hanc
699 3414 861 3456 Almam
882 3414 1034 3457 Urbem
1061 3413 1186 3453 trans·

190 3475 368 3517 mitteret
387 3501 400 3524 ,
433 3473 615 3516 Dileelus
644 3473 768 3514 Filius
793 3472 1011 3526 Angelicus
1025 3468 1185 3512 Wolfa-

191 3531 330 3583 cenfis,
346 3536 407 3575 Ex
418 3532 637 3581 -Vicarius,
651 3533 688 3572 &
703 3530 864 3572 actualis
883 3530 1083 3572 Definitor
1097 3531 1181 3570 Ge-

189 3589 340 3634 neralis
354 3590 446 3632 dieti
461 3589 623 3632 Ordinis
640 3589 688 3631 ad
703 3588 896 3644 ejusmodi
911 3584 1179 3630 Commiffarii

190 3647 403 3692 Generalis
426 3661 594 3696 munus,
622 3646 789 3702 utriique
807 3655 921 3702 parte
938 3645 1063 3701 ipsum
1079 3658 1175 3686 una·

188 3708 351 3749 nimiter
366 3715 526 3759 petente
540 3706 756 3762 deputatus
769 3733 782 3754 ,
795 3720 840 3746 ac
855 3705 906 3746 ad
919 3702 1174 3747 Provinciam

186 3766 390 3822 praefatam
405 3762 530 3806 miffus
544 3791 558 3813 ‚
579 3766 743 3820 peraffis
762 3764 847 3814 ibi,
871 3776 953 3818 quae
971 3762 1036 3816 ipfi
1065 3775 1177 3815 pera-

186 3824 317 3880 genda
338 3832 452 3863 erant
467 3848 480 3868 a
510 3822 724 3881 aperuique
740 3823 854 3879 super
868 3821 972 3880 dista
985 3820 1175 3863 divifione

305 3883 444 3924 Portu]
452 3882 489 3925 V.

2050 284 2225 366 ³07

1278 386 1398 426 animi
1415 387 1471 426 sui
1490 379 1683 426 sententia
1705 393 1796 423 cam
1821 384 1986 427 omnino
1999 387 2279 443 necessariam,

1277 441 1599 495 memoratosque
1610 441 1769 486 decem,
1784 455 1926 498 nempe
1943 444 2062 498 Eupii
2074 472 2088 494 ,
2111 448 2281 490 Luxem-

1275 503 1391 558 burgi
1413 530 1430 552 ,
1463 499 1606 542 Arluni
1631 528 1646 550 ,
1679 498 1926 543 Martisvillae
1949 530 1964 553 ,
1994 505 2277 559 Caroloregii,

1271 559 1428 602 Montis
1457 560 1523 601 seu
1551 561 1692 607 Mons,
1717 558 1845 605 Athi,
1871 561 2030 614 Angiae,
2060 564 2278 617 bonnegii,

1270 619 1310 658 δι
1325 618 1524 660 Namurci
1552 619 1792 658 Conventus
1802 635 1820 664 ·,
1845 618 1891 656 ab
1909 618 1995 659 aliis
2013 633 2156 662 novem
2172 649 2186 671 ,
2217 622 2276 660 vi-

1268 674 1420 717 delicet
1439 675 1627 725 Verviae,
1654 673 1820 728 Spadae,
1850 676 2162 727 Malmundarii,
2187 685 2279 720 ota-

1264 732 1396 774 buleti
1423 759 1437 781 ,
1469 733 1696 781 Dionanti,
1730 730 1923 781 Tudinii,
1955 736 1992 775 &
2025 737 2149 787 Han,
2176 751 2275 778 nec-

1265 803 1344 833 non
1361 789 1491 832 Sancti
1511 790 1738 840 Michaelis,
1753 789 1943 832 Civitatis
1961 794 2217 845 Leodienfis,
2234 797 2275 836 &

1263 850 1414 892 Sanctae
1433 849 1670 901 Margaritae,
1682 846 1859 904 ejusdem
1872 849 2276 901 Civitatis‚conven-

1264 906 1373 947 tibus
1405 904 1673 960 separandos,
1701 919 1746 946 ac
1763 919 1811 946 ex
1834 907 1893 947 his
1920 907 2089 959 decem,
2117 925 2275 953 unam

1265 963 1496 1006 Wallonam
1516 978 1589 1019 pro
1604 963 1860 1007 Wallonibus
1877 966 2016 1019 Regiis
2037 981 2238 1022 nuncupat
2255 982 2272 1021 3

1268 1036 1319 1065 ex
1341 1020 1512 1078 praefatis
1528 1024 1627 1066 vero
1640 1035 1788 1064 novem
1804 1025 2086 1066 Conventibus
2102 1024 2272 1067 alteram

1269 1078 1535 1124 Leodiensem
1553 1079 1777 1136 respective
1800 1082 2085 1137 nuncupandas
2100 1083 2274 1125 Provin-

1263 1138 1345 1180 cias
1374 1138 1672 1183 constituendas
1697 1139 1773 1182 esse
1788 1139 1958 1191 retulit,
1983 1140 2143 1196 jamque
2170 1144 2274 1183 Pro-

1266 1197 1484 1240 vinciarum
1499 1225 1513 1247 ,
1539 1200 1579 1239 ἃ.
1597 1202 1887 1242 Conventuum
1905 1198 2131 1254 hujusmodi
2162 1198 2272 1241 limi-

1263 1265 1326 1298 tes
1340 1282 1355 1305 ,
1381 1254 1551 1300 confinia
1566 1285 1580 1308 ,
1602 1259 1642 1299 &
1656 1258 1852 1300 distrieius
1868 1286 1882 1308 ,
1908 1272 2065 1300 necnon
2081 1258 2272 1314 quaestua-

1264 1315 1393 1356 tiones
1410 1342 1425 1366 ‚
1455 1316 1495 1356 ἃ.
1516 1315 1594 1357 alia
1613 1316 1768 1369 justitiae
1782 1316 2071 1367 distributivae,
2093 1317 2271 1359 charita-

1262 1374 1323 1423 ti,
1350 1374 1389 1414 &
1410 1374 1497 1428 paci
1527 1376 1818 1428 consentanea,
1845 1374 1922 1429 jam
1946 1374 2075 1417 forsan
2100 1376 2270 1422 statuta,

1261 1431 1465 1487 designata
1480 1460 1494 1483 ‚
1520 1434 1559 1474 &
1578 1433 1792 1490 dispofita,
1824 1433 1889 1475 seu
1906 1434 2112 1476 statuenda
2131 1463 2146 1486 ,
2170 1432 2271 1477 defi-

1261 1490 1418 1546 gnanda
1434 1518 1449 1540 ,
1477 1492 1518 1532 &
1541 1489 1788 1547 disponenda
1804 1493 2054 1533 Definitorio
2069 1490 2270 1534 Generali

1256 1548 1424 1590 Ordinis
1442 1546 1591 1602 praefati
1616 1551 1917 1590 communicata
1932 1578 1948 1599 ,
1978 1550 2019 1589 δε
2042 1550 2091 1591 ab
2120 1564 2171 1591 eo
2195 1564 2268 1603 ap-

1255 1606 1424 1662 probata
1441 1603 1606 1647 fuerunt
1623 1634 1637 1657 ,
1663 1620 1748 1662 quae
1771 1606 1924 1662 septem
1945 1606 2127 1650 articulis
2153 1621 2270 1650 com-

1258 1661 1451 1718 prehensa
1476 1661 1563 1705 sunt
1592 1667 1744 1707 tenoris
1762 1695 1776 1716 ,
1808 1665 1877 1721 qui
1910 1665 2123 1722 sequitur,
2154 1665 2270 1707 vide-

1255 1722 1355 1764 licet
1390 1735 1447 1764 -ε
1468 1722 1671 1775 Articuli,
1697 1724 1749 1767 de
1771 1725 1914 1780 quibus
1940 1736 2188 1768 conventum
2213 1722 2269 1765 est

1252 1781 1293 1822 in
1321 1778 1464 1822 ordine
1494 1779 1543 1822 ad
1573 1781 1803 1837 praetensam
1819 1782 2111 1837 separationem
2129 1812 2141 1824 .
2174 1783 2266 1826 Pri-

1255 1852 1372 1882 mus:
1403 1841 1564 1881 Nomen
1579 1869 1595 1890 ,
1617 1843 1655 1882 &
1672 1843 1855 1897 Sigillum
1872 1843 2095 1885 Provincia:
2112 1841 2268 1885 Wallo-

1253 1899 1327 1940 niae
1353 1899 1586 1940 retinebunt
1608 1899 1775 1942 ditionis
1792 1902 1916 1955 Regis
1932 1901 2130 1957 Hispaniae
2150 1904 2269 1942 Con-

1253 1966 1431 2008 ventus;
1466 1959 1547 1998 Pro
1574 1957 1858 2004 Conventibus
1890 1970 2027 2002 autem
2057 1960 2270 2014 Principa-

1253 2025 1366 2059 tuum
1383 2014 1612 2058 Leodienfis
1626 2045 1641 2068 ,
1662 2019 1703 2060 &
1717 2018 1961 2061 stabulensis
1976 2020 2015 2061 in
2033 2021 2120 2061 Sac.
2140 2019 2265 2061 Rom.

1254 2077 1358 2130 Imp.
1395 2073 1505 2126 fitis,
1535 2074 1772 2120 conficietur
1793 2077 1986 2132 Sigillum
2012 2090 2163 2120 novum
2180 2105 2193 2127 ,
2224 2077 2265 2116 ὅτ.

1254 2132 1468 2178 vocabitur
1499 2134 1712 2177 Provincia
1737 2136 1995 2179 Leodienfis.
2027 2136 2265 2181 Secundus:

1257 2191 1463 2248 Quaelibet
1490 2193 1701 2236 Provincia
1729 2194 1768 2236 se
1790 2195 1999 2238 contineat
2027 2195 2133 2236 intra
2156 2192 2265 2234 limi-

1256 2260 1318 2293 tes
1349 2249 1507 2293 suorum
1538 2255 1850 2304 Conventuum,
1882 2255 1918 2296 &
1943 2256 2103 2296 suorum
2129 2250 2265 2292 distri-

1249 2313 1415 2362 nuum3
1436 2310 1554 2364 Regii
1574 2325 1748 2367 nempe,
1776 2313 1878 2354 intra
1902 2310 2052 2354 limites
2067 2314 2265 2353 Conven-

1245 2378 1358 2411 tuum
1377 2368 1615 2420 Montensm,
1637 2369 1823 2412 Athensis
1838 2398 1851 2420 ,
1865 2368 2100 2427 Anghienfis
2114 2397 2129 2418 ,
2158 2371 2262 2409 Son-

1251 2426 1447 2482 negienfis
1472 2452 1488 2474 ,
1533 2429 1880 2484 Caroloregienfls
1906 2458 1920 2480 ,
1953 2426 2229 2472 Namurcenfis
2246 2450 2261 2474 ,

1253 2483 1445 2540 Eupenfis
1460 2510 1475 2533 ,
1503 2484 1736 2527 Arlunenfis
1753 2515 1767 2536 ,
1797 2484 2160 2541 Luxemburgenfis
2175 2513 2188 2535 ,
2217 2486 2258 2526 &

1250 2542 1383 2586 Sancti
1410 2543 1576 2597 Joannis
1609 2545 1791 2597 Baptistae
1819 2544 1930 2600 juxta
1947 2543 2226 2588 Martisvillam
2244 2571 2257 2583 .

1245 2601 1487 2645 Leodienses
1507 2604 1607 2644 vero
1630 2605 1732 2645 intra
1757 2603 1906 2646 limites
1923 2608 2073 2648 sanetae
2089 2605 2255 2656 Marga-

1243 2661 1356 2702 rithae
1369 2689 1384 2710 ,
1400 2661 1439 2700 δι
1452 2661 1583 2703 saneti
1602 2661 1810 2705 Michaelis
1827 2663 1968 2704 Leodii
1985 2691 1999 2714 ‚
2017 2664 2229 2704 vervenns
2241 2684 2256 2708 ‚

1243 2717 1437 2774 Spadani,
1455 2718 1699 2761 Stabulentis
1715 2747 1729 2768 ,
1748 2719 2030 2762 Malmundarii
2047 2748 2061 2769 ,
2087 2720 2257 2772 Huyen-

1244 2779 1308 2826 fis,
1323 2774 1592 2823 Dionatenfis,
1610 2777 1860 2820 Tudiniensis
1873 2805 1886 2826 ,
1902 2777 2050 2831 absque
2064 2789 2130 2825 e0,
2145 2774 2254 2830 quod

1246 2835 1367 2877 liceat
1397 2833 1535 2887 Regiis
1560 2834 1735 2887 aliquem
1763 2848 1814 2875 ex
1842 2834 2125 2876 Conventibus
2149 2836 2254 2875 Leo-

1249 2891 1450 2934 dienfibus
1482 2890 1559 2945 jam
1583 2896 1840 2937 memoratis,
1880 2901 1947 2933 aut
1970 2892 2255 2935 Leodienfibus

1249 2949 1419 3001 aliquem
1447 2962 1494 2988 ex
1517 2944 1686 3000 praefatis
1698 2949 1974 2992 Conventibus
2002 2951 2140 3005 Regiis
2165 2950 2253 3007 jure

1251 3004 1377 3054 belli,
1394 3005 1460 3045 vel
1473 3004 1639 3047 alterius
1657 3003 2132 3063 cujuscumq3praetex1fis
2154 3023 2253 3063 prae-

1248 3062 1415 3104 tendere
1431 3089 1445 3112 ‚
1469 3072 1537 3104 aut
1551 3075 1752 3117 occupare
1765 3095 1778 3105 .
1810 3068 1863 3107 Et
1881 3068 1977 3117 haec,
1993 3078 2187 3122 quantum
2202 3066 2253 3109 ad

1247 3123 1488 3163 Conventus
1515 3119 1723 3175 utriusque
1746 3125 1963 3166 Nationis.
1994 3128 2040 3166 ln
2067 3125 2154 3166 casu
2181 3139 2254 3166 au-

1245 3189 1330 3220 tem
1364 3177 1675 3231 supervenientis
1718 3180 1887 3236 alicujus
1928 3183 2207 3226 controverslae
2235 3212 2251 3235 ,

1244 3235 1434 3278 decident
1450 3234 1658 3291 utriuspue
1674 3240 1860 3281 Nationis
1875 3242 2012 3283 Patres
2028 3270 2039 3282 .
2055 3241 2250 3284 Tertius:

1245 3294 1391 3351 Qioad
1419 3293 1617 3337 districtus
1642 3298 1737 3339 vero
1762 3297 1966 3352 utriusque
1992 3302 2114 3353 partis
2133 3303 2247 3342 Con-

1247 3362 1470 3403 ventuum,
1499 3356 1538 3395 in
1555 3353 1700 3409 quibus
1725 3366 1958 3411 quaeruntur
1980 3357 2101 3408 lanae,
2128 3359 2250 3412 buty-

1246 3425 1335 3453 rum
1350 3437 1364 3460 ,
1389 3409 1597 3455 calefactio
1614 3439 1629 3462 ,
1649 3415 1689 3454 &
1703 3425 1845 3456 caetera
1862 3413 2162 3457 substentationi
2178 3430 2252 3458 ne-

1244 3467 1409 3512 cessaria
1425 3497 1442 3519 ,
1467 3469 1706 3514 Conventus
1734 3473 1971 3515 Thudienfis
2003 3472 2201 3517 districtus
2226 3474 2249 3514 a

1241 3538 1358 3584 parte
1374 3528 1627 3584 Caroloregii
1642 3531 1887 3572 extendatur
1903 3530 2025 3586 usque
2039 3533 2086 3574 ad
2117 3535 2245 3574 Lerne

1237 3591 1279 3631 S.
1292 3586 1439 3640 Angeli
1452 3614 1464 3636 ,
1479 3587 1710 3642 Montigny,
1728 3589 1958 3643 Letigneux
1972 3617 1985 3639 ,
2003 3591 2193 3638 Nalines,
2208 3591 2246 3630 &

1238 3644 1462 3686 Famioulle
1494 3645 1719 3696 inclusive,
1756 3648 1779 3689 Ξι
1804 3657 1919 3699 parte
1948 3650 2046 3689 vero
2075 3651 2247 3690 Hanno·

1236 3703 1306 3743 niae
1325 3700 1445 3757 usq-ue
1458 3702 1509 3744 ad
1530 3703 1738 3745 Binchiam
1753 3730 1764 3742 .
1794 3704 2004 3748 Distrietus
2021 3706 2245 3749 Carolore-

1237 3761 1320 3814 gius
1342 3773 1390 3801 cx
1408 3770 1526 3814 parte
1542 3760 1663 3803 Urbis
1676 3761 1956 3805 Thudinienfis
1978 3765 2246 3820 comprehen-

1235 3818 1295 3861 dit
1313 3816 1476 3875 Andelu
1492 3846 1506 3870 ,
1522 3819 1725 3863 Containe
1738 3849 1755 3871 ,
1783 3822 2066 3866 Marchiennes
2079 3851 2093 3874 ,
2115 3820 2251 3862 versus

1586 3879 1626 3919 O
1654 3891 1678 3921 2
2097 3880 2198 3923 Dio-
