2658 4256
370 222 428 301 8
1020 201 1351 297 mona
1375 207 1449 294 ra
1476 204 1715 306 enta

310 333 353 374 di
379 332 617 375 divisionem
644 327 823 381 suffragia
848 327 888 368 in
906 325 1114 380 Capitulis
1132 322 1343 364 Generali-

308 391 385 434 bus
412 392 576 434 Ordinis
606 387 757 446 praefati
781 386 921 439 augeri
950 398 1027 425 non
1052 380 1195 437 possint
1220 405 1234 428 ‚
1273 376 1341 441 sed

311 447 504 507 cujusque
519 446 735 490 Provincia:
764 442 815 483 fic
841 441 969 483 divisae
985 439 1155 483 Ministri
1175 439 1342 500 Provin.

311 509 442 550 ciales‘
454 507 531 549 unzi
546 520 637 548 cum
651 499 826 544 Custode
843 499 1071 542 alternatim
1087 491 1276 548 eligendo
1301 506 1338 558 in

308 567 416 608 dicio
432 565 624 621 Capitulo
636 558 890 601 intervenire
907 557 1079 599 debeant
1095 579 1108 602 ‚
1129 553 1185 593 ita
1203 561 1245 592 ut
1261 561 1337 592 tria

309 623 467 667 tantum
501 631 623 670 vota,
652 629 802 671 nempe
832 616 1004 658 duorum
1030 611 1336 654 ministrorum„

310 680 622 725 Provincialium
638 700 650 722 a
667 675 706 714 &
724 675 839 715 unius
857 672 1049 715 Custodis
1063 669 1336 720 constituant3

311 752 436 795 utque
455 740 494 778 in
518 732 710 789 praedit‘tis
727 731 952 773 Provinciis
968 728 1100 771 divifis
1118 728 1212 770 novi
1226 730 1337 770 Con-

309 806 455 841 ventus
470 793 570 847 erigi
586 790 840 844 imposterum
852 789 1086 830 nullatenus
1101 787 1239 841 poffint
1255 785 1335 827 stne

307 849 483 907 expressa
509 850 680 891 licentia
702 847 814 889 dietae
839 846 957 888 Sedis
984 860 1055 901 per
1077 845 1237 888 litteras
1262 845 1333 888 in..

308 910 423 956 fimili
448 908 572 950 forma
601 907 742 948 Brevis
763 905 1034 959 expediendas
1065 932 1080 955 2
1111 918 1198 960 quae
1222 904 1337 946 dero.

308 980 379 1026 get
404 963 630 1021 hujusmodi
654 964 951 1019 prohibitioni,
979 978 1059 1006 non
1087 963 1336 1006 obstantibus

306 1027 413 1070 felic·
443 1024 605 1066 record.
623 1023 775 1067 Urbani
793 1025 872 1066 PP.
889 1023 1009 1065 vm.
1034 1020 1338 1065 Praedecefforis

308 1083 429 1129 nostri
445 1084 595 1125 litteris
612 1081 1211 1137 diexv111.JuniiM1)cx1.ttt.
1229 1094 1336 1121 ema-

306 1142 435 1191 natis,
461 1155 530 1195 per
556 1154 651 1196 quas
673 1142 783 1182 inter
812 1141 889 1181 alia
907 1140 1206 1182 Provinciarum
1245 1138 1341 1181 dieti

1403 321 1443 360 di
1462 345 1476 367 ‚
1507 320 1628 359 etiam
1642 318 1900 376 juramento>
1923 319 2244 368 Confirmatione
2259 327 2426 383 Aposto—

1401 377 1505 425 lica‚
1535 375 1600 416 vel
1625 377 1764 430 quavis
1787 375 1979 418 firmitate
2003 380 2076 423 alia
2095 385 2323 436 roboratis,
2352 386 2426 428 sta-

1401 435 1498 476 tutis
1511 462 1527 487 ‚
1557 435 1596 474 &
1610 434 1985 484 consuetudinibUS,
2002 438 2219 496 privilegiis
2235 457 2397 499 quoque
2409 473 2427 497 ,

1399 492 1595 542 indultis,
1626 494 1664 534 ὃς
1688 489 2162 548 LitterisApostolicisin
2177 493 2426 544 contrarium

1398 549 1681 605 praemifforum
1707 550 2014 608 'quomodolibet
2037 546 2221 601 conceffis
2236 586 2250 608 ‚
2274 559 2427 604 confir-

1398 610 1518 651 matis
1534 638 1548 661 ,
1561 610 1599 650 &
1617 611 1842 652 innovatis.
1873 611 2031 671 Qibus
2051 613 2230 657 omnibus
2245 620 2284 660 δι
2298 621 2426 675 singu..

1400 669 1448 710 lis
1464 694 1478 716 2
1505 682 1649 710 eorum
1682 679 1845 712 tenores
1862 670 2121 725 presentibus
2155 683 2226 724 pro
2241 676 2362 728 plene
2386 681 2429 724 δι

1398 723 1643 769 sufficienter
1660 726 1843 783 expreflis
1858 756 1871 779 ‚
1898 729 1938 769 &
1963 729 2117 771 insertis
2134 728 2328 773 habentes
2343 761 2358 784 ‚
2379 738 2431 778 il-

1399 786 1447 827 lis
1463 784 1560 826 alias
1577 787 1614 825 in
1633 783 1700 828 suo
1718 790 1867 829 robore
1881 785 2144 842 permansuris
2159 816 2173 838 ‚
2198 786 2247 829 ad
2263 793 2427 842 praemis·

1399 843 1529 886 sorum
1545 843 1731 887 effectum
1746 847 1817 888 hac
1836 847 1926 888 vice
1947 846 2146 889 duntaxat
2172 845 2402 901 specialiter
2413 861 2431 899 5

1397 905 1435 946 8:
1453 901 1640 958 expresse
1657 903 1927 962 derogamuS,
1957 905 2187 962 caeterisque
2214 906 2440 950 contrariis
2478 958 2484 964 .

1399 960 1732 1019 quibuscunque.
2439 965 2441 967 ’

1445 1024 1612 1077 ⁴Datum
1628 1023 1769 1064 Romae
1789 1021 1839 1066 ad
1864 1025 1902 1067 S.
1920 1022 2092 1067 Mariam
2119 1021 2318 1080 Major-em
2342 1021 2433 1066 sub—

1405 1080 1567 1132 Annulo
1584 1079 1797 1124 Piscatoris
1810 1081 1878 1125 die
1892 1097 1967 1125 vtt.
1981 1083 2190 1137 Septemb.
2206 1095 2430 1125 mncnxvu.

1400 1136 1664 1184 Pontificatfis
1684 1141 1805 1184 nostri
1823 1143 1947 1183 Anno
1959 1140 2090 1196 primo
2105 1170 2116 1181 .

306 1201 475 1244 Ordinis
491 1199 629 1242 divisio
646 1199 847 1255 prohibita
876 1199 1079 1253 reperitur
1093 1227 1108 1248 ‚
1134 1197 1340 1253 aliisque,

304 1259 704 1309 Constitutionibus,
736 1256 1121 1315 &ordinationibus
1141 1257 1342 1310 Apostoli-

1861 1261 1973 1315 Joan.
1991 1257 2131 1302 Gualt.
2148 1256 2321 1301 Slufius.
2353 1296 2355 1298 .

307 1318 366 1361 cis
383 1346 397 1371 ,
420 1332 494 1362 nec
512 1332 590 1361 non
605 1317 771 1361 Ordinis
786 1342 800 1367 ,
832 1329 876 1358 ac
887 1315 1110 1358 Provinciae
1133 1314 1341 1374 hujusmo-
1859 1335 1861 1337 ·
2055 1341 2058 1344 ,

2077 1434 2107 1463 ὁ
2162 1450 2166 1456 .

1164 1467 1232 1529 Ν
1281 1469 1341 1531 Ο
1387 1470 1446 1532 Τ
1484 1470 1544 1534 Α
1561 1517 1575 1533 .

411 1614 447 1655 U
461 1617 523 1660 Ο,
549 1626 587 1652 ut
602 1627 647 1652 ex
661 1614 851 1664 antepolito
866 1612 1060 1658 Summario
1076 1611 1149 1660 jam
1176 1614 1285 1664 liquet
1298 1639 1309 1658 ,
1334 1613 1487 1651 continet
1507 1616 1576 1652 haec
1595 1617 1814 1658 Constitutio
1837 1617 1993 1667 specialia
2017 1619 2168 1666 puneta:
2193 1617 2346 1654 Primum
2366 1616 2442 1659 est,

426 1675 464 1700 ut
483 1676 527 1700 ex
551 1665 681 1702 duabus
699 1663 890 1701 ProvinciIS
903 1662 1016 1700 divisis
1038 1673 1106 1697 non
1121 1662 1179 1698 nist
1194 1676 1263 1701 tres
1277 1665 1396 1700 Patres
1409 1663 1615 1709 Capitulum
1630 1666 1803 1703 Generale
1815 1668 1998 1711 accedant,
2027 1667 2186 1703 videlicet
2198 1667 2269 1702 duo
2286 1663 2441 1701 Ministri

305 1713 545 1752 Provinciales
559 1737 571 1755 ‚
590 1725 667 1750 cum
682 1713 837 1750 Custode
852 1724 924 1747 uno
938 1735 951 1755 ,
974 1711 1168 1747 alternatim
1181 1724 1224 1748 ex
1242 1712 1361 1750 divilis
1376 1711 1570 1749 Provinciis
1583 1712 1743 1759 eligendo
1757 1739 1770 1759 ,
1796 1715 1831 1751 8<
1848 1715 1933 1751 adeo
1945 1715 2019 1750 duoe
2044 1715 2231 1750 Provinciae
2243 1711 2439 1750 Germaniae

306 1762 427 1799 divisae
440 1773 509 1798 non
523 1762 580 1797 nili
598 1762 659 1798 tria
673 1773 753 1799 vota
766 1762 912 1797 habeant
928 1783 941 1803 ,
965 1770 1042 1795 cum
1060 1771 1200 1797 econtra
1215 1762 1375 1808 quaelibct
1396 1760 1462 1796 alia
1479 1762 1625 1799 Ordinis
1638 1764 1823 1801 Provincia
1837 1788 1851 1806 ,
1879 1765 1932 1798 vel
1948 1763 2055 1799 divisa
2070 1786 2083 1806 ‚
2107 1764 2166 1797 vel
2178 1774 2247 1798 non
2260 1762 2368 1799 divisa
2383 1760 2440 1796 tri-

303 1810 387 1860 plici
413 1820 501 1847 voto
517 1811 682 1855 gauderet
697 1836 707 1846 .
734 1809 936 1849 Secundum
954 1806 1116 1857 punctum
1129 1832 1142 1854 ,
1167 1821 1206 1846 ut
1219 1810 1380 1858 deinceps
1393 1810 1478 1846 novi
1493 1810 1709 1849 Conventus
1722 1811 1788 1848 line
1801 1811 1955 1860 expressa
1968 1813 2010 1849 S.
2021 1810 2122 1848 Sedis
2140 1811 2278 1847 ilcentia
2295 1823 2365 1846 non
2383 1820 2439 1845 ac-

305 1869 484 1908 ceptentur
497 1882 510 1902 ,
539 1855 719 1906 praescribit
735 1883 746 1895 .

411 1910 524 1946 Porro
537 1918 656 1944 contra
678 1909 825 1953 primum
847 1905 1011 1951 punc-'tum
1025 1907 1215 1945 Provinciae
1228 1908 1427 1946 Germaniae
1441 1932 1453 1952 ‚
1478 1921 1522 1945 eo
1535 1909 1569 1946 8<
1583 1909 1769 1948 succeffivo
1788 1921 1946 1957 tempore
1961 1909 2080 1946 divisa:
2092 1935 2104 1954 ,
2132 1907 2293 1945 videlicet
2309 1908 2438 1943 Helve-

309 1959 375 1996 tictt
390 1980 404 2000 ‚
422 1956 604 1993 anterioris
631 1956 774 1992 Austriae
789 1981 803 1999 ,
828 1954 1047 1991 Colonienns
1069 1981 1077 1992 .
1090 1957 1263 1993 Rhenana
1276 1982 1289 2002 ‚
1315 1958 1520 2005 'l'ycoltnfis
1532 1982 1542 1998 ‚
1569 1958 1732 1996 Bavarica
1745 1983 1755 2003 ,
1780 1958 1948 1997 Bohemiae
1962 1959 1996 1995 ἃ
2013 1959 2228 1995 AustrIaco··
2240 1955 2439 2001 Hungatictt

305 2006 440 2044 diutius
468 2003 666 2051 opportune
681 2028 695 2045 ,
721 2005 915 2050 importune
943 2027 957 2047 ,
979 2004 1136 2051 precibus
1159 2030 1172 2050 ,
1205 2006 1335 2042 ratione
1361 2030 1374 2049 ‚
1409 2006 1442 2041 ὃς
1475 2006 1604 2054 scriptis
1636 2010 1825 2045 clamarunt
1853 2032 1865 2051 .
1900 2018 1959 2054 per
2005 2008 2204 2055 denegatam
2241 2003 2437 2041 Custodum

303 2056 512 2092 dualitatem
550 2053 607 2088 fibi
638 2053 845 2098 praejudicari
867 2055 1057 2097 allegantes
1072 2076 1084 2096 ,
1109 2063 1180 2090 tum
1195 2066 1316 2091 contra
1335 2056 1531 2101 Regulam,
1555 2068 1631 2102 qua:
1644 2056 1846 2094 eleatonem
1871 2057 2016 2092 Ministri
2033 2054 2221 2092 Generalis
2235 2055 2254 2088 Ξι
2277 2052 2439 2088 Ministris

306 2101 642 2146 Provinciaiibus&
658 2101 855 2152 Custodibus
868 2102 941 2138 fieri
957 2101 1016 2136 sub
1031 2113 1197 2150 praecepto
1210 2103 1344 2139 formali
1355 2102 1456 2150 juxta
1471 2105 1672 2140 Cordubam
1691 2109 1757 2149 c.8.
1771 2118 1804 2153 q.
1815 2119 1823 2141 t
1835 2130 1844 2140 .
1859 2104 2086 2147 §.Secundum
2097 2101 2439 2151 punctum-Potitium

305 2163 336 2188 c.
355 2150 388 2185 8·
412 2163 444 2186 n.
460 2163 494 2196 9.
516 2152 676 2187 Saneten.
700 2153 803 2187 Rom.
829 2163 858 2186 c.
875 2149 905 2186 8.
926 2153 956 2192 ὁ·
971 2160 1001 2189 2.
1027 2151 1188 2189 Cruffers.
1213 2164 1230 2188 c
1254 2152 1285 2187 8.
1297 2151 1384 2189 Leti.
1404 2165 1433 2190 1.
1453 2154 1488 2189 δι
1512 2153 1598 2189 alios
1620 2153 1657 2189 S.
1673 2155 1817 2198 Regulae
1842 2153 2060 2197 Expolitores
2083 2151 2268 2200 praesctibit
2292 2161 2304 2189 3
2332 2159 2441 2185 tum-0

303 2209 424 2236 contra
437 2198 730 2234 Constitutionem
745 2198 878 2237 Urbani
892 2196 994 2235 vui.
1009 2199 1113 2248 incip.
1128 2199 1326 2238 Salvatoris
1342 2226 1352 2242 ‚
1369 2214 1438 2249 qua
1457 2203 1644 2238 Decretum
1670 2202 1710 2237 dc
1725 2202 1876 2238 absoluta
1889 2201 2082 2237 Custodum
2099 2201 2242 2246 paritate
2259 2221 2271 2240 ,
2298 2208 2363 2243 pro
2377 2207 2439 2242 pa-

305 2260 346 2285 ce
359 2255 378 2290 ,·
395 2247 430 2282 8(
443 2246 628 2282 concordia
649 2246 683 2282 in
696 2245 853 2283 universa
866 2248 1125 2295 Capucinorum
1141 2250 1204 2285 Rei
1210 2249 1325 2294 igione
1337 2249 1533 2288 stabilienda
1545 2259 1738 2286 emanatum
1758 2250 1935 2286 confirmat
1950 2261 1962 2289 ;
1988 2259 2060 2284 tum
2075 2258 2194 2285 contra
2210 2245 2440 2282 Constitutio-

306 2306 370 2333 nes
381 2294 527 2331 Ordinis
541 2318 553 2337 ,
573 2306 660 2344 quae-
675 2297 695 2330 a
717 2296 875 2343 qualibet
889 2296 1072 2334 Provincia
1084 2297 1282 2334 Mintstrum
1297 2298 1502 2336 Generalem
1518 2310 1602 2336 curn
1610 2299 1748 2335 duobus
1758 2297 1971 2334 Custodibus
1984 2297 2135 2341 ablegari
2152 2297 2308 2330 mandant
2325 2306 2338 2333 3
2364 2303 2439 2328 tum

310 2353 435 2381 contra
460 2343 711 2380 SS.Canonest
743 2343 804 2390 qui
817 2345 905 2380 enim
924 2344 1051 2381 faciunt
1071 2357 1174 2382 unum
1190 2358 1338 2393 corpus,
1366 2359 1436 2383 non
1450 2349 1573 2384 debent
1585 2347 1724 2383 diverso
1736 2347 1813 2395 jure
1834 2345 1956 2383 censeri
1982 2358 2011 2381 c.
2030 2343 2106 2381 Tua
2127 2344 2169 2379 de
2180 2343 2319 2379 decimis
2340 2352 2370 2376 c.
2387 2351 2443 2376 co·

311 2391 498 2440 gnbvimus
517 2400 569 2427 12.
599 2403 628 2439 q.
645 2401 676 2427 2.
701 2391 744 2433 ὠ·
780 2391 845 2443 loffi
868 2404 986 2430 acum
1003 2405 1112 2431 omnes
1135 2394 1176 2431 de
1190 2395 1334 2444 Constit.
1359 2397 1418 2431 ubi
1430 2396 1726 2433 -lnnocentiuslll.
1752 2395 1818 2431 aitt
1843 2405 1952 2431 unum
1977 2403 2096 2442 corpus
2112 2393 2212 2441 fimus
2226 2392 2264 2427 in
2284 2388 2441 2439 Christo:

302 2439 433 2492 singuli
458 2448 594 2483 autem,
619 2438 708 2476 alter
730 2452 750 2474 a
764 2442 875 2477 terius
885 2443 1056 2487 membra,
1083 2454 1149 2476 non
1163 2442 1288 2480 debent
1301 2444 1454 2492 Majores
1478 2445 1666 2480 mineribus
1684 2467 1697 2489 ,
1717 2453 1780 2481 aut
1790 2444 1942 2492 seniores
1955 2443 2154 2491 junioribus
2177 2439 2336 2476 invidere
2349 2462 2359 2478 ‚
2378 2436 2443 2487 sed

309 2499 423 2524 omnes
437 2511 450 2530 ‚
479 2489 539 2535 qui
554 2488 592 2523 in
604 2499 676 2524 una
685 2486 830 2537 Ecclesia
843 2488 906 2524 uni
920 2488 992 2524 Deo
998 2489 1222 2535 famulantur
1233 2514 1247 2534 ‚
1268 2492 1350 2538 pari
1363 2492 1543 2539 gaudeant
1556 2491 1721 2529 libertate
1730 2518 1744 2536 ,
1765 2490 1840 2529 cum
1851 2492 1983 2540 pondus
1997 2492 2039 2532 ἐπ’
2050 2490 2180 2539 pondus
2195 2513 2206 2532 ,
2229 2487 2385 2535 mensura
2399 2486 2444 2527 ὠ·

309 2535 467 2585 mensura
479 2559 492 2579 ‚
518 2546 700 2583 utrumque
715 2535 940 2572 abominabile
944 2536 990 2585 fit
1003 2537 1094 2584 apud
1106 2537 1250 2574 “Deum-
1279 2540 1359 2576 Nec
1382 2541 1487 2577 etiam
1514 2552 1559 2576 ex
1573 2553 1617 2577 eo
1632 2565 1646 2584 ‚
1669 2542 1763 2588 quod
1778 2541 1852 2577 aliae
1864 2540 2007 2577 Ordinis
2026 2540 2211 2583 Provincia:
2229 2536 2443 2583 antiquiores

308 2585 370 2629 {int
384 2608 397 2628 ‚
414 2584 661 2622 distinEtionem
676 2583 853 2631 privilegii
877 2585 1039 2631 praetendi
1053 2585 1144 2633 pofl'e
1158 2586 1308 2630 videtur,
1322 2600 1398 2624 cum
1412 2589 1480 2625 haec
1493 2601 1561 2624 non
1576 2592 1594 2624 a
1608 2590 1776 2633 senio,sed
1789 2592 1809 2625 a
1821 2590 1947 2626 merito
1961 2589 2124 2626 sumenda
2139 2587 2176 2622 fit
2192 2587 2234 2623 ad
2246 2584 2445 2631 exemplum

309 2633 520 2678 Evangelici
539 2633 813 2677 patrisfamilias,
838 2633 898 2680 qui
923 2633 1022 2682 juxta
1047 2632 1287 2671 innocentium
1301 2636 1365 2672 111.
1391 2637 1476 2673 dieto
1497 2650 1527 2673 c.
1551 2637 1592 2674 de
1608 2637 1722 2688 Const.
1732 2638 1882 2675 mercede
1900 2640 2026 2687 primos
2048 2639 2157 2674 vineae
2173 2634 2246 2684 suae
2268 2632 2441 2682 operarios

312 2682 554 2718 remuneravit
573 2682 662 2731 ficut
684 2692 876 2725 extremos,
895 2683 1050 2730 praebens
1065 2683 1319 2734 fingulissuum
1342 2685 1525 2722 denarium
1539 2711 1551 2728 .,
1579 2697 1647 2722 non
1670 2687 1854 2735 respiciens
1873 2697 2025 2725 aetatem-
2045 2686 2109 2735 sed
2123 2686 2245 2721 merita
2260 2708 2272 2726 ³
2299 2679 2444 2723 &Ialm-

312 2740 401 2767 rem.
423 2730 526 2785 ‘Cum
550 2730 665 2766 autem
685 2731 800 2767 aaum
826 2729 866 2765 fit
888 2731 973 2767 nihil
989 2754 1000 2770 ,
1027 2732 1202 2769 surrexere
1227 2734 1358 2769 tandem
1375 2734 1637 2778 Augustiffimus
1655 2738 1838 2783 Imperator
1855 2737 2054 2784 Leopoldus
2069 2759 2081 2778 ,
2106 2735 2140 2770 &
2167 2734 2224 2768 alii
2249 2728 2445 2767 Germaniae

315 2777 494 2822 Principes
507 2800 519 2820 ‚
543 2777 603 2822 qui
617 2779 804 2816 Notionem
818 2779 909 2815 suam
918 2779 1080 2816 duntaxat
1092 2782 1202 2826 tangi,
1229 2783 1382 2828 hancque
1394 2781 1604 2830 praejudicari
1617 2785 1826 2821 advertentes
1840 2810 1853 2829 ,
1878 2786 2001 2821 divisas
2013 2785 2210 2821 Germaniae
2225 2778 2445 2820 provincias,

258 2863 261 2869 ,
316 2827 464 2862 aliarum
477 2825 670 2879 Nationum
685 2827 874 2863 Provinciis
888 2827 1042 2866 conceffo
1054 2829 1199 2866 duorum
1217 2831 1410 2868 Custodum
1426 2830 1504 2879 jure
1517 2833 1717 2878 aequiparari
1740 2832 1914 2880 potentius
1935 2834 2141 2869 institerunt:
2168 2840 2315 2874 quorun
2333 2827 2441 2863 Litte-

320 2886 375 2911 ras
397 2873 697 2930 hic·subJuug·ere-‚
721 2873 755 2908 &
780 2884 892 2922 operae
907 2877 1077 2921 pretium,
1102 2879 1367 2924 &gratitudinis
1386 2891 1490 2926 opera
1501 2882 1550 2918 est
1565 2905 1575 2915 .
1605 2882 1682 2917 Fuit
1697 2883 1781 2917 inter
1795 2894 1850 2918 eas
1869 2882 1996 2927 prIma,
2022 2890 2097 2926 quae
2117 2877 2268 2924 sequitur
2281 2899 2293 2920 ,
2319 2874 2440 2911 inscri-

317 2932 378 2971 pta
391 2922 759 2964 Emm.,Catdmaltbus
777 2921 820 2958 ab
834 2921 1000 2968 Alteriis‚
1024 2927 1176 2972 Haffiae‘,
1199 2927 1348 2965 Bonelio
1362 2952 1376 2974 ‚
1402 2930 1596 2967 Secretario
1609 2930 1726 2970 Status
1751 2930 1931 2977 inscripta.

534 3041 763 3109 Leopoldus
801 3042 986 3095 ‘Divina
1000 3043 1193 3110 favente
1229 3046 1459 3096 Clementia
1493 3049 1641 3096 elec‘lus
1676 3015 1953 3099 Romanorum
1989 3048 2221 3116 Imperator

1100 3117 1262 3183 fimper
1299 3117 1512 3185 Augustus
1545 3125 1637 3185 &c-
1682 3132 1687 3139 ·

410 3252 692 3305 Reverendiffime
717 3255 757 3293 in
770 3253 901 3306 Christo
916 3254 1023 3292 Pater
1036 3268 1049 3297 ,-
1075 3255 1196 3292 Amice
1211 3255 1405 3343 Chssme
1417 3282 1428 3293 .
1455 3254 1603 3308 Vastitas
1616 3282 1630 3302 ‚
1649 3258 1692 3301 ἐν
1704 3258 1888 3309 amplitudo
1902 3259 2107 3296 ‘Provincia‘
2121 3257 2282 3294 Bohemiae
2297 3253 2443 3293 Parrum

316 3303 569 3350 Capucinorum
583 3327 595 3346 ‚
622 3315 693 3352 quae
706 3304 747 3354 se
769 3314 831 3354 per
858 3303 1015 3351 Regnum
1039 3302 1235 3348 Pohemiae,
1316 3305 1556 3344 rchidacatum
1578 3306 1742 3357 dustria?
1758 3333 1768 3352 ,
1793 3304 2246 3358 Regionesque'Moraviae,
2260 3305 2302 3346 ὠ·
2321 3302 2441 3351 Silestae

314 3351 469 3388 extendit
482 3375 495 3395 ‚
516 3352 557 3393 (ἶς’
574 3353 625 3388 his
644 3362 706 3401 per
730 3366 859 3391 annum
868 3353 971 3402 juxta
994 3352 1137 3401 ejusdem
1148 3353 1297 3390 Ordinis
1316 3354 1581 3404 constitutiones
1603 3357 1770 3405 visttanda
1783 3381 1796 3399 ‚
1821 3360 1912 3394 citra
1926 3356 2129 3406 manifestam
2144 3354 2312 3403 sanitatis
2331 3352 2442 3400 jariu-

315 3411 391 3437 ram
407 3423 419 3442 ,
438 3412 477 3436 ac
497 3402 598 3437 etiam
617 3405 734 3439 mortis
762 3401 951 3451 periculum
964 3425 977 3445 ,
1004 3401 1178 3451 Ministrir
1200 3402 1494 3440 ‘Provincialihus
1523 3405 1644 3442 evadit
1666 3405 1889 3455 impoffibilis,
1911 3407 2018 3453 coegit
2039 3405 2081 3442 P.
2099 3402 2259 3453 ‘Jovitam
2272 3399 2438 3449 ,ejusdem

317 3449 516 3488 Provinciae
535 3450 728 3489 modernum
743 3449 996 3491 Provincialem
1005 3459 1067 3499 pro
1080 3451 1331 3488 manutenenda
1343 3451 1515 3500 Regulari
1530 3453 1767 3502 Observantia
1778 3479 1791 3498 ‚
1817 3467 1856 3490 ac
1879 3453 2027 3490 Ordinis
2051 3452 2231 3502 disciplina
2246 3475 2258 3494 ,
2284 3460 2355 3497 quae
2379 3449 2438 3484 de-

311 3496 514 3544 ficientibus
527 3498 689 3546 consuetis
702 3498 1068 3551 vificationibusfacile?
1083 3498 1334 3548 labefatzantur
1348 3524 1360 3544 ‚
1384 3501 1444 3537 has
1457 3501 1583 3551 nostras
1597 3502 1924 3539 recommendatitias
1937 3514 2078 3539 exorare
2092 3525 2103 3544 ‚
2130 3511 2298 3549 quatenus
2308 3506 2368 3544 per
2389 3497 2441 3532 di·

317 3545 473 3593 vifionem
484 3546 625 3595 ejusdem
639 3549 832 3586 Provincia:
844 3573 858 3593 ,
884 3547 979 3584 velut
994 3549 1133 3585 unicum
1145 3572 1157 3588 ,
1182 3550 1225 3590 &⁴
1237 3561 1424 3598 congruum
1445 3551 1629 3588 remedium
1651 3551 1882 3589 incolumitati
1894 3549 2168 3590 Provincialium
2181 3575 2194 3594 ,
2214 3561 2253 3585 ac
2265 3544 2442 3594 Religiosae

318 3594 540 3642 observantia:
563 3596 783 3636 indemnitati
804 3598 1033 3646 provideatur
1050 3621 1060 3632 .

419 3643 488 3680 Cui
510 3644 548 3680 ob
568 3645 740 3693 praefatam
755 3646 870 3686 Nobis
882 3645 970 3682 alias
992 3644 1074 3682 hen&
1083 3645 1282 3696 perspet‘iam
1294 3646 1565 3695 amplitudinem,
1575 3661 1614 3686 ac
1631 3649 1718 3686 binae
1732 3658 1794 3698 per
1808 3661 1937 3686 annum
1955 3648 2157 3697 visitationis
2165 3656 2226 3696 per
2235 3646 2332 3688 pedes
2349 3643 2444 3694 insti-

318 3691 453 3729 tuenda
465 3692 749 3742 impoffibilitatem
761 3695 889 3745 easdem
897 3693 1107 3744 perlibenter
1123 3696 1365 3743 impertiendas
1379 3696 1538 3734 duximus
1551 3722 1558 3729 -
1576 3698 1603 3735 S
1606 3698 1733 3735 cientes
1745 3699 1856 3746 igitur
1873 3698 1964 3734 lx'nz'ae
1979 3699 2209 3738 paternitatis
2225 3693 2262 3733 V
2258 3694 2345 3745 ΨΜ
2364 3702 2443 3742 {¹²³0-

315 3739 454 3789 pensum
468 3742 616 3777 artimum
630 3763 643 3786 ,
663 3745 799 3781 eandem
822 3744 910 3793 hisce
923 3742 1027 3779 amic&
1044 3745 1254 3791 requirimus
1268 3769 1280 3787 ‚
1306 3754 1474 3791 quatenus
1483 3745 1618 3792 placeat
1629 3749 1762 3793 potenti
1777 3747 1841 3796 fi‘3
1865 3746 2022 3797 stiffi-agio
2041 3771 2052 3790 ‚
2077 3748 2119 3789 (θ’
2131 3745 2333 3794 protefiione
2357 3739 2439 3778 dieta·

320 3788 442 3828 Patris
454 3789 690 3828 Provincialis
713 3794 934 3843 intentionem
957 3793 1109 3830 omnibus
1133 3794 1238 3831 modis
1250 3818 1262 3839 ,
1287 3792 1422 3835 &locis
1432 3818 1446 3840 ,
1465 3794 1656 3842 prasertim
1677 3795 1758 3834 verb
1776 3789 1866 3845 apud
1879 3799 1987 3838 Suam
1999 3795 2223 3836 ,supinitatem
2237 3795 2288 3831 ita
2296 3792 2416 3842 flavere
2429 3811 2443 3831 ³

2364 3850 2402 3873 HC
