2638 4204
923 182 1501 287 Rhenana.

376 378 990 422 DECRETO

204 536 225 568 3*
253 496 301 547 S.
308 495 640 565 Congregationis
653 496 701 544 de
711 491 986 561 ‘Propaganda
1003 490 1109 539 Fide
1152 542 1154 545 v

194 565 198 569 ¹
394 567 558 616 Habttae
569 585 588 614 1
606 566 802 631 4.April.
825 572 967 625 1654.

184 711 258 758 Ne
278 712 454 758 Fratres
473 703 739 756 Miffionarii
753 701 808 751 ab
826 701 923 750 aliis
935 693 1174 767 Religiosis

253 777 764 836 molestentur‚cavetur.

306 905 494 948 Eferente
511 898 823 944 Eminentiliimo
840 897 1014 938 Domino
1028 891 1172 936 Cardi-

333 964 436 1011 nali,
460 958 663 1007 Antonio,
697 956 882 997 Praefeelo
902 984 916 1004 ‚
953 953 1177 996 libellum..

177 1022 393 1077 supplicem
412 1010 683 1063 procuratoris
709 1011 920 1055 Generalis
945 1015 1174 1063 Capucnno‘-

175 1084 265 1121 rum
284 1078 484 1122 humiliter
498 1073 671 1129 petentis
686 1102 701 1123 ,
730 1082 775 1112 ut
805 1075 926 1114 Sacra
940 1073 1176 1124 Congrega‘-

186 1138 278 1188 tin,
295 1134 478 1179 molestiis
495 1161 507 1183 ,
534 1134 574 1175 &
601 1129 963 1184 perturbationibus
987 1156 1002 1178 ,
1032 1127 1175 1181 quibus

179 1197 226 1240 ab
247 1194 332 1236 aliis
365 1189 575 1246 Religiolis
603 1190 870 1232 distrahuntur
903 1188 941 1229 ὅ(
964 1185 1175 1233 molestan-

179 1264 248 1297 tur
270 1251 499 1294 Miffionarin
517 1246 944 1303 Capucini,Provinciae
960 1246 1179 1296 Rhenanae‚

177 1315 218 1354 δι·
230 1306 422 1367 prae'cipue
438 1309 475 1351 iu
492 1309 651 1364 Oppido
666 1308 853 1351 §.Goaris
865 1331 879 1353 2
908 1313 1182 1360 opportunum·

179 1370 408 1413 remedium
432 1367 528 1410 dare
550 1365 760 1421 dignetur,
792 1374 834 1407 ut
864 1362 1001 1420 majori
1020 1361 1178 1413 studio,

184 1430 222 1468 δι
239 1429 373 1482 quiete
399 1423 538 1481 poffint
567 1422 658 1466 dieti
694 1421 922 1466 Miffionarii
945 1423 1177 1477 Animarum

182 1484 298 1526 fitluti
310 1513 326 1534 ,
353 1485 389 1525 in
407 1482 568 1526 servitio
580 1480 754 1539 ejusdem
769 1479 1108 1538 congregationis
1125 1478 1177 1521 de

180 1541 443 1597 Propaganda
461 1540 559 1582 Fide
575 1555 624 1582 ex
637 1541 768 1583 animo
783 1539 1013 1582 incumbere
1027 1567 1039 1579 .
1069 1537 1178 1580 Emi·

179 1600 390 1645 nentiffimi
414 1602 550 1642 Patres
571 1597 886 1653 responderunt,
910 1597 1009 1639 nihil
1027 1596 1104 1640 effe
1118 1596 1177 1638 in-

181 1657 409 1701 novandum
429 1660 451 1700 ὲ
473 1657 612 1712 quavis
637 1656 805 1712 persona
835 1656 881 1697 iu·
904 1655 1174 1710 praejudicium

183 1717 347 1758 Ordinis
362 1744 375 1766 ‚
405 1717 442 1756 δε
458 1713 783 1759 Millionariorum
797 1711 972 1767 ejusdem
990 1712 1176 1762 Ordinis,

182 1776 250 1817 nifi
265 1770 475 1816 certiorata
488 1770 567 1826 ipsa
585 1770 702 1814 Sacra
717 1771 1039 1823 Congregatione
1053 1796 1068 1819 ,
1097 1783 1173 1816 ne,

183 1843 227 1874 ut
254 1833 393 1885 supra,
424 1832 471 1872 ab
495 1828 624 1871 officio
646 1827 880 1883 Apostolico
909 1827 1174 1871 converfionis

183 1890 416 1932 Animarum
433 1887 717 1931 distrahantur·

537 2001 663 2054 Card.
677 2003 883 2054 Antonius
909 2000 1038 2069 Praefi

242 2184 386 2239 Autog.
412 2181 456 2223 ln
471 2179 637 2224 Archivo
666 2181 884 2224 Provinciae.

415 2379 528 2395 ὴ
817 2377 1182 2391 —--—-—

187 2530 474 2583 Provinciam
511 2527 740 2579 dividendi
772 2533 820 2580 P.
842 2508 1055 2580 Ministro
1083 2532 1179 2580 Ge-

254 2601 391 2651 ner-ali
416 2595 674 2649 facultatem
706 2603 925 2670 largitur.

244 2740 281 2783 Α
307 2748 448 2790 tergo:
478 2737 630 2779 Dileft'o
647 2733 747 2782 Filio
763 2769 775 2789 ‚
807 2737 987 2796 Ministro
1002 2744 1125 2783 Gene-

285 2796 366 2839 rats·
380 2793 535 2836 ordenis
554 2798 742 2839 Fratrum
755 2801 953 2840 Minorum
969 2803 1095 2854 Capu-

427 2857 600 2895 cinorum
618 2864 936 2910 nuncupatorum.

193 2983 682 3033 CLEMENS
763 2988 1009 3036 PAPA
1093 2986 1184 3035 lx.

279 3109 432 3152 Ditem
446 3114 533 3156 Fili
553 3113 728 3170 filmera
743 3139 758 3162 ‚
783 3112 830 3160 δ’
845 3114 1101 3171 Apostolicam

531 3170 847 3216 Benediflioncm.

203 3403 207 3406 ι
307 3345 436 3399 Xponi
459 3347 587 3389 Nobis
601 3361 724 3403 nuper
738 3344 920 3388 fecerunt
934 3343 1067 3388 dilecti
1084 3343 1192 3396 Filii,

196 3411 198 3413 '
323 3406 480 3446 fratres
498 3406 712 3448 Provinciae
727 3406 926 3447 Rhenanae
940 3431 954 3454 ‚
982 3403 1046 3445 seu
1063 3403 1190 3445 Colo-

199 3459 353 3511 menfis,
371 3463 428 3503 tui
443 3464 607 3506 Ordinis
625 3465 822 3507 Minorum
846 3457 1095 3506 §.francisci
1110 3464 1191 3503 Ca-

198 3517 428 3568 pucinorum
448 3534 766 3575 nuncupatorum
781 3550 796 3572 ,
821 3523 929 3577 quod
944 3521 983 3562 in
1001 3519 1193 3574 Capitulo

198 3575 391 3616 Generali
406 3577 497 3622 dieti
511 3581 678 3623 Ordinis
698 3579 899 3622 noviffim‘e
926 3580 962 3621 in
990 3580 1061 3620 hac
1074 3577 1194 3619 Alma

198 3630 311 3673 Urbe
326 3632 540 3690 celebrato,
557 3638 748 3682 Definitio
761 3636 976 3681 Generalis
990 3641 1090 3679 bene
1105 3649 1196 3690 per-

197 3690 366 3743 sPCstam
383 3693 526 3736 habens
544 3698 764 3739 Provinciae
785 3696 976 3751 praedistae
1000 3695 1194 3737 nimiam-2

201 3748 422 3792 vastitatem
438 3775 452 3799 ³
471 3752 524 3793 0b
543 3768 660 3810 quam
684 3755 753 3798 uni
779 3754 866 3798 solo
891 3753 1074 3799 Ministro
1093 3755 1192 3795 Pro-

2030 209 2187 297 333

1241 307 1570 365 vincualnpenn‘tus
1600 307 1655 349 est
1682 304 1926 359 impoffibiliS
1945 306 2120 350 vifitatio
2146 321 2245 356 cona

1237 371 1348 412 sueta
1361 398 1376 420 ‚
1393 368 1532 422 vigore
1548 365 1710 420 Regulae
1722 393 1737 413 ,
1752 365 1789 403 &
1803 365 2144 408 Constitutionum
2176 383 2243 423 ge.

1237 429 1430 471 neralium
1455 424 1617 467 omnino
1641 422 1823 476 requisita
1856 423 1904 465 ad
1931 422 2241 468 conservandam

1236 485 1482 539 disciplinam
1498 481 1726 540 regularem
1742 507 1756 528 ,
1784 477 1946 535 aliisque
1960 480 2083 524 caufis
2099 482 2245 536 gravis-

1236 542 1338 585 fimis
1354 537 1611 585 consideratis
1637 565 1651 589 ,
1669 538 1849 589 censuit,
1863 540 1996 581 eidem
2022 539 2240 582 Provinciae

1235 599 1545 644 subveniendum
1569 593 1645 638 effe
1668 609 1738 651 per
1753 598 2064 640 convenientem
2082 597 2243 638 divifio-

1237 673 1325 702 nem
1349 658 1402 699 de
1434 654 1658 712 hujusmodi
1684 654 1833 696 Sanctae
1860 655 1972 696 Sedis
2000 655 2242 711 Apostolicae

1210 716 1406 760 ⁴lieentia
1437 712 1657 755 faciendam
1684 741 1695 752 .
1730 711 1935 765 Residuum
1970 727 2053 756 cum
2091 728 2239 756 annexa

1232 772 1426 889 gvyf'onis
1452 771 1705 828 instrumento
1725 798 1740 822 ,
1772 771 1858 811 vide
1870 769 2001 826 staepra
2026 771 2108 829 fol.
2138 786 2187 833 3¹
2201 787 2236 814 ι.

1321 841 1381 884 eq.

1235 968 1830 986 —————.

1238 1131 1294 1177 In
1313 1124 1516 1175 Civitate
1530 1120 1801 1173 Bruchsaliae
1830 1138 2003 1172 novam
2025 1122 2243 1170 Fratrum

1304 1200 1508 1245 Domum
1537 1196 1648 1264 erigi
1670 1191 1892 1244 consentit
1914 1229 1928 1250 ‚
1959 1190 2006 1241 ὅ(
2024 1193 2242 1258 pietatem

1302 1267 1502 1315 Lotharii
1531 1265 1751 1314 Friderici
1766 1299 1783 1321 ,
1814 1258 2023 1332 Episcopi
2057 1263 2238 1328 Spiren-

1303 1334 1355 1385 fis
1375 1370 1391 1391 ,
1418 1337 1712 1400 Coadjutoris
1740 1334 2008 1405 Moguntini
2039 1331 2131 1383 διε.
2169 1331 2242 1379 de-

1310 1403 1436 1475 super
1470 1406 1787 1457 commendat.

1264 1546 1300 1587 A
1317 1552 1462 1601 tergo:
1503 1549 1584 1590 Ven.
1606 1551 1775 1599 Fratri,
1795 1545 1980 1589 zachario
1993 1543 2212 1592 Fridert‘cO,

1402 1605 1582 1662 Epifiopo
1608 1604 2079 1718 qugzffissocoadju‘ori

1338 1794 1810 1844 CLEMENS
1884 1794 2000 1842 ΡΡ.
2071 1795 2135 1842 X.

1269 1932 1503 1978 Venerabilis
1516 1936 1664 1977 Frater
1665 1932 1844 1990 salutem
1855 1961 1869 1983 ,
1896 1932 1942 1980 θ’
1957 1928 2215 1989 Apostolicam

1572 1992 1876 2034 Benediffionem
1889 2020 1900 2032 .
2227 1998 2233 2002 '

1342 2119 1574 2164 Erlibenter
1589 2121 1820 2164 indulfirnus
1846 2122 1970 2163 enixis
1989 2120 2245 2164 Fraternita-

1360 2180 1410 2221 tis
1430 2181 1524 2223 Tuae
1548 2182 1732 2235 precibus
1749 2179 2005 2224 necessariam
2030 2180 2079 2223 ad
2102 2192 2247 2220 novum

1241 2238 1280 2279 in
1301 2237 1481 2281 Civitate
1514 2239 1795 2284 Bruchsalienfi
1815 2243 2001 2284 Fratrum
2023 2238 2253 2294 Capucinos

1239 2310 1331 2338 rum
1343 2298 1581 2356 erigendum
1594 2303 1857 2342 conventum
1874 2297 2109 2341 facultatem
2125 2298 2145 2337 a
2160 2299 2247 2338 No·

1241 2355 1299 2397 bis
1329 2357 1638 2413 efflagitantibus
1665 2371 1680 2410 ;
1711 2373 1756 2401 ea
1786 2357 1975 2400 nimirum
2002 2356 2056 2399 est
2083 2354 2247 2412 pietatis

1240 2423 1315 2456 tuae
1328 2418 1551 2468 praestamia
1566 2443 1579 2462 ‚
1612 2427 1655 2458 ut
1672 2416 1887 2473 Religiofis
1902 2414 2135 2459 eorumdem
2154 2415 2250 2454 Fra·-

1239 2483 1347 2515 trum
1374 2474 1499 2515 divini
1524 2472 1656 2517 culttis
1688 2478 1735 2517 ad
1755 2474 2113 2530 amplificationem
2128 2485 2251 2513 cona·

1238 2531 1346 2572 tibus
1367 2535 1503 2585 praelto
1521 2535 1580 2574 Te
1611 2532 1733 2588 usque
1748 2533 1929 2575 futurum
1959 2546 2033 2587 pro
2050 2540 2165 2572 certo
2181 2530 2249 2570 ha-

1237 2589 1406 2632 beamus
1431 2619 1443 2630 .
1479 2591 1610 2633 Tuum
1644 2593 1770 2648 igitur
1813 2591 1932 2633 fuerit
1964 2585 2251 2643 exspectationi

1240 2649 1377 2689 nostrae
1390 2649 1540 2691 eximie
1568 2651 1813 2704 respondere
1829 2678 1842 2698 ,
1868 2648 2040 2701 Tibique
2058 2647 2107 2686 fic
2123 2646 2248 2700 magis

1239 2706 1279 2746 in
1312 2707 1396 2746 dies
1437 2706 1640 2759 magisque
1671 2703 1924 2746 Pontificiam
1959 2703 2250 2744 voluntatem.»

1241 2761 1460 2804 conciliare
1474 2791 1484 2801 .
1502 2761 1684 2804 Solidum
1702 2762 1866 2803 interim
1893 2759 2072 2816 ejusdem
2086 2760 2250 2815 pignus,

1244 2820 1505 2862 Fraternitati
1520 2822 1615 2861 Tuae
1629 2823 1663 2862 A
1670 2820 1903 2875 postolicam
1916 2817 2247 2863 Benedifflonem

1246 2890 1295 2920 ex
1312 2893 1444 2920 animo
1459 2880 1728 2932 impertimur.

1308 2939 1456 2979 Datum
1477 2939 1614 2978 Romae
1639 2937 1743 2992 apud
1770 2941 1949 2981 sanilam
1966 2936 2137 2979 Mariam
2161 2937 2250 2979 Mai

1246 2993 1380 3050 jorem
1408 2993 1474 3034 sub
1493 2996 1656 3037 Annulo
1684 2996 1919 3048 piscatoris,
1950 2997 2026 3038 Die
2063 3010 2092 3036 ι.
2111 2996 2249 3049 Augu·

1249 3053 1293 3094 sti
1329 3069 1354 3092 u
1379 3068 1408 3094 n
1435 3069 1455 3094 c
1485 3069 1504 3095 1.
1530 3067 1553 3094 x
1578 3067 1604 3095 x
1635 3069 1669 3097 ι.
1715 3055 1981 3099 Pontificatus
2009 3053 2130 3097 nostri
2162 3057 2249 3097 Au·

1249 3123 1304 3155 no
1326 3111 1521 3154 secundo.

1620 3232 1771 3275 Marius
1794 3230 1959 3288 spinula
1981 3230 2137 3272 Secret-

1311 3407 1455 3459 Autog.
1486 3406 1527 3446 r‘n
1558 3405 1703 3460 se'cret.
1738 3404 1925 3450 Brevium
1955 3404 2005 3447 ad
2044 3404 2249 3458 Principes

1352 3465 1674 3579 ἐῖῖξσέἓ.Μση]ξ
1685 3495 1702 3518 ,
1727 3469 1782 3517 &0
1800 3465 1907 3510 Anni
1928 3465 2250 3519 praedmorum.
