<?xml version="1.0" encoding="UTF-8"?>
<!DOCTYPE html PUBLIC "-//W3C//DTD XHTML 1.0 Transitional//EN"
    "http://www.w3.org/TR/xhtml1/DTD/xhtml1-transitional.dtd">
<html xmlns="http://www.w3.org/1999/xhtml" xml:lang="en" lang="en">
 <head>
  <title>
</title>
<meta http-equiv="Content-Type" content="text/html;charset=utf-8" />
  <meta name='ocr-system' content='tesseract 3.04.00' />
  <meta name='ocr-capabilities' content='ocr_page ocr_carea ocr_par ocr_line ocrx_word'/>
</head>
<body>
  <div class='ocr_page' id='page_1' title='image "./bullariumordinis04cath_0039.png"; bbox 0 0 2658 4256; ppageno 0'>
   <div class='ocr_carea' id='block_1_1' title="bbox 933 212 2258 331">
    <p class='ocr_par' dir='ltr' id='par_1_1' title="bbox 933 212 2258 331">
     <span class='ocr_line' id='line_1_1' title="bbox 933 212 2258 331; baseline -0.009 -31"><span class='ocrx_word' id='word_1_1' title='bbox 933 212 1571 331; x_wconf 59' lang='lat' dir='ltr'><em>Ap‘ostolica.</em></span> <span class='ocrx_word' id='word_1_2' title='bbox 2166 254 2258 311; x_wconf 88' lang='lat'><em>11</em></span> 
     </span>
    </p>
   </div>
   <div class='ocr_carea' id='block_1_2' title="bbox 154 341 2315 585">
    <p class='ocr_par' dir='ltr' id='par_1_2' title="bbox 134 341 2315 585">
     <span class='ocr_line' id='line_1_2' title="bbox 213 341 2315 400; baseline 0.001 -18"><span class='ocrx_word' id='word_1_3' title='bbox 213 350 351 388; x_wconf 74' lang='lat' dir='ltr'><em>rumque</em></span> <span class='ocrx_word' id='word_1_4' title='bbox 367 341 520 388; x_wconf 84' lang='lat' dir='ltr'><em>paritati</em></span> <span class='ocrx_word' id='word_1_5' title='bbox 544 343 782 391; x_wconf 62' lang='lat' dir='ltr'><em>derogatam,</em></span> <span class='ocrx_word' id='word_1_6' title='bbox 807 343 1001 382; x_wconf 68' lang='lat' dir='ltr'><em>Provincia</em></span> <span class='ocrx_word' id='word_1_7' title='bbox 1012 347 1174 382; x_wconf 77' lang='lat' dir='ltr'><em>Bobemiae</em></span> <span class='ocrx_word' id='word_1_8' title='bbox 1186 346 1225 380; x_wconf 88' lang='lat' dir='ltr'><em>in</em></span> <span class='ocrx_word' id='word_1_9' title='bbox 1238 344 1300 393; x_wconf 81' lang='lat' dir='ltr'><em>sui</em></span> <span class='ocrx_word' id='word_1_10' title='bbox 1319 345 1479 394; x_wconf 82' lang='lat' dir='ltr'><em>divisione</em></span> <span class='ocrx_word' id='word_1_11' title='bbox 1500 341 1696 384; x_wconf 77' lang='lat' dir='ltr'><em>nallatenus</em></span> <span class='ocrx_word' id='word_1_12' title='bbox 1717 342 1933 391; x_wconf 75' lang='lat' dir='ltr'><em>imponaturz</em></span> <span class='ocrx_word' id='word_1_13' title='bbox 1958 353 2061 392; x_wconf 83' lang='lat' dir='ltr'><em>atque</em></span> <span class='ocrx_word' id='word_1_14' title='bbox 2083 347 2125 380; x_wconf 86' lang='lat' dir='ltr'><em>ab</em></span> <span class='ocrx_word' id='word_1_15' title='bbox 2147 351 2223 386; x_wconf 76' lang='lat' dir='ltr'><em>aliis</em></span> <span class='ocrx_word' id='word_1_16' title='bbox 2244 355 2315 400; x_wconf 64' lang='lat' dir='ltr'><em>ja„</em></span> 
     </span>
     <span class='ocr_line' id='line_1_3' title="bbox 207 387 2313 474; baseline -0 -45"><span class='ocrx_word' id='word_1_17' title='bbox 207 389 322 474; x_wconf 57' lang='grc' dir='ltr'><em>ὀίνὲἰε</em></span> <span class='ocrx_word' id='word_1_18' title='bbox 335 387 533 426; x_wconf 72' lang='lat' dir='ltr'><em>Provinciis</em></span> <span class='ocrx_word' id='word_1_19' title='bbox 555 396 656 429; x_wconf 85' lang='lat' dir='ltr'><em>etiam</em></span> <span class='ocrx_word' id='word_1_20' title='bbox 678 394 785 430; x_wconf 83' lang='lat' dir='ltr'><em>denno</em></span> <span class='ocrx_word' id='word_1_21' title='bbox 813 404 1054 437; x_wconf 84' lang='lat' dir='ltr'><em>removeatur,</em></span> <span class='ocrx_word' id='word_1_22' title='bbox 1080 394 1153 430; x_wconf 63' lang='lat' dir='ltr'><em>ciem</em></span> <span class='ocrx_word' id='word_1_23' title='bbox 1173 394 1345 441; x_wconf 65' lang='lat' dir='ltr'><em>aequitatis</em></span> <span class='ocrx_word' id='word_1_24' title='bbox 1367 394 1456 430; x_wconf 89' lang='lat' dir='ltr'><em>ratio</em></span> <span class='ocrx_word' id='word_1_25' title='bbox 1475 403 1543 427; x_wconf 92' lang='lat' dir='ltr'><em>non</em></span> <span class='ocrx_word' id='word_1_26' title='bbox 1564 390 1727 426; x_wconf 79' lang='lat' dir='ltr'><em>admittat</em></span> <span class='ocrx_word' id='word_1_27' title='bbox 1740 415 1752 433; x_wconf 92' lang='lat'>,</span> <span class='ocrx_word' id='word_1_28' title='bbox 1778 402 1819 428; x_wconf 86' lang='lat' dir='ltr'><em>ut</em></span> <span class='ocrx_word' id='word_1_29' title='bbox 1829 393 1976 429; x_wconf 88' lang='lat' dir='ltr'><em>membra</em></span> <span class='ocrx_word' id='word_1_30' title='bbox 1999 394 2140 441; x_wconf 82' lang='lat' dir='ltr'><em>ejusdem</em></span> <span class='ocrx_word' id='word_1_31' title='bbox 2158 399 2313 444; x_wconf 64' lang='lat' dir='ltr'><em>Corpori,-</em></span> 
     </span>
     <span class='ocr_line' id='line_1_4' title="bbox 168 435 2313 490; baseline -0 -13"><span class='ocrx_word' id='word_1_32' title='bbox 168 459 187 477; x_wconf 61' lang='grc' dir='ltr'>μ</span> <span class='ocrx_word' id='word_1_33' title='bbox 208 450 248 475; x_wconf 85' lang='lat' dir='ltr'><em>ac</em></span> <span class='ocrx_word' id='word_1_34' title='bbox 298 435 453 484; x_wconf 79' lang='lat' dir='ltr'><em>eligionis</em></span> <span class='ocrx_word' id='word_1_35' title='bbox 468 464 480 478; x_wconf 89' lang='lat'>‚</span> <span class='ocrx_word' id='word_1_36' title='bbox 506 442 626 487; x_wconf 87' lang='lat' dir='ltr'><em>quibus</em></span> <span class='ocrx_word' id='word_1_37' title='bbox 649 442 827 479; x_wconf 86' lang='lat' dir='ltr'><em>communis</em></span> <span class='ocrx_word' id='word_1_38' title='bbox 846 441 926 489; x_wconf 87' lang='lat' dir='ltr'><em>usus</em></span> <span class='ocrx_word' id='word_1_39' title='bbox 948 443 987 476; x_wconf 88' lang='lat' dir='ltr'><em>in</em></span> <span class='ocrx_word' id='word_1_40' title='bbox 1013 442 1123 479; x_wconf 75' lang='lat' dir='ltr'><em>Charo</em></span> <span class='ocrx_word' id='word_1_41' title='bbox 1147 442 1190 482; x_wconf 57' lang='grc' dir='ltr'><em>(ἶς’</em></span> <span class='ocrx_word' id='word_1_42' title='bbox 1205 442 1364 488; x_wconf 85' lang='lat' dir='ltr'><em>Capitulo</em></span> <span class='ocrx_word' id='word_1_43' title='bbox 1379 466 1393 485; x_wconf 94' lang='lat'>,</span> <span class='ocrx_word' id='word_1_44' title='bbox 1417 450 1518 487; x_wconf 87' lang='lat' dir='ltr'><em>atque</em></span> <span class='ocrx_word' id='word_1_45' title='bbox 1540 439 1652 474; x_wconf 86' lang='lat' dir='ltr'><em>eadem</em></span> <span class='ocrx_word' id='word_1_46' title='bbox 1676 438 1717 486; x_wconf 85' lang='lat' dir='ltr'><em>est</em></span> <span class='ocrx_word' id='word_1_47' title='bbox 1739 441 1884 475; x_wconf 83' lang='lat' dir='ltr'><em>vivendi</em></span> <span class='ocrx_word' id='word_1_48' title='bbox 1906 442 1996 476; x_wconf 81' lang='lat' dir='ltr'><em>ratio</em></span> <span class='ocrx_word' id='word_1_49' title='bbox 2013 466 2026 482; x_wconf 90' lang='lat'>,</span> <span class='ocrx_word' id='word_1_50' title='bbox 2053 442 2184 488; x_wconf 85' lang='lat' dir='ltr'><em>diverso</em></span> <span class='ocrx_word' id='word_1_51' title='bbox 2203 445 2313 490; x_wconf 44' lang='lat' dir='ltr'><em>jure-⁴,</em></span> 
     </span>
     <span class='ocr_line' id='line_1_5' title="bbox 206 485 2313 537; baseline 0.001 -14.901"><span class='ocrx_word' id='word_1_52' title='bbox 206 485 407 534; x_wconf 83' lang='lat' dir='ltr'><em>censeantur</em></span> <span class='ocrx_word' id='word_1_53' title='bbox 423 514 431 522; x_wconf 91' lang='lat'>.</span> <span class='ocrx_word' id='word_1_54' title='bbox 456 488 654 536; x_wconf 76' lang='lat' dir='ltr'><em>Potiffimicm</em></span> <span class='ocrx_word' id='word_1_55' title='bbox 665 514 677 533; x_wconf 88' lang='lat'><em>‚</em></span> <span class='ocrx_word' id='word_1_56' title='bbox 690 491 761 526; x_wconf 76' lang='lat' dir='ltr'><em>cam</em></span> <span class='ocrx_word' id='word_1_57' title='bbox 774 488 870 524; x_wconf 67' lang='lat' dir='ltr'><em>ditiis</em></span> <span class='ocrx_word' id='word_1_58' title='bbox 882 490 1082 526; x_wconf 78' lang='lat' dir='ltr'><em>Provinciis</em></span> <span class='ocrx_word' id='word_1_59' title='bbox 1100 499 1169 525; x_wconf 86' lang='lat' dir='ltr'><em>tam</em></span> <span class='ocrx_word' id='word_1_60' title='bbox 1183 489 1296 537; x_wconf 82' lang='lat' dir='ltr'><em>divisis</em></span> <span class='ocrx_word' id='word_1_61' title='bbox 1312 513 1321 527; x_wconf 88' lang='lat'><strong>,</strong></span> <span class='ocrx_word' id='word_1_62' title='bbox 1346 487 1446 536; x_wconf 78' lang='lat' dir='ltr'><em>quam</em></span> <span class='ocrx_word' id='word_1_63' title='bbox 1469 486 1665 522; x_wconf 85' lang='lat' dir='ltr'><em>dividendis</em></span> <span class='ocrx_word' id='word_1_64' title='bbox 1689 496 1730 521; x_wconf 89' lang='lat' dir='ltr'><em>ex</em></span> <span class='ocrx_word' id='word_1_65' title='bbox 1750 487 1866 534; x_wconf 77' lang='lat' dir='ltr'><em>regula</em></span> <span class='ocrx_word' id='word_1_66' title='bbox 1879 487 2088 535; x_wconf 69' lang='lat' dir='ltr'><em>Seraphim,</em></span> <span class='ocrx_word' id='word_1_67' title='bbox 2110 490 2230 526; x_wconf 82' lang='lat' dir='ltr'><em>Sacris</em></span> <span class='ocrx_word' id='word_1_68' title='bbox 2247 496 2313 530; x_wconf 79' lang='lat' dir='ltr'><em>Ca.</em></span> 
     </span>
     <span class='ocr_line' id='line_1_6' title="bbox 154 532 2312 585; baseline 0.003 -17"><span class='ocrx_word' id='word_1_69' title='bbox 154 570 157 575; x_wconf 60' lang='lat'><em>,</em></span> <span class='ocrx_word' id='word_1_70' title='bbox 182 534 352 569; x_wconf 60' lang='lat' dir='ltr'><em>monibus</em></span> <span class='ocrx_word' id='word_1_71' title='bbox 366 560 375 573; x_wconf 86' lang='lat'><strong>‚</strong></span> <span class='ocrx_word' id='word_1_72' title='bbox 401 534 556 572; x_wconf 75' lang='lat' dir='ltr'><em>Decretis</em></span> <span class='ocrx_word' id='word_1_73' title='bbox 578 536 793 583; x_wconf 72' lang='lat' dir='ltr'><em>pontificiis,</em></span> <span class='ocrx_word' id='word_1_74' title='bbox 817 547 857 572; x_wconf 86' lang='lat' dir='ltr'><em>ac</em></span> <span class='ocrx_word' id='word_1_75' title='bbox 883 536 1027 585; x_wconf 86' lang='lat' dir='ltr'><em>ejusdem</em></span> <span class='ocrx_word' id='word_1_76' title='bbox 1050 537 1198 574; x_wconf 79' lang='lat' dir='ltr'><em>Ordinis</em></span> <span class='ocrx_word' id='word_1_77' title='bbox 1223 535 1528 584; x_wconf 76' lang='lat' dir='ltr'><em>Constitutionibus</em></span> <span class='ocrx_word' id='word_1_78' title='bbox 1550 532 1640 582; x_wconf 70' lang='lat' dir='ltr'><em>aque</em></span> <span class='ocrx_word' id='word_1_79' title='bbox 1660 558 1668 571; x_wconf 81' lang='lat'><em>.</em></span> <span class='ocrx_word' id='word_1_80' title='bbox 1684 532 1784 579; x_wconf 72' lang='lat' dir='ltr'><em>quam</em></span> <span class='ocrx_word' id='word_1_81' title='bbox 1806 535 1885 571; x_wconf 88' lang='lat' dir='ltr'><em>aliis</em></span> <span class='ocrx_word' id='word_1_82' title='bbox 1916 535 2062 572; x_wconf 85' lang='lat' dir='ltr'><em>aliarum</em></span> <span class='ocrx_word' id='word_1_83' title='bbox 2084 534 2312 575; x_wconf 56' lang='lat' dir='ltr'><em>Nationum„</em></span> 
     </span>
    </p>
   </div>
   <div class='ocr_carea' id='block_1_3' title="bbox 90 579 2313 734">
    <p class='ocr_par' dir='ltr' id='par_1_3' title="bbox 82 579 2313 734">
     <span class='ocr_line' id='line_1_7' title="bbox 119 579 2312 634; baseline -0 -17.002"><span class='ocrx_word' id='word_1_84' title='bbox 119 611 150 630; x_wconf 60' lang='grc'><em>,</em></span> <span class='ocrx_word' id='word_1_85' title='bbox 192 579 405 625; x_wconf 57' lang='grc' dir='ltr'><em>&gt;Ῥνοὐἰηι-ἱίς</em></span> <span class='ocrx_word' id='word_1_86' title='bbox 425 592 526 631; x_wconf 89' lang='lat' dir='ltr'><em>pares</em></span> <span class='ocrx_word' id='word_1_87' title='bbox 544 585 596 622; x_wconf 81' lang='lat' dir='ltr'><em>Ca</em></span> <span class='ocrx_word' id='word_1_88' title='bbox 623 585 697 620; x_wconf 88' lang='lat' dir='ltr'><em>odes</em></span> <span class='ocrx_word' id='word_1_89' title='bbox 712 609 722 626; x_wconf 84' lang='lat'><em>‚</em></span> <span class='ocrx_word' id='word_1_90' title='bbox 741 585 910 634; x_wconf 87' lang='lat' dir='ltr'><em>pariaque</em></span> <span class='ocrx_word' id='word_1_91' title='bbox 924 583 1097 632; x_wconf 77' lang='lat' dir='ltr'><em>suffragia</em></span> <span class='ocrx_word' id='word_1_92' title='bbox 1121 586 1161 619; x_wconf 72' lang='lat' dir='ltr'><em>In</em></span> <span class='ocrx_word' id='word_1_93' title='bbox 1183 582 1356 630; x_wconf 83' lang='lat' dir='ltr'><em>Capitulis</em></span> <span class='ocrx_word' id='word_1_94' title='bbox 1381 582 1609 620; x_wconf 88' lang='lat' dir='ltr'><em>Generalibus</em></span> <span class='ocrx_word' id='word_1_95' title='bbox 1629 581 1843 617; x_wconf 79' lang='lat' dir='ltr'><em>debeantur:</em></span> <span class='ocrx_word' id='word_1_96' title='bbox 1872 596 1955 631; x_wconf 81' lang='lat' dir='ltr'><em>quas</em></span> <span class='ocrx_word' id='word_1_97' title='bbox 1973 584 2115 630; x_wconf 81' lang='lat' dir='ltr'><em>proinde</em></span> <span class='ocrx_word' id='word_1_98' title='bbox 2136 585 2232 620; x_wconf 65' lang='lat' dir='ltr'><em>ditiis</em></span> <span class='ocrx_word' id='word_1_99' title='bbox 2253 587 2312 633; x_wconf 83' lang='lat' dir='ltr'><em>ju.</em></span> 
     </span>
     <span class='ocr_line' id='line_1_8' title="bbox 193 627 2312 683; baseline 0.001 -16.9"><span class='ocrx_word' id='word_1_100' title='bbox 193 630 303 668; x_wconf 64' lang='lat' dir='ltr'><em>‚ribus</em></span> <span class='ocrx_word' id='word_1_101' title='bbox 314 631 386 679; x_wconf 86' lang='lat' dir='ltr'><em>fine</em></span> <span class='ocrx_word' id='word_1_102' title='bbox 409 630 506 680; x_wconf 87' lang='lat' dir='ltr'><em>culpa</em></span> <span class='ocrx_word' id='word_1_103' title='bbox 531 632 571 668; x_wconf 87' lang='lat' dir='ltr'><em>de</em></span> <span class='ocrx_word' id='word_1_104' title='bbox 595 633 705 668; x_wconf 85' lang='lat' dir='ltr'><em>ituere</em></span> <span class='ocrx_word' id='word_1_105' title='bbox 717 656 730 677; x_wconf 93' lang='lat'>‚</span> <span class='ocrx_word' id='word_1_106' title='bbox 756 632 798 682; x_wconf 83' lang='lat' dir='ltr'><em>est</em></span> <span class='ocrx_word' id='word_1_107' title='bbox 819 640 948 679; x_wconf 82' lang='lat' dir='ltr'><em>poenam</em></span> <span class='ocrx_word' id='word_1_108' title='bbox 968 632 1146 683; x_wconf 84' lang='lat' dir='ltr'><em>infligere,</em></span> <span class='ocrx_word' id='word_1_109' title='bbox 1176 631 1255 667; x_wconf 87' lang='lat' dir='ltr'><em>aliis</em></span> <span class='ocrx_word' id='word_1_110' title='bbox 1277 627 1495 668; x_wconf 83' lang='lat' dir='ltr'><em>Nationibns</em></span> <span class='ocrx_word' id='word_1_111' title='bbox 1514 627 1704 668; x_wconf 80' lang='lat' dir='ltr'><em>Notionem</em></span> <span class='ocrx_word' id='word_1_112' title='bbox 1723 628 1942 666; x_wconf 65' lang='lat' dir='ltr'><em>Teutonis-am</em></span> <span class='ocrx_word' id='word_1_113' title='bbox 1958 633 2153 680; x_wconf 84' lang='lat' dir='ltr'><em>inferiorem</em></span> <span class='ocrx_word' id='word_1_114' title='bbox 2166 633 2286 679; x_wconf 85' lang='lat' dir='ltr'><em>facere</em></span> <span class='ocrx_word' id='word_1_115' title='bbox 2299 658 2312 678; x_wconf 84' lang='lat'><strong>‚</strong></span> 
     </span>
     <span class='ocr_line' id='line_1_9' title="bbox 90 676 2313 734; baseline 0 -18"><span class='ocrx_word' id='word_1_116' title='bbox 90 684 103 702; x_wconf 38' lang='grc' dir='ltr'><em>*ἰ</em></span> <span class='ocrx_word' id='word_1_117' title='bbox 147 715 149 717; x_wconf 86' lang='grc'><em>,</em></span> <span class='ocrx_word' id='word_1_118' title='bbox 197 676 408 716; x_wconf 69' lang='lat' dir='ltr'><em>Provincias</em></span> <span class='ocrx_word' id='word_1_119' title='bbox 428 688 694 728; x_wconf 77' lang='lat' dir='ltr'><em>praememoratas</em></span> <span class='ocrx_word' id='word_1_120' title='bbox 709 678 896 729; x_wconf 85' lang='lat' dir='ltr'><em>neceffariis</em></span> <span class='ocrx_word' id='word_1_121' title='bbox 916 679 1097 727; x_wconf 81' lang='lat' dir='ltr'><em>Ablegatis</em></span> <span class='ocrx_word' id='word_1_122' title='bbox 1118 679 1160 720; x_wconf 70' lang='lat'><em>&amp;¹</em></span> <span class='ocrx_word' id='word_1_123' title='bbox 1179 677 1376 727; x_wconf 84' lang='lat' dir='ltr'><em>Custodibus</em></span> <span class='ocrx_word' id='word_1_124' title='bbox 1391 701 1402 721; x_wconf 88' lang='lat'>‚</span> <span class='ocrx_word' id='word_1_125' title='bbox 1428 679 1491 734; x_wconf 67' lang='lat' dir='ltr'><em>qui</em></span> <span class='ocrx_word' id='word_1_126' title='bbox 1513 681 1551 712; x_wconf 83' lang='lat' dir='ltr'><em>in</em></span> <span class='ocrx_word' id='word_1_127' title='bbox 1566 678 1722 714; x_wconf 85' lang='lat' dir='ltr'><em>Comitiis</em></span> <span class='ocrx_word' id='word_1_128' title='bbox 1741 677 1970 715; x_wconf 82' lang='lat' dir='ltr'><em>Generalibus</em></span> <span class='ocrx_word' id='word_1_129' title='bbox 1982 680 2167 716; x_wconf 80' lang='lat' dir='ltr'><em>earundem</em></span> <span class='ocrx_word' id='word_1_130' title='bbox 2189 682 2313 729; x_wconf 78' lang='lat' dir='ltr'><em>neceffi·</em></span> 
     </span>
    </p>
   </div>
   <div class='ocr_carea' id='block_1_4' title="bbox 187 724 2341 1739">
    <p class='ocr_par' dir='ltr' id='par_1_4' title="bbox 199 724 2312 859">
     <span class='ocr_line' id='line_1_10' title="bbox 201 724 2312 777; baseline -0.002 -15"><span class='ocrx_word' id='word_1_131' title='bbox 201 734 293 762; x_wconf 80' lang='lat' dir='ltr'><em>tates</em></span> <span class='ocrx_word' id='word_1_132' title='bbox 316 740 356 762; x_wconf 86' lang='lat' dir='ltr'><em>ac</em></span> <span class='ocrx_word' id='word_1_133' title='bbox 376 729 511 775; x_wconf 84' lang='lat' dir='ltr'><em>negotia</em></span> <span class='ocrx_word' id='word_1_134' title='bbox 532 732 653 764; x_wconf 70' lang='lat' dir='ltr'><em>curent</em></span> <span class='ocrx_word' id='word_1_135' title='bbox 666 750 678 769; x_wconf 95' lang='lat'>,</span> <span class='ocrx_word' id='word_1_136' title='bbox 701 727 743 767; x_wconf 64' lang='grc' dir='ltr'><em>(ἓν</em></span> <span class='ocrx_word' id='word_1_137' title='bbox 764 735 974 775; x_wconf 82' lang='lat' dir='ltr'><em>proponant,</em></span> <span class='ocrx_word' id='word_1_138' title='bbox 999 727 1177 777; x_wconf 84' lang='lat' dir='ltr'><em>destituere</em></span> <span class='ocrx_word' id='word_1_139' title='bbox 1190 739 1203 766; x_wconf 85' lang='lat'>3</span> <span class='ocrx_word' id='word_1_140' title='bbox 1228 738 1267 762; x_wconf 90' lang='lat' dir='ltr'><em>ac</em></span> <span class='ocrx_word' id='word_1_141' title='bbox 1290 724 1473 776; x_wconf 81' lang='lat' dir='ltr'><em>diffensions</em></span> <span class='ocrx_word' id='word_1_142' title='bbox 1488 748 1502 769; x_wconf 86' lang='lat'>,</span> <span class='ocrx_word' id='word_1_143' title='bbox 1525 725 1716 774; x_wconf 68' lang='lat' dir='ltr'><em>diffidentiae</em></span> <span class='ocrx_word' id='word_1_144' title='bbox 1728 749 1741 769; x_wconf 88' lang='lat'>,</span> <span class='ocrx_word' id='word_1_145' title='bbox 1766 725 1809 766; x_wconf 73' lang='lat'><em>(9⁶</em></span> <span class='ocrx_word' id='word_1_146' title='bbox 1831 726 2100 773; x_wconf 83' lang='lat' dir='ltr'><em>inquietitudini</em></span> <span class='ocrx_word' id='word_1_147' title='bbox 2118 727 2212 764; x_wconf 89' lang='lat' dir='ltr'><em>inter</em></span> <span class='ocrx_word' id='word_1_148' title='bbox 2225 728 2312 766; x_wconf 84' lang='lat' dir='ltr'><em>Pro.</em></span> 
     </span>
     <span class='ocr_line' id='line_1_11' title="bbox 199 773 1351 859; baseline -0.001 -49"><span class='ocrx_word' id='word_1_149' title='bbox 199 775 335 811; x_wconf 80' lang='lat' dir='ltr'><em>vincias</em></span> <span class='ocrx_word' id='word_1_150' title='bbox 353 776 396 817; x_wconf 65' lang='grc' dir='ltr'><em>ὁ·</em></span> <span class='ocrx_word' id='word_1_151' title='bbox 411 774 586 814; x_wconf 80' lang='lat' dir='ltr'><em>Nationes</em></span> <span class='ocrx_word' id='word_1_152' title='bbox 608 773 752 822; x_wconf 86' lang='lat' dir='ltr'><em>ejusdem</em></span> <span class='ocrx_word' id='word_1_153' title='bbox 778 774 1095 859; x_wconf 74' lang='lat' dir='ltr'><em>Ordiniszomitem</em></span> <span class='ocrx_word' id='word_1_154' title='bbox 1106 774 1326 822; x_wconf 71' lang='lat' dir='ltr'><em>suppeditare</em></span> <span class='ocrx_word' id='word_1_155' title='bbox 1340 799 1351 809; x_wconf 91' lang='lat'>.</span> 
     </span>
    </p>

    <p class='ocr_par' dir='ltr' id='par_1_5' title="bbox 187 819 2312 1195">
     <span class='ocr_line' id='line_1_12' title="bbox 295 819 2310 871; baseline -0 -10"><span class='ocrx_word' id='word_1_156' title='bbox 295 822 501 870; x_wconf 82' lang='lat' dir='ltr'><em>Confidimus</em></span> <span class='ocrx_word' id='word_1_157' title='bbox 526 824 626 860; x_wconf 85' lang='lat' dir='ltr'><em>etiam</em></span> <span class='ocrx_word' id='word_1_158' title='bbox 635 822 888 859; x_wconf 72' lang='lat' dir='ltr'><em>paternitatem</em></span> <span class='ocrx_word' id='word_1_159' title='bbox 944 822 1060 871; x_wconf 88' lang='lat' dir='ltr'><em>estram</em></span> <span class='ocrx_word' id='word_1_160' title='bbox 1078 821 1315 860; x_wconf 88' lang='lat' dir='ltr'><em>Reverendam</em></span> <span class='ocrx_word' id='word_1_161' title='bbox 1329 833 1404 857; x_wconf 89' lang='lat' dir='ltr'><em>cum</em></span> <span class='ocrx_word' id='word_1_162' title='bbox 1421 820 1599 857; x_wconf 74' lang='lat' dir='ltr'><em>“Patribus</em></span> <span class='ocrx_word' id='word_1_163' title='bbox 1622 819 1873 867; x_wconf 77' lang='lat' dir='ltr'><em>Definitoribus</em></span> <span class='ocrx_word' id='word_1_164' title='bbox 1899 823 2126 861; x_wconf 84' lang='lat' dir='ltr'><em>Generalibus</em></span> <span class='ocrx_word' id='word_1_165' title='bbox 2149 837 2310 862; x_wconf 53' lang='lat' dir='ltr'><em>omnem)</em></span> 
     </span>
     <span class='ocr_line' id='line_1_13' title="bbox 197 869 2309 920; baseline 0 -12"><span class='ocrx_word' id='word_1_166' title='bbox 197 880 330 920; x_wconf 84' lang='lat' dir='ltr'><em>operam</em></span> <span class='ocrx_word' id='word_1_167' title='bbox 353 870 610 907; x_wconf 76' lang='lat' dir='ltr'><em>adhibituram.</em></span> <span class='ocrx_word' id='word_1_168' title='bbox 637 878 678 905; x_wconf 85' lang='lat' dir='ltr'><em>ut</em></span> <span class='ocrx_word' id='word_1_169' title='bbox 703 869 745 910; x_wconf 57' lang='grc' dir='ltr'><em>(ζ’</em></span> <span class='ocrx_word' id='word_1_170' title='bbox 765 869 875 906; x_wconf 90' lang='lat' dir='ltr'><em>altera</em></span> <span class='ocrx_word' id='word_1_171' title='bbox 904 870 1067 919; x_wconf 80' lang='lat' dir='ltr'><em>Clausala</em></span> <span class='ocrx_word' id='word_1_172' title='bbox 1093 869 1267 905; x_wconf 69' lang='lat' dir='ltr'><em>ereiiionis</em></span> <span class='ocrx_word' id='word_1_173' title='bbox 1289 880 1452 904; x_wconf 87' lang='lat' dir='ltr'><em>novornm</em></span> <span class='ocrx_word' id='word_1_174' title='bbox 1478 871 1719 907; x_wconf 86' lang='lat' dir='ltr'><em>Conventuum</em></span> <span class='ocrx_word' id='word_1_175' title='bbox 1744 869 1951 906; x_wconf 83' lang='lat' dir='ltr'><em>inhibitoria</em></span> <span class='ocrx_word' id='word_1_176' title='bbox 1976 874 2014 907; x_wconf 90' lang='lat' dir='ltr'><em>in</em></span> <span class='ocrx_word' id='word_1_177' title='bbox 2031 874 2215 920; x_wconf 85' lang='lat' dir='ltr'><em>Divistonis</em></span> <span class='ocrx_word' id='word_1_178' title='bbox 2237 874 2309 909; x_wconf 88' lang='lat' dir='ltr'><em>De-</em></span> 
     </span>
     <span class='ocr_line' id='line_1_14' title="bbox 195 916 2306 967; baseline -0 -10"><span class='ocrx_word' id='word_1_179' title='bbox 195 930 287 958; x_wconf 83' lang='lat' dir='ltr'><em>creta</em></span> <span class='ocrx_word' id='word_1_180' title='bbox 307 927 368 967; x_wconf 86' lang='lat' dir='ltr'><em>pro</em></span> <span class='ocrx_word' id='word_1_181' title='bbox 383 917 576 955; x_wconf 86' lang='lat' dir='ltr'><em>Provincia</em></span> <span class='ocrx_word' id='word_1_182' title='bbox 592 916 760 953; x_wconf 65' lang='lat' dir='ltr'><em>fBohemiae</em></span> <span class='ocrx_word' id='word_1_183' title='bbox 775 917 976 964; x_wconf 87' lang='lat' dir='ltr'><em>expediendo</em></span> <span class='ocrx_word' id='word_1_184' title='bbox 998 929 1065 953; x_wconf 87' lang='lat' dir='ltr'><em>non</em></span> <span class='ocrx_word' id='word_1_185' title='bbox 1088 917 1283 965; x_wconf 80' lang='lat' dir='ltr'><em>inseratur:</em></span> <span class='ocrx_word' id='word_1_186' title='bbox 1309 929 1347 952; x_wconf 86' lang='lat' dir='ltr'><em>ac</em></span> <span class='ocrx_word' id='word_1_187' title='bbox 1370 917 1500 963; x_wconf 85' lang='lat' dir='ltr'><em>inserta</em></span> <span class='ocrx_word' id='word_1_188' title='bbox 1517 925 1580 963; x_wconf 90' lang='lat' dir='ltr'><em>pro</em></span> <span class='ocrx_word' id='word_1_189' title='bbox 1602 916 1681 951; x_wconf 89' lang='lat' dir='ltr'><em>aliis</em></span> <span class='ocrx_word' id='word_1_190' title='bbox 1699 917 1770 963; x_wconf 84' lang='lat' dir='ltr'><em>jam</em></span> <span class='ocrx_word' id='word_1_191' title='bbox 1791 917 1904 965; x_wconf 85' lang='lat' dir='ltr'><em>divifis</em></span> <span class='ocrx_word' id='word_1_192' title='bbox 1933 920 2040 956; x_wconf 86' lang='lat' dir='ltr'><em>denuo</em></span> <span class='ocrx_word' id='word_1_193' title='bbox 2066 929 2306 956; x_wconf 83' lang='lat' dir='ltr'><em>removeatur.</em></span> 
     </span>
     <span class='ocr_line' id='line_1_15' title="bbox 193 963 2312 1014; baseline -0.001 -9"><span class='ocrx_word' id='word_1_194' title='bbox 193 970 283 1007; x_wconf 72' lang='lat' dir='ltr'><em>cam</em></span> <span class='ocrx_word' id='word_1_195' title='bbox 305 967 394 1003; x_wconf 89' lang='lat' dir='ltr'><em>enim</em></span> <span class='ocrx_word' id='word_1_196' title='bbox 423 967 462 1000; x_wconf 86' lang='lat' dir='ltr'><em>in</em></span> <span class='ocrx_word' id='word_1_197' title='bbox 487 966 539 1001; x_wconf 86' lang='lat' dir='ltr'><em>his</em></span> <span class='ocrx_word' id='word_1_198' title='bbox 563 964 664 1013; x_wconf 87' lang='lat' dir='ltr'><em>vastis</em></span> <span class='ocrx_word' id='word_1_199' title='bbox 686 964 878 1007; x_wconf 78' lang='lat' dir='ltr'><em>Germanico</em></span> <span class='ocrx_word' id='word_1_200' title='bbox 899 965 1111 1013; x_wconf 81' lang='lat' dir='ltr'><em>Regionibus</em></span> <span class='ocrx_word' id='word_1_201' title='bbox 1125 988 1138 1006; x_wconf 81' lang='lat'>‚</span> <span class='ocrx_word' id='word_1_202' title='bbox 1161 966 1272 1000; x_wconf 89' lang='lat' dir='ltr'><em>variis</em></span> <span class='ocrx_word' id='word_1_203' title='bbox 1290 964 1460 1014; x_wconf 85' lang='lat' dir='ltr'><em>haerefibus</em></span> <span class='ocrx_word' id='word_1_204' title='bbox 1485 963 1615 1012; x_wconf 67' lang='lat' dir='ltr'><em>infiefiiis</em></span> <span class='ocrx_word' id='word_1_205' title='bbox 1630 989 1643 1008; x_wconf 90' lang='lat'>,</span> <span class='ocrx_word' id='word_1_206' title='bbox 1669 963 1835 1011; x_wconf 87' lang='lat' dir='ltr'><em>Operarii</em></span> <span class='ocrx_word' id='word_1_207' title='bbox 1860 968 1899 1000; x_wconf 86' lang='lat' dir='ltr'><em>in</em></span> <span class='ocrx_word' id='word_1_208' title='bbox 1924 968 2027 1002; x_wconf 85' lang='lat' dir='ltr'><em>vinea</em></span> <span class='ocrx_word' id='word_1_209' title='bbox 2042 967 2195 1002; x_wconf 78' lang='lat' dir='ltr'><em>‘Domini</em></span> <span class='ocrx_word' id='word_1_210' title='bbox 2220 966 2312 1002; x_wconf 87' lang='lat' dir='ltr'><em>labo-</em></span> 
     </span>
     <span class='ocr_line' id='line_1_16' title="bbox 190 1012 2308 1097; baseline -0.002 -43"><span class='ocrx_word' id='word_1_211' title='bbox 190 1025 312 1054; x_wconf 78' lang='lat' dir='ltr'><em>rantes</em></span> <span class='ocrx_word' id='word_1_212' title='bbox 323 1014 393 1062; x_wconf 82' lang='lat' dir='ltr'><em>fint</em></span> <span class='ocrx_word' id='word_1_213' title='bbox 420 1012 592 1097; x_wconf 45' lang='lat' dir='ltr'><em>uetkeffisrii</em></span> <span class='ocrx_word' id='word_1_214' title='bbox 608 1036 621 1055; x_wconf 88' lang='lat'>,</span> <span class='ocrx_word' id='word_1_215' title='bbox 635 1012 787 1048; x_wconf 71' lang='lat' dir='ltr'><em>haretici</em></span> <span class='ocrx_word' id='word_1_216' title='bbox 809 1022 921 1049; x_wconf 86' lang='lat' dir='ltr'><em>autem</em></span> <span class='ocrx_word' id='word_1_217' title='bbox 934 1013 1158 1062; x_wconf 81' lang='lat' dir='ltr'><em>singulariter</em></span> <span class='ocrx_word' id='word_1_218' title='bbox 1177 1013 1367 1060; x_wconf 85' lang='lat' dir='ltr'><em>Capucinos</em></span> <span class='ocrx_word' id='word_1_219' title='bbox 1382 1013 1577 1060; x_wconf 86' lang='lat' dir='ltr'><em>suscipiant</em></span> <span class='ocrx_word' id='word_1_220' title='bbox 1590 1038 1601 1054; x_wconf 93' lang='lat'><strong>,</strong></span> <span class='ocrx_word' id='word_1_221' title='bbox 1625 1013 1668 1054; x_wconf 56' lang='grc' dir='ltr'><em>(ἀπ’</em></span> <span class='ocrx_word' id='word_1_222' title='bbox 1682 1014 1721 1048; x_wconf 89' lang='lat' dir='ltr'><em>ob</em></span> <span class='ocrx_word' id='word_1_223' title='bbox 1742 1015 1824 1050; x_wconf 82' lang='lat' dir='ltr'><em>vitae</em></span> <span class='ocrx_word' id='word_1_224' title='bbox 1848 1013 2158 1060; x_wconf 86' lang='lat' dir='ltr'><em>exemplaritatem,</em></span> <span class='ocrx_word' id='word_1_225' title='bbox 2184 1016 2308 1051; x_wconf 83' lang='lat' dir='ltr'><em>mundi</em></span> 
     </span>
     <span class='ocr_line' id='line_1_17' title="bbox 187 1059 2308 1110; baseline 0 -12"><span class='ocrx_word' id='word_1_226' title='bbox 187 1069 440 1109; x_wconf 75' lang='lat' dir='ltr'><em>contemptum,</em></span> <span class='ocrx_word' id='word_1_227' title='bbox 498 1059 708 1109; x_wconf 84' lang='lat' dir='ltr'><em>vangelicam</em></span> <span class='ocrx_word' id='word_1_228' title='bbox 732 1059 998 1107; x_wconf 85' lang='lat' dir='ltr'><em>Paupertatem,</em></span> <span class='ocrx_word' id='word_1_229' title='bbox 1024 1073 1063 1097; x_wconf 92' lang='lat' dir='ltr'><em>ac</em></span> <span class='ocrx_word' id='word_1_230' title='bbox 1085 1061 1231 1096; x_wconf 84' lang='lat' dir='ltr'><em>omnium</em></span> <span class='ocrx_word' id='word_1_231' title='bbox 1255 1072 1370 1098; x_wconf 87' lang='lat' dir='ltr'><em>rerum</em></span> <span class='ocrx_word' id='word_1_232' title='bbox 1388 1059 1622 1108; x_wconf 85' lang='lat' dir='ltr'><em>temporalium</em></span> <span class='ocrx_word' id='word_1_233' title='bbox 1647 1060 1903 1109; x_wconf 80' lang='lat' dir='ltr'><em>despicientiam</em></span> <span class='ocrx_word' id='word_1_234' title='bbox 1930 1063 1968 1097; x_wconf 88' lang='lat' dir='ltr'><em>in</em></span> <span class='ocrx_word' id='word_1_235' title='bbox 1994 1073 2045 1098; x_wconf 92' lang='lat' dir='ltr'><em>eos</em></span> <span class='ocrx_word' id='word_1_236' title='bbox 2068 1071 2139 1110; x_wconf 81' lang='lat' dir='ltr'><em>prae</em></span> <span class='ocrx_word' id='word_1_237' title='bbox 2161 1064 2308 1109; x_wconf 82' lang='lat' dir='ltr'><em>reliquis</em></span> 
     </span>
     <span class='ocr_line' id='line_1_18' title="bbox 187 1106 2309 1195; baseline 0 -50"><span class='ocrx_word' id='word_1_238' title='bbox 187 1109 409 1195; x_wconf 47' lang='grc' dir='ltr'><em>φάσκων,</em></span> <span class='ocrx_word' id='word_1_239' title='bbox 431 1106 571 1156; x_wconf 88' lang='lat' dir='ltr'><em>Nosque</em></span> <span class='ocrx_word' id='word_1_240' title='bbox 591 1108 711 1145; x_wconf 87' lang='lat' dir='ltr'><em>obinde</em></span> <span class='ocrx_word' id='word_1_241' title='bbox 732 1109 912 1145; x_wconf 85' lang='lat' dir='ltr'><em>eorundem</em></span> <span class='ocrx_word' id='word_1_242' title='bbox 936 1109 1035 1157; x_wconf 72' lang='lat' dir='ltr'><em>oper‘ci</em></span> <span class='ocrx_word' id='word_1_243' title='bbox 1053 1109 1092 1143; x_wconf 87' lang='lat' dir='ltr'><em>in</em></span> <span class='ocrx_word' id='word_1_244' title='bbox 1113 1108 1285 1155; x_wconf 84' lang='lat' dir='ltr'><em>aliquibus</em></span> <span class='ocrx_word' id='word_1_245' title='bbox 1311 1108 1427 1159; x_wconf 84' lang='lat' dir='ltr'><em>nostris</em></span> <span class='ocrx_word' id='word_1_246' title='bbox 1437 1109 1653 1153; x_wconf 84' lang='lat' dir='ltr'><em>ditionibus,</em></span> <span class='ocrx_word' id='word_1_247' title='bbox 1679 1110 1878 1157; x_wconf 85' lang='lat' dir='ltr'><em>inquibus,</em></span> <span class='ocrx_word' id='word_1_248' title='bbox 1896 1109 2010 1150; x_wconf 87' lang='lat' dir='ltr'><em>Nobis</em></span> <span class='ocrx_word' id='word_1_249' title='bbox 2034 1111 2183 1154; x_wconf 85' lang='lat' dir='ltr'><em>invitis,</em></span> <span class='ocrx_word' id='word_1_250' title='bbox 2197 1110 2309 1147; x_wconf 83' lang='lat' dir='ltr'><em>adhuc</em></span> 
     </span>
    </p>

    <p class='ocr_par' dir='ltr' id='par_1_6' title="bbox 188 1154 2310 1354">
     <span class='ocr_line' id='line_1_19' title="bbox 216 1154 2310 1206; baseline -0.001 -12"><span class='ocrx_word' id='word_1_251' title='bbox 216 1158 326 1206; x_wconf 79' lang='lat' dir='ltr'><em>aereses</em></span> <span class='ocrx_word' id='word_1_252' title='bbox 349 1154 546 1193; x_wconf 83' lang='lat' dir='ltr'><em>tollerandae</em></span> <span class='ocrx_word' id='word_1_253' title='bbox 561 1155 670 1205; x_wconf 87' lang='lat' dir='ltr'><em>sunt,</em></span> <span class='ocrx_word' id='word_1_254' title='bbox 693 1165 755 1204; x_wconf 91' lang='lat' dir='ltr'><em>pro</em></span> <span class='ocrx_word' id='word_1_255' title='bbox 767 1157 973 1205; x_wconf 83' lang='lat' dir='ltr'><em>conversione</em></span> <span class='ocrx_word' id='word_1_256' title='bbox 997 1158 1233 1193; x_wconf 86' lang='lat' dir='ltr'><em>aberrantium</em></span> <span class='ocrx_word' id='word_1_257' title='bbox 1253 1157 1461 1194; x_wconf 83' lang='lat' dir='ltr'><em>Animarum</em></span> <span class='ocrx_word' id='word_1_258' title='bbox 1481 1156 1690 1205; x_wconf 82' lang='lat' dir='ltr'><em>perlibenter</em></span> <span class='ocrx_word' id='word_1_259' title='bbox 1714 1168 1854 1195; x_wconf 85' lang='lat' dir='ltr'><em>utamur</em></span> <span class='ocrx_word' id='word_1_260' title='bbox 1873 1183 1883 1198; x_wconf 89' lang='lat'>‚</span> <span class='ocrx_word' id='word_1_261' title='bbox 1911 1170 1978 1194; x_wconf 87' lang='lat' dir='ltr'><em>non</em></span> <span class='ocrx_word' id='word_1_262' title='bbox 2005 1160 2167 1195; x_wconf 90' lang='lat' dir='ltr'><em>convenit</em></span> <span class='ocrx_word' id='word_1_263' title='bbox 2182 1183 2192 1201; x_wconf 91' lang='lat'><strong>,</strong></span> <span class='ocrx_word' id='word_1_264' title='bbox 2219 1158 2310 1193; x_wconf 82' lang='lat' dir='ltr'><em>dila-</em></span> 
     </span>
     <span class='ocr_line' id='line_1_20' title="bbox 188 1204 2309 1255; baseline -0 -12"><span class='ocrx_word' id='word_1_265' title='bbox 188 1207 352 1243; x_wconf 83' lang='lat' dir='ltr'><em>tationem</em></span> <span class='ocrx_word' id='word_1_266' title='bbox 374 1205 417 1246; x_wconf 76' lang='lat'><em>&amp;</em></span> <span class='ocrx_word' id='word_1_267' title='bbox 438 1205 632 1241; x_wconf 68' lang='lat' dir='ltr'><em>erefiionem</em></span> <span class='ocrx_word' id='word_1_268' title='bbox 652 1206 892 1242; x_wconf 84' lang='lat' dir='ltr'><em>Conventuum</em></span> <span class='ocrx_word' id='word_1_269' title='bbox 916 1204 1116 1249; x_wconf 78' lang='lat' dir='ltr'><em>eorundem,</em></span> <span class='ocrx_word' id='word_1_270' title='bbox 1143 1206 1181 1240; x_wconf 90' lang='lat' dir='ltr'><em>in</em></span> <span class='ocrx_word' id='word_1_271' title='bbox 1200 1216 1363 1241; x_wconf 90' lang='lat' dir='ltr'><em>remoram</em></span> <span class='ocrx_word' id='word_1_272' title='bbox 1384 1207 1426 1247; x_wconf 61' lang='grc' dir='ltr'><em>ἐς·</em></span> <span class='ocrx_word' id='word_1_273' title='bbox 1447 1206 1688 1242; x_wconf 85' lang='lat' dir='ltr'><em>detrimentum</em></span> <span class='ocrx_word' id='word_1_274' title='bbox 1701 1205 1798 1243; x_wconf 88' lang='lat' dir='ltr'><em>Fidei</em></span> <span class='ocrx_word' id='word_1_275' title='bbox 1818 1207 2042 1255; x_wconf 68' lang='lat' dir='ltr'><em>propaganda</em></span> <span class='ocrx_word' id='word_1_276' title='bbox 2062 1207 2104 1247; x_wconf 67' lang='grc' dir='ltr'><em>ὠ·</em></span> <span class='ocrx_word' id='word_1_277' title='bbox 2125 1207 2309 1255; x_wconf 85' lang='lat' dir='ltr'><em>conversio-</em></span> 
     </span>
     <span class='ocr_line' id='line_1_21' title="bbox 189 1251 2308 1303; baseline -0 -13"><span class='ocrx_word' id='word_1_278' title='bbox 189 1256 247 1290; x_wconf 76' lang='lat' dir='ltr'><em>nis</em></span> <span class='ocrx_word' id='word_1_279' title='bbox 267 1254 498 1291; x_wconf 70' lang='lat' dir='ltr'><em>hereticorum</em></span> <span class='ocrx_word' id='word_1_280' title='bbox 511 1277 524 1297; x_wconf 83' lang='lat'>‚</span> <span class='ocrx_word' id='word_1_281' title='bbox 550 1252 708 1302; x_wconf 86' lang='lat' dir='ltr'><em>ejusmodi</em></span> <span class='ocrx_word' id='word_1_282' title='bbox 729 1252 880 1300; x_wconf 68' lang='lat' dir='ltr'><em>clausula</em></span> <span class='ocrx_word' id='word_1_283' title='bbox 903 1252 1129 1303; x_wconf 77' lang='lat' dir='ltr'><em>restringere3</em></span> <span class='ocrx_word' id='word_1_284' title='bbox 1157 1251 1300 1288; x_wconf 73' lang='lat' dir='ltr'><em>maxime</em></span> <span class='ocrx_word' id='word_1_285' title='bbox 1318 1255 1391 1289; x_wconf 67' lang='lat' dir='ltr'><em>cnm</em></span> <span class='ocrx_word' id='word_1_286' title='bbox 1415 1253 1476 1289; x_wconf 90' lang='lat' dir='ltr'><em>illa</em></span> <span class='ocrx_word' id='word_1_287' title='bbox 1498 1254 1576 1289; x_wconf 85' lang='lat' dir='ltr'><em>aliis</em></span> <span class='ocrx_word' id='word_1_288' title='bbox 1598 1254 1743 1301; x_wconf 78' lang='lat' dir='ltr'><em>ejusdem</em></span> <span class='ocrx_word' id='word_1_289' title='bbox 1765 1254 1913 1291; x_wconf 89' lang='lat' dir='ltr'><em>Ordinis</em></span> <span class='ocrx_word' id='word_1_290' title='bbox 1932 1255 2135 1293; x_wconf 78' lang='lat' dir='ltr'><em>Provinciis</em></span> <span class='ocrx_word' id='word_1_291' title='bbox 2150 1282 2160 1297; x_wconf 88' lang='lat'>,</span> <span class='ocrx_word' id='word_1_292' title='bbox 2184 1257 2308 1302; x_wconf 83' lang='lat' dir='ltr'><em>quibus</em></span> 
     </span>
     <span class='ocr_line' id='line_1_22' title="bbox 189 1300 1969 1354; baseline -0.001 -15"><span class='ocrx_word' id='word_1_293' title='bbox 189 1311 263 1340; x_wconf 87' lang='lat' dir='ltr'><em>tam</em></span> <span class='ocrx_word' id='word_1_294' title='bbox 284 1300 412 1349; x_wconf 89' lang='lat' dir='ltr'><em>amplus</em></span> <span class='ocrx_word' id='word_1_295' title='bbox 436 1303 530 1339; x_wconf 89' lang='lat' dir='ltr'><em>inter</em></span> <span class='ocrx_word' id='word_1_296' title='bbox 556 1301 772 1339; x_wconf 81' lang='lat' dir='ltr'><em>Acatholicos</em></span> <span class='ocrx_word' id='word_1_297' title='bbox 791 1301 1026 1350; x_wconf 67' lang='lat' dir='ltr'><em>fruflificandi</em></span> <span class='ocrx_word' id='word_1_298' title='bbox 1051 1310 1185 1349; x_wconf 85' lang='lat' dir='ltr'><em>campus</em></span> <span class='ocrx_word' id='word_1_299' title='bbox 1209 1312 1275 1335; x_wconf 89' lang='lat' dir='ltr'><em>non</em></span> <span class='ocrx_word' id='word_1_300' title='bbox 1294 1301 1463 1349; x_wconf 85' lang='lat' dir='ltr'><em>patescit,</em></span> <span class='ocrx_word' id='word_1_301' title='bbox 1486 1302 1622 1337; x_wconf 66' lang='lat' dir='ltr'><em>minimi</em></span> <span class='ocrx_word' id='word_1_302' title='bbox 1638 1303 1780 1350; x_wconf 90' lang='lat' dir='ltr'><em>feratur</em></span> <span class='ocrx_word' id='word_1_303' title='bbox 1793 1303 1945 1354; x_wconf 76' lang='lat' dir='ltr'><em>imposita</em></span> <span class='ocrx_word' id='word_1_304' title='bbox 1960 1329 1969 1338; x_wconf 92' lang='lat'>.</span> 
     </span>
    </p>

    <p class='ocr_par' dir='ltr' id='par_1_7' title="bbox 188 1348 2341 1739">
     <span class='ocr_line' id='line_1_23' title="bbox 290 1348 2312 1400; baseline -0 -13"><span class='ocrx_word' id='word_1_305' title='bbox 290 1350 476 1394; x_wconf 66' lang='lat' dir='ltr'><em>Ceteram,</em></span> <span class='ocrx_word' id='word_1_306' title='bbox 490 1350 783 1397; x_wconf 67' lang='lat' dir='ltr'><em>cumsupraditias</em></span> <span class='ocrx_word' id='word_1_307' title='bbox 802 1350 1018 1386; x_wconf 69' lang='lat' dir='ltr'><em>Provincias</em></span> <span class='ocrx_word' id='word_1_308' title='bbox 1031 1375 1041 1389; x_wconf 86' lang='lat'>‚</span> <span class='ocrx_word' id='word_1_309' title='bbox 1067 1361 1151 1396; x_wconf 86' lang='lat' dir='ltr'><em>quas</em></span> <span class='ocrx_word' id='word_1_310' title='bbox 1174 1350 1213 1384; x_wconf 86' lang='lat' dir='ltr'><em>in</em></span> <span class='ocrx_word' id='word_1_311' title='bbox 1226 1361 1306 1397; x_wconf 87' lang='lat' dir='ltr'><em>agro</em></span> <span class='ocrx_word' id='word_1_312' title='bbox 1318 1351 1494 1387; x_wconf 88' lang='lat' dir='ltr'><em>Dominico</em></span> <span class='ocrx_word' id='word_1_313' title='bbox 1517 1348 1659 1388; x_wconf 85' lang='lat' dir='ltr'><em>multum</em></span> <span class='ocrx_word' id='word_1_314' title='bbox 1673 1350 1826 1398; x_wconf 66' lang='lat' dir='ltr'><em>fruffium</em></span> <span class='ocrx_word' id='word_1_315' title='bbox 1851 1350 1972 1400; x_wconf 61' lang='lat' dir='ltr'><em>affbrre</em></span> <span class='ocrx_word' id='word_1_316' title='bbox 1987 1374 1999 1394; x_wconf 83' lang='lat'><strong><em>‚</em></strong></span> <span class='ocrx_word' id='word_1_317' title='bbox 2020 1359 2083 1398; x_wconf 90' lang='lat' dir='ltr'><em>pro</em></span> <span class='ocrx_word' id='word_1_318' title='bbox 2104 1350 2312 1393; x_wconf 81' lang='lat' dir='ltr'><em>conversione</em></span> 
     </span>
     <span class='ocr_line' id='line_1_24' title="bbox 189 1396 2308 1448; baseline -0 -14"><span class='ocrx_word' id='word_1_319' title='bbox 189 1398 450 1441; x_wconf 66' lang='lat' dir='ltr'><em>hereticorum,</em></span> <span class='ocrx_word' id='word_1_320' title='bbox 476 1396 639 1444; x_wconf 83' lang='lat' dir='ltr'><em>Fideique</em></span> <span class='ocrx_word' id='word_1_321' title='bbox 659 1396 841 1435; x_wconf 67' lang='lat' dir='ltr'><em>Catholicae</em></span> <span class='ocrx_word' id='word_1_322' title='bbox 865 1398 1106 1444; x_wconf 87' lang='lat' dir='ltr'><em>propagatione</em></span> <span class='ocrx_word' id='word_1_323' title='bbox 1123 1396 1241 1445; x_wconf 67' lang='lat' dir='ltr'><em>sedulo</em></span> <span class='ocrx_word' id='word_1_324' title='bbox 1266 1398 1422 1435; x_wconf 87' lang='lat' dir='ltr'><em>laborare</em></span> <span class='ocrx_word' id='word_1_325' title='bbox 1437 1424 1448 1442; x_wconf 93' lang='lat'><strong>‚</strong></span> <span class='ocrx_word' id='word_1_326' title='bbox 1473 1411 1512 1434; x_wconf 87' lang='lat' dir='ltr'><em>ac</em></span> <span class='ocrx_word' id='word_1_327' title='bbox 1533 1407 1595 1444; x_wconf 89' lang='lat' dir='ltr'><em>pro</em></span> <span class='ocrx_word' id='word_1_328' title='bbox 1619 1398 1759 1447; x_wconf 76' lang='lat' dir='ltr'><em>Ecclesia</em></span> <span class='ocrx_word' id='word_1_329' title='bbox 1774 1400 1843 1435; x_wconf 87' lang='lat' dir='ltr'><em>Dei</em></span> <span class='ocrx_word' id='word_1_330' title='bbox 1863 1398 2013 1448; x_wconf 86' lang='lat' dir='ltr'><em>difficilia</em></span> <span class='ocrx_word' id='word_1_331' title='bbox 2037 1409 2174 1445; x_wconf 81' lang='lat' dir='ltr'><em>quaeque</em></span> <span class='ocrx_word' id='word_1_332' title='bbox 2197 1399 2308 1434; x_wconf 83' lang='lat' dir='ltr'><em>alacri</em></span> 
     </span>
     <span class='ocr_line' id='line_1_25' title="bbox 191 1444 2311 1495; baseline 0 -14"><span class='ocrx_word' id='word_1_333' title='bbox 191 1447 304 1482; x_wconf 87' lang='lat' dir='ltr'><em>animo</em></span> <span class='ocrx_word' id='word_1_334' title='bbox 329 1446 472 1492; x_wconf 85' lang='lat' dir='ltr'><em>aggredi</em></span> <span class='ocrx_word' id='word_1_335' title='bbox 495 1445 742 1493; x_wconf 82' lang='lat' dir='ltr'><em>cognoscimus,</em></span> <span class='ocrx_word' id='word_1_336' title='bbox 768 1455 885 1481; x_wconf 88' lang='lat' dir='ltr'><em>tenero</em></span> <span class='ocrx_word' id='word_1_337' title='bbox 906 1444 1155 1491; x_wconf 61' lang='lat' dir='ltr'><em>compleffiamur</em></span> <span class='ocrx_word' id='word_1_338' title='bbox 1179 1444 1295 1495; x_wconf 60' lang='lat' dir='ltr'><em>offitia</em></span> <span class='ocrx_word' id='word_1_339' title='bbox 1312 1470 1324 1489; x_wconf 90' lang='lat'><strong>‚</strong></span> <span class='ocrx_word' id='word_1_340' title='bbox 1356 1459 1411 1482; x_wconf 92' lang='lat' dir='ltr'><em>eas</em></span> <span class='ocrx_word' id='word_1_341' title='bbox 1436 1458 1502 1482; x_wconf 90' lang='lat' dir='ltr'><em>non</em></span> <span class='ocrx_word' id='word_1_342' title='bbox 1525 1447 1564 1481; x_wconf 87' lang='lat' dir='ltr'><em>in</em></span> <span class='ocrx_word' id='word_1_343' title='bbox 1582 1445 1788 1493; x_wconf 65' lang='lat' dir='ltr'><em>supradifiiis</em></span> <span class='ocrx_word' id='word_1_344' title='bbox 1812 1448 1948 1483; x_wconf 76' lang='lat' dir='ltr'><em>tantum</em></span> <span class='ocrx_word' id='word_1_345' title='bbox 1975 1469 1986 1487; x_wconf 90' lang='lat'><em>,</em></span> <span class='ocrx_word' id='word_1_346' title='bbox 2012 1447 2074 1493; x_wconf 90' lang='lat' dir='ltr'><em>sed</em></span> <span class='ocrx_word' id='word_1_347' title='bbox 2097 1449 2199 1482; x_wconf 86' lang='lat' dir='ltr'><em>etiam</em></span> <span class='ocrx_word' id='word_1_348' title='bbox 2229 1445 2311 1482; x_wconf 83' lang='lat' dir='ltr'><em>aliis</em></span> 
     </span>
     <span class='ocr_line' id='line_1_26' title="bbox 189 1491 2312 1541; baseline -0.001 -9"><span class='ocrx_word' id='word_1_349' title='bbox 189 1495 293 1541; x_wconf 66' lang='lat' dir='ltr'><em>aquis</em></span> <span class='ocrx_word' id='word_1_350' title='bbox 312 1494 538 1541; x_wconf 84' lang='lat' dir='ltr'><em>petitionibus</em></span> <span class='ocrx_word' id='word_1_351' title='bbox 560 1495 599 1529; x_wconf 89' lang='lat' dir='ltr'><em>in</em></span> <span class='ocrx_word' id='word_1_352' title='bbox 628 1493 788 1541; x_wconf 88' lang='lat' dir='ltr'><em>Capitulo</em></span> <span class='ocrx_word' id='word_1_353' title='bbox 824 1493 987 1531; x_wconf 84' lang='lat' dir='ltr'><em>Generali</em></span> <span class='ocrx_word' id='word_1_354' title='bbox 1013 1497 1271 1529; x_wconf 81' lang='lat' dir='ltr'><em>occurrentibus</em></span> <span class='ocrx_word' id='word_1_355' title='bbox 1297 1493 1526 1531; x_wconf 73' lang='lat' dir='ltr'><em>Paternitati</em></span> <span class='ocrx_word' id='word_1_356' title='bbox 1552 1491 1673 1528; x_wconf 67' lang='lat' dir='ltr'><em>Vestra</em></span> <span class='ocrx_word' id='word_1_357' title='bbox 1698 1515 1711 1535; x_wconf 85' lang='lat'><strong>‚</strong></span> <span class='ocrx_word' id='word_1_358' title='bbox 1747 1494 1877 1540; x_wconf 87' lang='lat' dir='ltr'><em>totique</em></span> <span class='ocrx_word' id='word_1_359' title='bbox 1902 1493 2119 1539; x_wconf 83' lang='lat' dir='ltr'><em>‘Definitorio</em></span> <span class='ocrx_word' id='word_1_360' title='bbox 2146 1494 2312 1530; x_wconf 85' lang='lat' dir='ltr'><em>Generali</em></span> 
     </span>
     <span class='ocr_line' id='line_1_27' title="bbox 188 1525 2312 1590; baseline -0 -11"><span class='ocrx_word' id='word_1_361' title='bbox 188 1541 335 1590; x_wconf 70' lang='lat' dir='ltr'><em>impensi</em></span> <span class='ocrx_word' id='word_1_362' title='bbox 360 1541 645 1578; x_wconf 83' lang='lat' dir='ltr'><em>recommendatas</em></span> <span class='ocrx_word' id='word_1_363' title='bbox 668 1542 846 1585; x_wconf 88' lang='lat' dir='ltr'><em>volumus,</em></span> <span class='ocrx_word' id='word_1_364' title='bbox 874 1554 915 1578; x_wconf 89' lang='lat' dir='ltr'><em>cu</em></span> <span class='ocrx_word' id='word_1_365' title='bbox 938 1542 1088 1588; x_wconf 85' lang='lat' dir='ltr'><em>imusque</em></span> <span class='ocrx_word' id='word_1_366' title='bbox 1101 1540 1269 1576; x_wconf 65' lang='lat' dir='ltr'><em>amarum</em></span> <span class='ocrx_word' id='word_1_367' title='bbox 1291 1542 1558 1578; x_wconf 82' lang='lat' dir='ltr'><em>Provinciarum</em></span> <span class='ocrx_word' id='word_1_368' title='bbox 1584 1525 1709 1576; x_wconf 66' lang='lat' dir='ltr'><em>Patres</em></span> <span class='ocrx_word' id='word_1_369' title='bbox 1735 1539 1866 1587; x_wconf 82' lang='lat' dir='ltr'><em>aliquos</em></span> <span class='ocrx_word' id='word_1_370' title='bbox 1891 1540 1958 1590; x_wconf 83' lang='lat' dir='ltr'><em>post</em></span> <span class='ocrx_word' id='word_1_371' title='bbox 1982 1540 2150 1577; x_wconf 87' lang='lat' dir='ltr'><em>Generale</em></span> <span class='ocrx_word' id='word_1_372' title='bbox 2168 1542 2312 1588; x_wconf 87' lang='lat' dir='ltr'><em>Capitu-</em></span> 
     </span>
     <span class='ocr_line' id='line_1_28' title="bbox 189 1550 2318 1639; baseline -0.001 -12"><span class='ocrx_word' id='word_1_373' title='bbox 189 1591 259 1628; x_wconf 85' lang='lat' dir='ltr'><em>lum</em></span> <span class='ocrx_word' id='word_1_374' title='bbox 282 1600 352 1627; x_wconf 89' lang='lat' dir='ltr'><em>tam</em></span> <span class='ocrx_word' id='word_1_375' title='bbox 374 1590 435 1626; x_wconf 88' lang='lat' dir='ltr'><em>diu</em></span> <span class='ocrx_word' id='word_1_376' title='bbox 460 1588 573 1625; x_wconf 84' lang='lat' dir='ltr'><em>Romae</em></span> <span class='ocrx_word' id='word_1_377' title='bbox 595 1590 705 1639; x_wconf 70' lang='lat' dir='ltr'><em>vestra</em></span> <span class='ocrx_word' id='word_1_378' title='bbox 726 1591 868 1625; x_wconf 86' lang='lat' dir='ltr'><em>licentia</em></span> <span class='ocrx_word' id='word_1_379' title='bbox 886 1550 1050 1637; x_wconf 47' lang='lat' dir='ltr'><em>Jssstineri</em></span> <span class='ocrx_word' id='word_1_380' title='bbox 1063 1612 1075 1628; x_wconf 89' lang='lat'>,</span> <span class='ocrx_word' id='word_1_381' title='bbox 1100 1588 1204 1622; x_wconf 86' lang='lat' dir='ltr'><em>donec</em></span> <span class='ocrx_word' id='word_1_382' title='bbox 1232 1589 1271 1621; x_wconf 88' lang='lat' dir='ltr'><em>in</em></span> <span class='ocrx_word' id='word_1_383' title='bbox 1283 1587 1393 1634; x_wconf 87' lang='lat' dir='ltr'><em>supra</em></span> <span class='ocrx_word' id='word_1_384' title='bbox 1418 1587 1574 1634; x_wconf 77' lang='lat' dir='ltr'><em>allegatis</em></span> <span class='ocrx_word' id='word_1_385' title='bbox 1588 1609 1600 1628; x_wconf 93' lang='lat'>,</span> <span class='ocrx_word' id='word_1_386' title='bbox 1624 1585 1767 1635; x_wconf 83' lang='lat' dir='ltr'><em>aliisque</em></span> <span class='ocrx_word' id='word_1_387' title='bbox 1796 1588 2029 1625; x_wconf 85' lang='lat' dir='ltr'><em>accidentibus</em></span> <span class='ocrx_word' id='word_1_388' title='bbox 2048 1588 2146 1637; x_wconf 81' lang='lat' dir='ltr'><em>justis</em></span> <span class='ocrx_word' id='word_1_389' title='bbox 2164 1588 2318 1637; x_wconf 65' lang='lat' dir='ltr'><em>postula:</em></span> 
     </span>
     <span class='ocr_line' id='line_1_29' title="bbox 190 1633 2312 1687; baseline -0.002 -11"><span class='ocrx_word' id='word_1_390' title='bbox 190 1639 341 1677; x_wconf 85' lang='lat' dir='ltr'><em>tionibus</em></span> <span class='ocrx_word' id='word_1_391' title='bbox 365 1638 582 1687; x_wconf 82' lang='lat' dir='ltr'><em>desideratum</em></span> <span class='ocrx_word' id='word_1_392' title='bbox 599 1638 800 1684; x_wconf 87' lang='lat' dir='ltr'><em>sortiantur</em></span> <span class='ocrx_word' id='word_1_393' title='bbox 824 1635 969 1684; x_wconf 67' lang='lat' dir='ltr'><em>effefium</em></span> <span class='ocrx_word' id='word_1_394' title='bbox 986 1649 996 1670; x_wconf 73' lang='grc' dir='ltr'><strong>ε</strong></span> <span class='ocrx_word' id='word_1_395' title='bbox 1016 1643 1252 1681; x_wconf 83' lang='lat' dir='ltr'><em>permanentes</em></span> <span class='ocrx_word' id='word_1_396' title='bbox 1275 1635 1381 1684; x_wconf 86' lang='lat' dir='ltr'><em>nostro</em></span> <span class='ocrx_word' id='word_1_397' title='bbox 1397 1635 1523 1683; x_wconf 86' lang='lat' dir='ltr'><em>favore</em></span> <span class='ocrx_word' id='word_1_398' title='bbox 1547 1633 1697 1682; x_wconf 85' lang='lat' dir='ltr'><em>Caesareo</em></span> <span class='ocrx_word' id='word_1_399' title='bbox 1723 1636 1942 1674; x_wconf 82' lang='lat' dir='ltr'><em>Paternitati</em></span> <span class='ocrx_word' id='word_1_400' title='bbox 1975 1634 2095 1684; x_wconf 71' lang='lat' dir='ltr'><em>Vestra</em></span> <span class='ocrx_word' id='word_1_401' title='bbox 2116 1662 2124 1677; x_wconf 85' lang='lat'><em>,</em></span> <span class='ocrx_word' id='word_1_402' title='bbox 2150 1639 2312 1685; x_wconf 59' lang='lat' dir='ltr'><em>totique„</em></span> 
     </span>
     <span class='ocr_line' id='line_1_30' title="bbox 189 1680 2341 1739; baseline -0.001 -17"><span class='ocrx_word' id='word_1_403' title='bbox 189 1686 395 1734; x_wconf 87' lang='lat' dir='ltr'><em>Definitorio</em></span> <span class='ocrx_word' id='word_1_404' title='bbox 410 1709 423 1728; x_wconf 90' lang='lat'>,</span> <span class='ocrx_word' id='word_1_405' title='bbox 447 1697 486 1721; x_wconf 87' lang='lat' dir='ltr'><em>ac</em></span> <span class='ocrx_word' id='word_1_406' title='bbox 508 1685 693 1733; x_wconf 87' lang='lat' dir='ltr'><em>Seraphico</em></span> <span class='ocrx_word' id='word_1_407' title='bbox 720 1684 852 1718; x_wconf 88' lang='lat' dir='ltr'><em>Ordini</em></span> <span class='ocrx_word' id='word_1_408' title='bbox 876 1682 1062 1730; x_wconf 69' lang='lat' dir='ltr'><em>plurimam</em></span> <span class='ocrx_word' id='word_1_409' title='bbox 1088 1680 1216 1731; x_wconf 65' lang='lat' dir='ltr'><em>affefiii.</em></span> <span class='ocrx_word' id='word_1_410' title='bbox 1250 1682 1362 1721; x_wconf 71' lang='lat' dir='ltr'><em>‘Date</em></span> <span class='ocrx_word' id='word_1_411' title='bbox 1385 1685 1423 1720; x_wconf 85' lang='lat' dir='ltr'><em>in</em></span> <span class='ocrx_word' id='word_1_412' title='bbox 1447 1684 1605 1722; x_wconf 74' lang='lat' dir='ltr'><em>civitate</em></span> <span class='ocrx_word' id='word_1_413' title='bbox 1630 1682 1739 1739; x_wconf 74' lang='lat' dir='ltr'><em>nostra</em></span> <span class='ocrx_word' id='word_1_414' title='bbox 1763 1682 1946 1736; x_wconf 84' lang='lat' dir='ltr'><em>Viennenst</em></span> <span class='ocrx_word' id='word_1_415' title='bbox 1966 1685 2022 1721; x_wconf 88' lang='lat' dir='ltr'><em>die</em></span> <span class='ocrx_word' id='word_1_416' title='bbox 2048 1694 2099 1731; x_wconf 83' lang='lat'><em>17.</em></span> <span class='ocrx_word' id='word_1_417' title='bbox 2129 1684 2311 1722; x_wconf 82' lang='lat' dir='ltr'><em>Februarii</em></span> <span class='ocrx_word' id='word_1_418' title='bbox 2337 1733 2341 1739; x_wconf 26' lang='grc' dir='ltr'>ι</span> 
     </span>
    </p>
   </div>
   <div class='ocr_carea' id='block_1_5' title="bbox 190 1734 894 1849">
    <p class='ocr_par' dir='ltr' id='par_1_8' title="bbox 190 1734 894 1849">
     <span class='ocr_line' id='line_1_31' title="bbox 190 1734 429 1779; baseline -0.013 -6"><span class='ocrx_word' id='word_1_419' title='bbox 190 1736 297 1773; x_wconf 80' lang='lat' dir='ltr'><em>Anno</em></span> <span class='ocrx_word' id='word_1_420' title='bbox 326 1734 429 1779; x_wconf 85' lang='lat'>¹⁶71·</span> 
     </span>
     <span class='ocr_line' id='line_1_32' title="bbox 603 1779 894 1849; baseline -0.003 -19"><span class='ocrx_word' id='word_1_421' title='bbox 603 1779 864 1849; x_wconf 87' lang='lat' dir='ltr'><em>Leopoldus</em></span> <span class='ocrx_word' id='word_1_422' title='bbox 880 1816 894 1829; x_wconf 91' lang='lat'><strong>.</strong></span> 
     </span>
    </p>
   </div>
   <div class='ocr_carea' id='block_1_6' title="bbox 533 1978 763 1996">
    <p class='ocr_par' dir='ltr' id='par_1_9' title="bbox 533 1978 763 1996">
     <span class='ocr_line' id='line_1_33' title="bbox 533 1978 763 1996; baseline 0 2260"><span class='ocrx_word' id='word_1_423' title='bbox 533 1978 763 1996; x_wconf 95' lang='lat' dir='ltr'><em> </em></span> 
     </span>
    </p>
   </div>
   <div class='ocr_carea' id='block_1_7' title="bbox 189 1963 671 2002">
    <p class='ocr_par' dir='ltr' id='par_1_10' title="bbox 189 1963 671 2002">
     <span class='ocr_line' id='line_1_34' title="bbox 189 1963 671 2002; baseline -0.006 -4"><span class='ocrx_word' id='word_1_424' title='bbox 189 1980 532 2002; x_wconf 60' lang='lat'><em>———</em></span> <span class='ocrx_word' id='word_1_425' title='bbox 598 2000 600 2002; x_wconf 36' lang='grc' dir='ltr'>Ι</span> <span class='ocrx_word' id='word_1_426' title='bbox 618 1964 641 1981; x_wconf 38' lang='grc' dir='ltr'><em>,θ’</em></span> <span class='ocrx_word' id='word_1_427' title='bbox 666 1963 671 1966; x_wconf 47' lang='grc' dir='ltr'>Ι</span> 
     </span>
    </p>
   </div>
   <div class='ocr_carea' id='block_1_8' title="bbox 766 1984 1024 1999">
    <p class='ocr_par' dir='ltr' id='par_1_11' title="bbox 766 1984 1024 1999">
     <span class='ocr_line' id='line_1_35' title="bbox 766 1984 1024 1999; baseline 0 2257"><span class='ocrx_word' id='word_1_428' title='bbox 766 1984 1024 1999; x_wconf 95' lang='lat' dir='ltr'><em> </em></span> 
     </span>
    </p>
   </div>
   <div class='ocr_carea' id='block_1_9' title="bbox 191 2078 1216 2364">
    <p class='ocr_par' dir='ltr' id='par_1_12' title="bbox 191 2078 1216 2364">
     <span class='ocr_line' id='line_1_36' title="bbox 191 2078 1216 2147; baseline -0.006 -13"><span class='ocrx_word' id='word_1_429' title='bbox 191 2078 586 2134; x_wconf 76' lang='lat' dir='ltr'><em>commendatum</em></span> <span class='ocrx_word' id='word_1_430' title='bbox 608 2078 688 2129; x_wconf 85' lang='lat' dir='ltr'><em>fibi</em></span> <span class='ocrx_word' id='word_1_431' title='bbox 707 2080 764 2129; x_wconf 86' lang='lat' dir='ltr'><em>de</em></span> <span class='ocrx_word' id='word_1_432' title='bbox 785 2082 978 2147; x_wconf 83' lang='lat' dir='ltr'><em>paritate</em></span> <span class='ocrx_word' id='word_1_433' title='bbox 996 2095 1216 2131; x_wconf 88' lang='lat' dir='ltr'><em>votorum</em></span> 
     </span>
     <span class='ocr_line' id='line_1_37' title="bbox 257 2149 1216 2208; baseline -0.004 -7"><span class='ocrx_word' id='word_1_434' title='bbox 257 2152 504 2201; x_wconf 85' lang='lat' dir='ltr'><em>articulum</em></span> <span class='ocrx_word' id='word_1_435' title='bbox 519 2149 740 2199; x_wconf 67' lang='lat' dir='ltr'><em>maturius</em></span> <span class='ocrx_word' id='word_1_436' title='bbox 759 2153 1006 2200; x_wconf 83' lang='lat' dir='ltr'><em>examinari</em></span> <span class='ocrx_word' id='word_1_437' title='bbox 1022 2151 1182 2200; x_wconf 88' lang='lat' dir='ltr'><em>debere</em></span> <span class='ocrx_word' id='word_1_438' title='bbox 1200 2185 1216 2208; x_wconf 92' lang='lat'><strong>,</strong></span> 
     </span>
     <span class='ocr_line' id='line_1_38' title="bbox 257 2218 1216 2288; baseline -0.001 -17"><span class='ocrx_word' id='word_1_439' title='bbox 257 2218 594 2288; x_wconf 87' lang='lat' dir='ltr'><em>Augustiffimo</em></span> <span class='ocrx_word' id='word_1_440' title='bbox 613 2223 886 2288; x_wconf 87' lang='lat' dir='ltr'><em>Imperatori</em></span> <span class='ocrx_word' id='word_1_441' title='bbox 909 2219 1144 2287; x_wconf 86' lang='lat' dir='ltr'><em>Leopoldo</em></span> <span class='ocrx_word' id='word_1_442' title='bbox 1161 2219 1216 2270; x_wconf 89' lang='lat' dir='ltr'><em>fi-</em></span> 
     </span>
     <span class='ocr_line' id='line_1_39' title="bbox 258 2290 638 2364; baseline -0.005 -25"><span class='ocrx_word' id='word_1_443' title='bbox 258 2290 450 2364; x_wconf 77' lang='lat' dir='ltr'><em>gnificat</em></span> <span class='ocrx_word' id='word_1_444' title='bbox 464 2325 477 2337; x_wconf 95' lang='lat'>.</span> <span class='ocrx_word' id='word_1_445' title='bbox 593 2318 597 2321; x_wconf 94' lang='lat'><em>-</em></span> <span class='ocrx_word' id='word_1_446' title='bbox 633 2318 638 2322; x_wconf 92' lang='lat'><em>-</em></span> 
     </span>
    </p>
   </div>
   <div class='ocr_carea' id='block_1_10' title="bbox 193 2417 1216 2476">
    <p class='ocr_par' dir='ltr' id='par_1_13' title="bbox 193 2417 1216 2476">
     <span class='ocr_line' id='line_1_40' title="bbox 193 2417 1216 2476; baseline -0.001 -14"><span class='ocrx_word' id='word_1_447' title='bbox 193 2419 232 2462; x_wconf 82' lang='lat' dir='ltr'><em>&#39;A</em></span> <span class='ocrx_word' id='word_1_448' title='bbox 243 2424 360 2472; x_wconf 85' lang='lat' dir='ltr'><em>tergo</em></span> <span class='ocrx_word' id='word_1_449' title='bbox 375 2432 387 2460; x_wconf 90' lang='lat'><strong>:</strong></span> <span class='ocrx_word' id='word_1_450' title='bbox 404 2417 623 2476; x_wconf 77' lang='lat' dir='ltr'><em>Charrfflmo</em></span> <span class='ocrx_word' id='word_1_451' title='bbox 638 2419 681 2459; x_wconf 79' lang='lat' dir='ltr'><em>in</em></span> <span class='ocrx_word' id='word_1_452' title='bbox 699 2418 956 2475; x_wconf 83' lang='lat' dir='ltr'><em>Cbrt&#39;stoFilio</em></span> <span class='ocrx_word' id='word_1_453' title='bbox 970 2420 1111 2476; x_wconf 85' lang='lat' dir='ltr'><em>nostro,</em></span> <span class='ocrx_word' id='word_1_454' title='bbox 1122 2422 1216 2461; x_wconf 86' lang='lat' dir='ltr'><em>Leo-</em></span> 
     </span>
    </p>
   </div>
   <div class='ocr_carea' id='block_1_11' title="bbox 250 2477 1158 2592">
    <p class='ocr_par' dir='ltr' id='par_1_14' title="bbox 250 2477 1158 2592">
     <span class='ocr_line' id='line_1_41' title="bbox 250 2477 1158 2534; baseline 0.002 -16"><span class='ocrx_word' id='word_1_455' title='bbox 250 2478 599 2533; x_wconf 68' lang='lat' dir='ltr'><em>pold02Hungart‘ae</em></span> <span class='ocrx_word' id='word_1_456' title='bbox 613 2477 661 2525; x_wconf 63' lang='grc' dir='ltr'><em>δ’</em></span> <span class='ocrx_word' id='word_1_457' title='bbox 675 2477 865 2518; x_wconf 78' lang='lat' dir='ltr'><em>Bohemiae</em></span> <span class='ocrx_word' id='word_1_458' title='bbox 882 2482 977 2534; x_wconf 82' lang='lat' dir='ltr'><em>Regi</em></span> <span class='ocrx_word' id='word_1_459' title='bbox 994 2478 1158 2533; x_wconf 81' lang='lat' dir='ltr'><em>illustri,</em></span> 
     </span>
     <span class='ocr_line' id='line_1_42' title="bbox 317 2537 1102 2592; baseline 0.001 -15"><span class='ocrx_word' id='word_1_460' title='bbox 317 2537 359 2577; x_wconf 89' lang='lat' dir='ltr'><em>in</em></span> <span class='ocrx_word' id='word_1_461' title='bbox 375 2538 633 2579; x_wconf 82' lang='lat' dir='ltr'><em>Romanorum</em></span> <span class='ocrx_word' id='word_1_462' title='bbox 653 2541 928 2592; x_wconf 83' lang='lat' dir='ltr'><em>Imperatorem</em></span> <span class='ocrx_word' id='word_1_463' title='bbox 956 2537 1071 2580; x_wconf 60' lang='lat' dir='ltr'><em>eletio</em></span> <span class='ocrx_word' id='word_1_464' title='bbox 1091 2567 1102 2578; x_wconf 86' lang='lat'>.</span> 
     </span>
    </p>
   </div>
   <div class='ocr_carea' id='block_1_12' title="bbox 198 2655 1214 2710">
    <p class='ocr_par' dir='ltr' id='par_1_15' title="bbox 198 2655 1214 2710">
     <span class='ocr_line' id='line_1_43' title="bbox 198 2655 1214 2710; baseline 0.001 -8"><span class='ocrx_word' id='word_1_465' title='bbox 198 2655 708 2705; x_wconf 90' lang='lat' dir='ltr'>CLEMENS</span> <span class='ocrx_word' id='word_1_466' title='bbox 807 2655 1065 2710; x_wconf 81' lang='lat' dir='ltr'>PAPA</span> <span class='ocrx_word' id='word_1_467' title='bbox 1148 2657 1214 2705; x_wconf 89' lang='lat' dir='ltr'><em>X.</em></span> 
     </span>
    </p>
   </div>
   <div class='ocr_carea' id='block_1_13' title="bbox 250 2777 1155 2892">
    <p class='ocr_par' dir='ltr' id='par_1_16' title="bbox 250 2777 1155 2892">
     <span class='ocr_line' id='line_1_44' title="bbox 250 2777 1155 2838; baseline 0.006 -19"><span class='ocrx_word' id='word_1_468' title='bbox 250 2777 470 2835; x_wconf 83' lang='lat' dir='ltr'><em>Charifflme</em></span> <span class='ocrx_word' id='word_1_469' title='bbox 495 2783 535 2820; x_wconf 85' lang='lat' dir='ltr'><em>in</em></span> <span class='ocrx_word' id='word_1_470' title='bbox 553 2780 703 2835; x_wconf 79' lang='lat' dir='ltr'><em>Christo</em></span> <span class='ocrx_word' id='word_1_471' title='bbox 721 2779 802 2824; x_wconf 85' lang='lat' dir='ltr'><em>Fili</em></span> <span class='ocrx_word' id='word_1_472' title='bbox 824 2782 946 2835; x_wconf 75' lang='lat' dir='ltr'><em>noller</em></span> <span class='ocrx_word' id='word_1_473' title='bbox 947 2782 1126 2838; x_wconf 74' lang='lat' dir='ltr'><em>sblutem</em></span> <span class='ocrx_word' id='word_1_474' title='bbox 1139 2810 1155 2832; x_wconf 87' lang='lat'>‚</span> 
     </span>
     <span class='ocr_line' id='line_1_45' title="bbox 382 2835 1028 2892; baseline 0.006 -15"><span class='ocrx_word' id='word_1_475' title='bbox 382 2835 429 2880; x_wconf 65' lang='grc' dir='ltr'><em>θ’</em></span> <span class='ocrx_word' id='word_1_476' title='bbox 445 2839 696 2892; x_wconf 68' lang='lat' dir='ltr'><em>Apssoticam</em></span> <span class='ocrx_word' id='word_1_477' title='bbox 711 2841 1028 2882; x_wconf 71' lang='lat' dir='ltr'><em>Benedic‘lionem.</em></span> 
     </span>
    </p>
   </div>
   <div class='ocr_carea' id='block_1_14' title="bbox 297 2949 1218 3007">
    <p class='ocr_par' dir='ltr' id='par_1_17' title="bbox 297 2949 1218 3007">
     <span class='ocr_line' id='line_1_46' title="bbox 297 2949 1218 3007; baseline 0.004 -14"><span class='ocrx_word' id='word_1_478' title='bbox 297 2952 486 3007; x_wconf 83' lang='lat' dir='ltr'><em>Raecipua</em></span> <span class='ocrx_word' id='word_1_479' title='bbox 509 2950 630 2990; x_wconf 89' lang='lat' dir='ltr'><em>animi</em></span> <span class='ocrx_word' id='word_1_480' title='bbox 647 2949 766 2990; x_wconf 85' lang='lat' dir='ltr'><em>nostri</em></span> <span class='ocrx_word' id='word_1_481' title='bbox 791 2964 880 2992; x_wconf 90' lang='lat' dir='ltr'><em>cum</em></span> <span class='ocrx_word' id='word_1_482' title='bbox 902 2953 1111 3005; x_wconf 82' lang='lat' dir='ltr'><em>voluptate</em></span> <span class='ocrx_word' id='word_1_483' title='bbox 1128 2970 1218 3007; x_wconf 87' lang='lat' dir='ltr'><em>per-</em></span> 
     </span>
    </p>
   </div>
   <div class='ocr_carea' id='block_1_15' title="bbox 311 3007 1246 3064">
    <p class='ocr_par' dir='ltr' id='par_1_18' title="bbox 311 3007 1246 3064">
     <span class='ocr_line' id='line_1_47' title="bbox 311 3007 1246 3064; baseline -0.001 -15"><span class='ocrx_word' id='word_1_484' title='bbox 311 3010 479 3064; x_wconf 79' lang='lat' dir='ltr'><em>legimus</em></span> <span class='ocrx_word' id='word_1_485' title='bbox 503 3007 640 3049; x_wconf 83' lang='lat' dir='ltr'><em>literas</em></span> <span class='ocrx_word' id='word_1_486' title='bbox 658 3007 872 3060; x_wconf 77' lang='lat' dir='ltr'><em>Majestatis</em></span> <span class='ocrx_word' id='word_1_487' title='bbox 890 3009 984 3049; x_wconf 85' lang='lat' dir='ltr'><em>Tuae</em></span> <span class='ocrx_word' id='word_1_488' title='bbox 997 3034 1011 3059; x_wconf 76' lang='lat'>‚</span> <span class='ocrx_word' id='word_1_489' title='bbox 1038 3011 1221 3052; x_wconf 84' lang='lat' dir='ltr'><em>Patribus</em></span> <span class='ocrx_word' id='word_1_490' title='bbox 1241 3036 1246 3040; x_wconf 90' lang='lat'><em>-</em></span> 
     </span>
    </p>
   </div>
   <div class='ocr_carea' id='block_1_16' title="bbox 194 3063 1224 3865">
    <p class='ocr_par' dir='ltr' id='par_1_19' title="bbox 194 3063 1224 3865">
     <span class='ocr_line' id='line_1_48' title="bbox 194 3063 1221 3123; baseline -0.004 -12"><span class='ocrx_word' id='word_1_491' title='bbox 194 3069 413 3123; x_wconf 79' lang='lat' dir='ltr'><em>Capucinis</em></span> <span class='ocrx_word' id='word_1_492' title='bbox 444 3065 631 3108; x_wconf 75' lang='lat' dir='ltr'><em>accurate</em></span> <span class='ocrx_word' id='word_1_493' title='bbox 659 3063 911 3121; x_wconf 79' lang='lat' dir='ltr'><em>suffragantes</em></span> <span class='ocrx_word' id='word_1_494' title='bbox 937 3094 952 3115; x_wconf 87' lang='lat'><strong>,</strong></span> <span class='ocrx_word' id='word_1_495' title='bbox 993 3066 1221 3120; x_wconf 84' lang='lat' dir='ltr'><em>Religiosos</em></span> 
     </span>
     <span class='ocr_line' id='line_1_49' title="bbox 195 3124 1223 3180; baseline -0.005 -10"><span class='ocrx_word' id='word_1_496' title='bbox 195 3127 304 3170; x_wconf 88' lang='lat' dir='ltr'><em>enim</em></span> <span class='ocrx_word' id='word_1_497' title='bbox 344 3126 474 3169; x_wconf 86' lang='lat' dir='ltr'><em>sensus</em></span> <span class='ocrx_word' id='word_1_498' title='bbox 492 3134 598 3166; x_wconf 89' lang='lat' dir='ltr'><em>-tuos</em></span> <span class='ocrx_word' id='word_1_499' title='bbox 624 3152 638 3174; x_wconf 63' lang='lat'>9</span> <span class='ocrx_word' id='word_1_500' title='bbox 661 3124 932 3180; x_wconf 86' lang='lat' dir='ltr'><em>eximiumque</em></span> <span class='ocrx_word' id='word_1_501' title='bbox 958 3154 972 3174; x_wconf 90' lang='lat'>,</span> <span class='ocrx_word' id='word_1_502' title='bbox 1012 3125 1223 3179; x_wconf 72' lang='lat' dir='ltr'><em>praesertim</em></span> 
     </span>
     <span class='ocr_line' id='line_1_50' title="bbox 195 3180 1223 3242; baseline -0.003 -15"><span class='ocrx_word' id='word_1_503' title='bbox 195 3185 322 3227; x_wconf 87' lang='lat' dir='ltr'><em>divini</em></span> <span class='ocrx_word' id='word_1_504' title='bbox 363 3180 497 3227; x_wconf 76' lang='lat' dir='ltr'><em>cultfis</em></span> <span class='ocrx_word' id='word_1_505' title='bbox 524 3182 791 3238; x_wconf 75' lang='lat' dir='ltr'><em>amplificandi</em></span> <span class='ocrx_word' id='word_1_506' title='bbox 820 3211 834 3233; x_wconf 84' lang='lat'>‚</span> <span class='ocrx_word' id='word_1_507' title='bbox 879 3182 1013 3224; x_wconf 85' lang='lat' dir='ltr'><em>zelum</em></span> <span class='ocrx_word' id='word_1_508' title='bbox 1055 3197 1223 3242; x_wconf 73' lang='lat' dir='ltr'><em>perpen-</em></span> 
     </span>
     <span class='ocr_line' id='line_1_51' title="bbox 195 3237 1224 3297; baseline -0.005 -11"><span class='ocrx_word' id='word_1_509' title='bbox 195 3244 366 3294; x_wconf 81' lang='lat' dir='ltr'><em>dentes,</em></span> <span class='ocrx_word' id='word_1_510' title='bbox 390 3242 574 3297; x_wconf 83' lang='lat' dir='ltr'><em>praeclara</em></span> <span class='ocrx_word' id='word_1_511' title='bbox 606 3255 656 3283; x_wconf 87' lang='lat' dir='ltr'><em>ex</em></span> <span class='ocrx_word' id='word_1_512' title='bbox 685 3241 732 3282; x_wconf 89' lang='lat' dir='ltr'><em>iis</em></span> <span class='ocrx_word' id='word_1_513' title='bbox 763 3237 878 3282; x_wconf 90' lang='lat' dir='ltr'><em>solidi</em></span> <span class='ocrx_word' id='word_1_514' title='bbox 905 3241 1037 3295; x_wconf 85' lang='lat' dir='ltr'><em>gaudii</em></span> <span class='ocrx_word' id='word_1_515' title='bbox 1061 3240 1224 3293; x_wconf 78' lang='lat' dir='ltr'><em>sumpli-</em></span> 
     </span>
     <span class='ocr_line' id='line_1_52' title="bbox 195 3299 1223 3357; baseline -0.005 -14"><span class='ocrx_word' id='word_1_516' title='bbox 195 3315 284 3344; x_wconf 90' lang='lat' dir='ltr'><em>mus</em></span> <span class='ocrx_word' id='word_1_517' title='bbox 298 3310 532 3355; x_wconf 83' lang='lat' dir='ltr'><em>argumenta</em></span> <span class='ocrx_word' id='word_1_518' title='bbox 544 3329 554 3340; x_wconf 91' lang='lat'><em>.</em></span> <span class='ocrx_word' id='word_1_519' title='bbox 579 3300 775 3357; x_wconf 86' lang='lat' dir='ltr'><em>Qamvis</em></span> <span class='ocrx_word' id='word_1_520' title='bbox 794 3299 916 3352; x_wconf 86' lang='lat' dir='ltr'><em>igitur</em></span> <span class='ocrx_word' id='word_1_521' title='bbox 931 3299 1119 3340; x_wconf 81' lang='lat' dir='ltr'><em>statutum</em></span> <span class='ocrx_word' id='word_1_522' title='bbox 1136 3302 1223 3341; x_wconf 91' lang='lat' dir='ltr'><em>No-</em></span> 
     </span>
     <span class='ocr_line' id='line_1_53' title="bbox 196 3355 1217 3403; baseline -0.006 0"><span class='ocrx_word' id='word_1_523' title='bbox 196 3361 257 3403; x_wconf 87' lang='lat' dir='ltr'><em>bis</em></span> <span class='ocrx_word' id='word_1_524' title='bbox 281 3358 410 3402; x_wconf 84' lang='lat' dir='ltr'><em>fuiffet</em></span> <span class='ocrx_word' id='word_1_525' title='bbox 437 3356 668 3401; x_wconf 67' lang='lat' dir='ltr'><em>divisionem</em></span> <span class='ocrx_word' id='word_1_526' title='bbox 697 3357 917 3399; x_wconf 86' lang='lat' dir='ltr'><em>Provinciae</em></span> <span class='ocrx_word' id='word_1_527' title='bbox 946 3357 1142 3398; x_wconf 83' lang='lat' dir='ltr'><em>Bohemiae</em></span> <span class='ocrx_word' id='word_1_528' title='bbox 1168 3355 1217 3398; x_wconf 89' lang='lat' dir='ltr'><em>ad</em></span> 
     </span>
     <span class='ocr_line' id='line_1_54' title="bbox 196 3414 1219 3469; baseline -0.006 -9"><span class='ocrx_word' id='word_1_529' title='bbox 196 3418 463 3460; x_wconf 83' lang='lat' dir='ltr'><em>visitationem</em></span> <span class='ocrx_word' id='word_1_530' title='bbox 494 3419 516 3460; x_wconf 76' lang='grc' dir='ltr'>ὲ</span> <span class='ocrx_word' id='word_1_531' title='bbox 541 3415 732 3459; x_wconf 80' lang='lat' dir='ltr'><em>Generali</em></span> <span class='ocrx_word' id='word_1_532' title='bbox 757 3414 921 3456; x_wconf 64' lang='lat' dir='ltr'><em>Ordinis</em></span> <span class='ocrx_word' id='word_1_533' title='bbox 949 3414 1219 3469; x_wconf 78' lang='lat' dir='ltr'><em>peragendam</em></span> 
     </span>
     <span class='ocr_line' id='line_1_55' title="bbox 199 3472 1220 3532; baseline -0.004 -14"><span class='ocrx_word' id='word_1_534' title='bbox 199 3475 373 3526; x_wconf 79' lang='lat' dir='ltr'><em>differre,</em></span> <span class='ocrx_word' id='word_1_535' title='bbox 392 3475 520 3532; x_wconf 78' lang='lat' dir='ltr'><em>palam</em></span> <span class='ocrx_word' id='word_1_536' title='bbox 541 3483 674 3516; x_wconf 85' lang='lat' dir='ltr'><em>tamen</em></span> <span class='ocrx_word' id='word_1_537' title='bbox 693 3472 847 3520; x_wconf 56' lang='lat' dir='ltr'><em>facturi,</em></span> <span class='ocrx_word' id='word_1_538' title='bbox 861 3474 1002 3528; x_wconf 78' lang='lat' dir='ltr'><em>quanti</em></span> <span class='ocrx_word' id='word_1_539' title='bbox 1015 3472 1119 3527; x_wconf 77' lang='lat' dir='ltr'><em>apud</em></span> <span class='ocrx_word' id='word_1_540' title='bbox 1135 3476 1220 3514; x_wconf 93' lang='lat' dir='ltr'><em>Nos</em></span> 
     </span>
     <span class='ocr_line' id='line_1_56' title="bbox 197 3530 1218 3583; baseline -0.004 -7"><span class='ocrx_word' id='word_1_541' title='bbox 197 3532 271 3576; x_wconf 86' lang='lat' dir='ltr'><em>fint</em></span> <span class='ocrx_word' id='word_1_542' title='bbox 297 3534 435 3576; x_wconf 79' lang='lat' dir='ltr'><em>sedula</em></span> <span class='ocrx_word' id='word_1_543' title='bbox 457 3532 587 3574; x_wconf 81' lang='lat' dir='ltr'><em>officia</em></span> <span class='ocrx_word' id='word_1_544' title='bbox 610 3542 703 3583; x_wconf 86' lang='lat' dir='ltr'><em>tua,</em></span> <span class='ocrx_word' id='word_1_545' title='bbox 727 3531 962 3573; x_wconf 85' lang='lat' dir='ltr'><em>facultatem</em></span> <span class='ocrx_word' id='word_1_546' title='bbox 987 3531 1120 3573; x_wconf 88' lang='lat' dir='ltr'><em>eidem</em></span> <span class='ocrx_word' id='word_1_547' title='bbox 1148 3530 1218 3572; x_wconf 61' lang='lat' dir='ltr'><em>in.»</em></span> 
     </span>
     <span class='ocr_line' id='line_1_57' title="bbox 202 3589 1220 3646; baseline -0.005 -13"><span class='ocrx_word' id='word_1_548' title='bbox 202 3591 608 3646; x_wconf 74' lang='lat' dir='ltr'><em>praesentiaimpertiri</em></span> <span class='ocrx_word' id='word_1_549' title='bbox 623 3589 881 3633; x_wconf 86' lang='lat' dir='ltr'><em>decrevimus</em></span> <span class='ocrx_word' id='word_1_550' title='bbox 901 3617 914 3640; x_wconf 86' lang='lat'>,</span> <span class='ocrx_word' id='word_1_551' title='bbox 941 3589 991 3631; x_wconf 91' lang='lat' dir='ltr'><em>ad</em></span> <span class='ocrx_word' id='word_1_552' title='bbox 1006 3602 1102 3644; x_wconf 86' lang='lat' dir='ltr'><em>opus</em></span> <span class='ocrx_word' id='word_1_553' title='bbox 1119 3615 1132 3637; x_wconf 79' lang='lat'>,</span> <span class='ocrx_word' id='word_1_554' title='bbox 1151 3601 1220 3640; x_wconf 86' lang='lat' dir='ltr'><em>per</em></span> 
     </span>
     <span class='ocr_line' id='line_1_58' title="bbox 202 3644 1221 3703; baseline -0.002 -15"><span class='ocrx_word' id='word_1_555' title='bbox 202 3649 390 3691; x_wconf 84' lang='lat' dir='ltr'><em>idoneum</em></span> <span class='ocrx_word' id='word_1_556' title='bbox 420 3649 709 3691; x_wconf 86' lang='lat' dir='ltr'><em>Administrum</em></span> <span class='ocrx_word' id='word_1_557' title='bbox 731 3649 1024 3703; x_wconf 87' lang='lat' dir='ltr'><em>quamprimum</em></span> <span class='ocrx_word' id='word_1_558' title='bbox 1055 3644 1221 3687; x_wconf 81' lang='lat' dir='ltr'><em>confici-</em></span> 
     </span>
     <span class='ocr_line' id='line_1_59' title="bbox 204 3703 1220 3760; baseline -0.001 -15"><span class='ocrx_word' id='word_1_559' title='bbox 204 3707 372 3749; x_wconf 81' lang='lat' dir='ltr'><em>endum.</em></span> <span class='ocrx_word' id='word_1_560' title='bbox 405 3711 496 3749; x_wconf 90' lang='lat' dir='ltr'><em>Non</em></span> <span class='ocrx_word' id='word_1_561' title='bbox 515 3708 622 3749; x_wconf 86' lang='lat' dir='ltr'><em>idem</em></span> <span class='ocrx_word' id='word_1_562' title='bbox 640 3718 775 3750; x_wconf 86' lang='lat' dir='ltr'><em>autem</em></span> <span class='ocrx_word' id='word_1_563' title='bbox 790 3706 893 3760; x_wconf 80' lang='lat' dir='ltr'><em>sequi</em></span> <span class='ocrx_word' id='word_1_564' title='bbox 909 3706 1110 3748; x_wconf 85' lang='lat' dir='ltr'><em>confilium</em></span> <span class='ocrx_word' id='word_1_565' title='bbox 1133 3703 1220 3757; x_wconf 86' lang='lat' dir='ltr'><em>pos—</em></span> 
     </span>
     <span class='ocr_line' id='line_1_60' title="bbox 202 3761 1218 3819; baseline -0.001 -15"><span class='ocrx_word' id='word_1_566' title='bbox 202 3762 332 3810; x_wconf 84' lang='lat' dir='ltr'><em>sumus</em></span> <span class='ocrx_word' id='word_1_567' title='bbox 355 3764 392 3803; x_wconf 88' lang='lat' dir='ltr'><em>in</em></span> <span class='ocrx_word' id='word_1_568' title='bbox 417 3764 643 3809; x_wconf 81' lang='lat' dir='ltr'><em>stabilienda</em></span> <span class='ocrx_word' id='word_1_569' title='bbox 669 3764 891 3809; x_wconf 85' lang='lat' dir='ltr'><em>Custodum</em></span> <span class='ocrx_word' id='word_1_570' title='bbox 914 3793 929 3814; x_wconf 90' lang='lat'>,</span> <span class='ocrx_word' id='word_1_571' title='bbox 960 3778 1005 3807; x_wconf 87' lang='lat' dir='ltr'><em>ac</em></span> <span class='ocrx_word' id='word_1_572' title='bbox 1039 3761 1218 3819; x_wconf 64' lang='lat' dir='ltr'><em>suffag103</em></span> 
     </span>
     <span class='ocr_line' id='line_1_61' title="bbox 327 3825 520 3865; baseline 0.005 -1"><span class='ocrx_word' id='word_1_573' title='bbox 327 3825 428 3864; x_wconf 81' lang='lat' dir='ltr'><em>Tom.</em></span> <span class='ocrx_word' id='word_1_574' title='bbox 457 3826 475 3865; x_wconf 94' lang='lat'><em>1</em></span> <span class='ocrx_word' id='word_1_575' title='bbox 486 3825 520 3865; x_wconf 85' lang='lat' dir='ltr'><em>V.</em></span> 
     </span>
    </p>
   </div>
   <div class='ocr_carea' id='block_1_17' title="bbox 1505 1853 1970 1912">
    <p class='ocr_par' dir='ltr' id='par_1_20' title="bbox 1505 1853 1970 1912">
     <span class='ocr_line' id='line_1_62' title="bbox 1505 1853 1970 1912; baseline -0.006 -13"><span class='ocrx_word' id='word_1_576' title='bbox 1505 1853 1795 1912; x_wconf 81' lang='lat' dir='ltr'><em>Christophorus</em></span> <span class='ocrx_word' id='word_1_577' title='bbox 1830 1855 1948 1898; x_wconf 82' lang='lat' dir='ltr'><em>Abcle</em></span> <span class='ocrx_word' id='word_1_578' title='bbox 1958 1884 1970 1896; x_wconf 87' lang='lat'><strong>.</strong></span> 
     </span>
    </p>
   </div>
   <div class='ocr_carea' id='block_1_18' title="bbox 1024 1984 2299 2003">
    <p class='ocr_par' dir='ltr' id='par_1_21' title="bbox 1024 1984 2299 2003">
     <span class='ocr_line' id='line_1_63' title="bbox 1024 1984 2299 2003; baseline -0.004 -1"><span class='ocrx_word' id='word_1_579' title='bbox 1024 1984 2299 2003; x_wconf 37' lang='lat' dir='ltr'><em>m——O———u——ss———ss—-n</em></span> 
     </span>
    </p>
   </div>
   <div class='ocr_carea' id='block_1_19' title="bbox 1273 2074 2312 2838">
    <p class='ocr_par' dir='ltr' id='par_1_22' title="bbox 1273 2074 2312 2838">
     <span class='ocr_line' id='line_1_64' title="bbox 1274 2074 2308 2140; baseline -0.003 -17"><span class='ocrx_word' id='word_1_580' title='bbox 1274 2095 1363 2125; x_wconf 89' lang='lat' dir='ltr'><em>rum</em></span> <span class='ocrx_word' id='word_1_581' title='bbox 1380 2075 1578 2140; x_wconf 78' lang='lat' dir='ltr'><em>paritate,</em></span> <span class='ocrx_word' id='word_1_582' title='bbox 1609 2074 1676 2123; x_wconf 81' lang='lat' dir='ltr'><em>seu</em></span> <span class='ocrx_word' id='word_1_583' title='bbox 1711 2082 1750 2123; x_wconf 90' lang='lat' dir='ltr'><em>in</em></span> <span class='ocrx_word' id='word_1_584' title='bbox 1767 2082 1977 2125; x_wconf 80' lang='lat' dir='ltr'><em>Provincia</em></span> <span class='ocrx_word' id='word_1_585' title='bbox 2010 2079 2224 2122; x_wconf 77' lang='lat' dir='ltr'><em>Bohemica</em></span> <span class='ocrx_word' id='word_1_586' title='bbox 2254 2078 2308 2120; x_wconf 77' lang='lat' dir='ltr'><em>de</em></span> 
     </span>
     <span class='ocr_line' id='line_1_65' title="bbox 1275 2140 2311 2197; baseline -0.007 -14"><span class='ocrx_word' id='word_1_587' title='bbox 1275 2144 1458 2197; x_wconf 89' lang='lat' dir='ltr'><em>proximo</em></span> <span class='ocrx_word' id='word_1_588' title='bbox 1479 2140 1696 2183; x_wconf 87' lang='lat' dir='ltr'><em>dividenda</em></span> <span class='ocrx_word' id='word_1_589' title='bbox 1713 2168 1725 2190; x_wconf 85' lang='lat'>‚</span> <span class='ocrx_word' id='word_1_590' title='bbox 1758 2141 1835 2182; x_wconf 83' lang='lat' dir='ltr'><em>sive</em></span> <span class='ocrx_word' id='word_1_591' title='bbox 1850 2141 1886 2181; x_wconf 87' lang='lat' dir='ltr'><em>in</em></span> <span class='ocrx_word' id='word_1_592' title='bbox 1906 2140 2127 2181; x_wconf 86' lang='lat' dir='ltr'><em>Provinciis</em></span> <span class='ocrx_word' id='word_1_593' title='bbox 2148 2141 2311 2179; x_wconf 81' lang='lat' dir='ltr'><em>Teuto-</em></span> 
     </span>
     <span class='ocr_line' id='line_1_66' title="bbox 1275 2194 2304 2255; baseline -0.008 -13"><span class='ocrx_word' id='word_1_594' title='bbox 1275 2199 1375 2242; x_wconf 80' lang='lat' dir='ltr'><em>nicis</em></span> <span class='ocrx_word' id='word_1_595' title='bbox 1405 2199 1654 2255; x_wconf 84' lang='lat' dir='ltr'><em>jampridiem</em></span> <span class='ocrx_word' id='word_1_596' title='bbox 1685 2198 1817 2240; x_wconf 84' lang='lat' dir='ltr'><em>divifis</em></span> <span class='ocrx_word' id='word_1_597' title='bbox 1832 2225 1845 2247; x_wconf 81' lang='lat'><strong>,</strong></span> <span class='ocrx_word' id='word_1_598' title='bbox 1876 2213 1938 2240; x_wconf 89' lang='lat' dir='ltr'><em>res</em></span> <span class='ocrx_word' id='word_1_599' title='bbox 1971 2198 2078 2239; x_wconf 89' lang='lat' dir='ltr'><em>enim</em></span> <span class='ocrx_word' id='word_1_600' title='bbox 2108 2194 2304 2250; x_wconf 79' lang='lat' dir='ltr'><em>peculiari</em></span> 
     </span>
     <span class='ocr_line' id='line_1_67' title="bbox 1274 2253 2308 2314; baseline -0.008 -13"><span class='ocrx_word' id='word_1_601' title='bbox 1274 2259 1433 2314; x_wconf 86' lang='lat' dir='ltr'><em>indiget</em></span> <span class='ocrx_word' id='word_1_602' title='bbox 1459 2257 1835 2308; x_wconf 82' lang='lat' dir='ltr'><em>animadversione,</em></span> <span class='ocrx_word' id='word_1_603' title='bbox 1871 2254 2020 2310; x_wconf 65' lang='lat' dir='ltr'><em>nupera</em></span> <span class='ocrx_word' id='word_1_604' title='bbox 2051 2254 2203 2297; x_wconf 89' lang='lat' dir='ltr'><em>scilicet</em></span> <span class='ocrx_word' id='word_1_605' title='bbox 2236 2253 2308 2294; x_wconf 84' lang='lat' dir='ltr'><em>fel.</em></span> 
     </span>
     <span class='ocr_line' id='line_1_68' title="bbox 1277 2311 2311 2361; baseline -0.009 0"><span class='ocrx_word' id='word_1_606' title='bbox 1277 2316 1667 2361; x_wconf 82' lang='lat' dir='ltr'><em>rec.Praedecefforis</em></span> <span class='ocrx_word' id='word_1_607' title='bbox 1682 2316 1803 2358; x_wconf 80' lang='lat' dir='ltr'><em>nostri</em></span> <span class='ocrx_word' id='word_1_608' title='bbox 1817 2314 2112 2357; x_wconf 85' lang='lat' dir='ltr'><em>Constitutione</em></span> <span class='ocrx_word' id='word_1_609' title='bbox 2128 2312 2166 2354; x_wconf 91' lang='lat' dir='ltr'><em>id</em></span> <span class='ocrx_word' id='word_1_610' title='bbox 2181 2311 2202 2352; x_wconf 71' lang='lat' dir='ltr'><em>a</em></span> <span class='ocrx_word' id='word_1_611' title='bbox 2219 2314 2311 2353; x_wconf 89' lang='lat' dir='ltr'><em>No-</em></span> 
     </span>
     <span class='ocr_line' id='line_1_69' title="bbox 1280 2367 2312 2431; baseline -0.01 -11"><span class='ocrx_word' id='word_1_612' title='bbox 1280 2377 1336 2420; x_wconf 87' lang='lat' dir='ltr'><em>bis</em></span> <span class='ocrx_word' id='word_1_613' title='bbox 1352 2373 1508 2431; x_wconf 87' lang='lat' dir='ltr'><em>prorsus</em></span> <span class='ocrx_word' id='word_1_614' title='bbox 1522 2377 1732 2429; x_wconf 80' lang='lat' dir='ltr'><em>exigente.</em></span> <span class='ocrx_word' id='word_1_615' title='bbox 1758 2372 2029 2428; x_wconf 73' lang='lat' dir='ltr'><em>Caeterum‚ne</em></span> <span class='ocrx_word' id='word_1_616' title='bbox 2045 2370 2206 2426; x_wconf 77' lang='lat' dir='ltr'><em>aliquod</em></span> <span class='ocrx_word' id='word_1_617' title='bbox 2222 2367 2312 2411; x_wconf 84' lang='lat' dir='ltr'><em>for-</em></span> 
     </span>
     <span class='ocr_line' id='line_1_70' title="bbox 1277 2428 2307 2488; baseline -0.008 -11"><span class='ocrx_word' id='word_1_618' title='bbox 1277 2432 1374 2477; x_wconf 76' lang='lat' dir='ltr'><em>tasse</em></span> <span class='ocrx_word' id='word_1_619' title='bbox 1409 2434 1613 2487; x_wconf 59' lang='lat' dir='ltr'><em>praedictus</em></span> <span class='ocrx_word' id='word_1_620' title='bbox 1645 2433 1948 2488; x_wconf 86' lang='lat' dir='ltr'><em>Capucinornm</em></span> <span class='ocrx_word' id='word_1_621' title='bbox 1973 2431 2115 2480; x_wconf 89' lang='lat' dir='ltr'><em>Ordo,</em></span> <span class='ocrx_word' id='word_1_622' title='bbox 2147 2428 2307 2484; x_wconf 84' lang='lat' dir='ltr'><em>ipsaque</em></span> 
     </span>
     <span class='ocr_line' id='line_1_71' title="bbox 1277 2488 2311 2546; baseline -0.01 -10"><span class='ocrx_word' id='word_1_623' title='bbox 1277 2490 1843 2546; x_wconf 72' lang='lat' dir='ltr'><em>PidesOrthodoxa,egregiis</em></span> <span class='ocrx_word' id='word_1_624' title='bbox 1858 2489 2156 2532; x_wconf 83' lang='lat' dir='ltr'><em>christianarum</em></span> <span class='ocrx_word' id='word_1_625' title='bbox 2177 2488 2311 2528; x_wconf 72' lang='lat' dir='ltr'><em>virtu-1</em></span> 
     </span>
     <span class='ocr_line' id='line_1_72' title="bbox 1275 2548 2305 2606; baseline -0.01 -12"><span class='ocrx_word' id='word_1_626' title='bbox 1275 2561 1364 2594; x_wconf 88' lang='lat' dir='ltr'><em>tum</em></span> <span class='ocrx_word' id='word_1_627' title='bbox 1379 2551 1578 2606; x_wconf 82' lang='lat' dir='ltr'><em>exemplis</em></span> <span class='ocrx_word' id='word_1_628' title='bbox 1597 2550 1644 2593; x_wconf 91' lang='lat' dir='ltr'><em>ab</em></span> <span class='ocrx_word' id='word_1_629' title='bbox 1665 2549 1802 2592; x_wconf 87' lang='lat' dir='ltr'><em>iisdem</em></span> <span class='ocrx_word' id='word_1_630' title='bbox 1817 2548 2081 2591; x_wconf 81' lang='lat' dir='ltr'><em>continenter</em></span> <span class='ocrx_word' id='word_1_631' title='bbox 2105 2559 2305 2601; x_wconf 77' lang='lat' dir='ltr'><em>propaga-</em></span> 
     </span>
     <span class='ocr_line' id='line_1_73' title="bbox 1276 2607 2310 2665; baseline -0.004 -13"><span class='ocrx_word' id='word_1_632' title='bbox 1276 2621 1343 2662; x_wconf 86' lang='lat' dir='ltr'><em>ta,</em></span> <span class='ocrx_word' id='word_1_633' title='bbox 1359 2611 1649 2652; x_wconf 87' lang='lat' dir='ltr'><em>detrimentum</em></span> <span class='ocrx_word' id='word_1_634' title='bbox 1664 2610 1842 2665; x_wconf 78' lang='lat' dir='ltr'><em>patiatur</em></span> <span class='ocrx_word' id='word_1_635' title='bbox 1865 2609 1887 2650; x_wconf 73' lang='grc' dir='ltr'>ὲ</span> <span class='ocrx_word' id='word_1_636' title='bbox 1901 2607 2072 2649; x_wconf 87' lang='lat' dir='ltr'><em>decreto</em></span> <span class='ocrx_word' id='word_1_637' title='bbox 2086 2635 2102 2655; x_wconf 89' lang='lat'>,</span> <span class='ocrx_word' id='word_1_638' title='bbox 2114 2607 2310 2648; x_wconf 53' lang='lat' dir='ltr'><em>Convens</em></span> 
     </span>
     <span class='ocr_line' id='line_1_74' title="bbox 1275 2663 2304 2717; baseline -0.012 -4"><span class='ocrx_word' id='word_1_639' title='bbox 1275 2680 1391 2713; x_wconf 87' lang='lat' dir='ltr'><em>tuum</em></span> <span class='ocrx_word' id='word_1_640' title='bbox 1415 2670 1661 2710; x_wconf 69' lang='lat' dir='ltr'><em>erectionem</em></span> <span class='ocrx_word' id='word_1_641' title='bbox 1683 2665 1919 2710; x_wconf 86' lang='lat' dir='ltr'><em>retardante</em></span> <span class='ocrx_word' id='word_1_642' title='bbox 1933 2695 1947 2717; x_wconf 83' lang='lat'>‚</span> <span class='ocrx_word' id='word_1_643' title='bbox 1976 2663 2212 2707; x_wconf 86' lang='lat' dir='ltr'><em>eorumdem</em></span> <span class='ocrx_word' id='word_1_644' title='bbox 2234 2675 2304 2702; x_wconf 85' lang='lat' dir='ltr'><em>ea-</em></span> 
     </span>
     <span class='ocr_line' id='line_1_75' title="bbox 1274 2719 2304 2785; baseline -0.01 -14"><span class='ocrx_word' id='word_1_645' title='bbox 1274 2739 1442 2785; x_wconf 88' lang='lat' dir='ltr'><em>propter</em></span> <span class='ocrx_word' id='word_1_646' title='bbox 1453 2725 1859 2782; x_wconf 65' lang='lat' dir='ltr'><em>Genera1i‚subjestas</em></span> <span class='ocrx_word' id='word_1_647' title='bbox 1874 2726 1943 2766; x_wconf 87' lang='lat' dir='ltr'><em>fibi</em></span> <span class='ocrx_word' id='word_1_648' title='bbox 1958 2723 2187 2765; x_wconf 87' lang='lat' dir='ltr'><em>Provincias</em></span> <span class='ocrx_word' id='word_1_649' title='bbox 2215 2719 2304 2761; x_wconf 82' lang='lat' dir='ltr'><em>vifi-</em></span> 
     </span>
     <span class='ocr_line' id='line_1_76' title="bbox 1273 2775 2305 2838; baseline -0.012 -8"><span class='ocrx_word' id='word_1_650' title='bbox 1273 2798 1430 2838; x_wconf 71' lang='lat' dir='ltr'><em>taturQ</em></span> <span class='ocrx_word' id='word_1_651' title='bbox 1445 2786 1631 2835; x_wconf 88' lang='lat' dir='ltr'><em>liberum,</em></span> <span class='ocrx_word' id='word_1_652' title='bbox 1648 2785 1774 2828; x_wconf 88' lang='lat' dir='ltr'><em>Nobis</em></span> <span class='ocrx_word' id='word_1_653' title='bbox 1790 2781 2106 2824; x_wconf 84' lang='lat' dir='ltr'><em>concedentibus</em></span> <span class='ocrx_word' id='word_1_654' title='bbox 2118 2804 2131 2826; x_wconf 84' lang='lat'>‚</span> <span class='ocrx_word' id='word_1_655' title='bbox 2149 2775 2273 2818; x_wconf 81' lang='lat' dir='ltr'><em>fuerit</em></span> <span class='ocrx_word' id='word_1_656' title='bbox 2286 2785 2305 2827; x_wconf 82' lang='lat'><em>,&#39;</em></span> 
     </span>
    </p>
   </div>
   <div class='ocr_carea' id='block_1_20' title="bbox 1275 2836 2308 2948">
    <p class='ocr_par' dir='ltr' id='par_1_23' title="bbox 1275 2836 2308 2948">
     <span class='ocr_line' id='line_1_77' title="bbox 1275 2836 2303 2899; baseline -0.014 -11"><span class='ocrx_word' id='word_1_657' title='bbox 1275 2846 1343 2888; x_wconf 91' lang='lat' dir='ltr'><em>ubi</em></span> <span class='ocrx_word' id='word_1_658' title='bbox 1369 2848 1419 2887; x_wconf 88' lang='lat' dir='ltr'><em>fic</em></span> <span class='ocrx_word' id='word_1_659' title='bbox 1446 2843 1495 2886; x_wconf 92' lang='lat' dir='ltr'><em>ad</em></span> <span class='ocrx_word' id='word_1_660' title='bbox 1521 2844 1838 2899; x_wconf 86' lang='lat' dir='ltr'><em>promovendam</em></span> <span class='ocrx_word' id='word_1_661' title='bbox 1855 2837 1930 2876; x_wconf 88' lang='lat' dir='ltr'><em>Dei</em></span> <span class='ocrx_word' id='word_1_662' title='bbox 1957 2836 2127 2890; x_wconf 84' lang='lat' dir='ltr'><em>gloriam</em></span> <span class='ocrx_word' id='word_1_663' title='bbox 2151 2847 2303 2888; x_wconf 85' lang='lat' dir='ltr'><em>oppor-</em></span> 
     </span>
     <span class='ocr_line' id='line_1_78' title="bbox 1277 2892 2308 2948; baseline -0.013 -2"><span class='ocrx_word' id='word_1_664' title='bbox 1277 2914 1420 2946; x_wconf 87' lang='lat' dir='ltr'><em>tunum</em></span> <span class='ocrx_word' id='word_1_665' title='bbox 1447 2902 1615 2942; x_wconf 83' lang='lat' dir='ltr'><em>duxerit</em></span> <span class='ocrx_word' id='word_1_666' title='bbox 1641 2927 1654 2945; x_wconf 83' lang='lat'>,</span> <span class='ocrx_word' id='word_1_667' title='bbox 1684 2908 1788 2937; x_wconf 90' lang='lat' dir='ltr'><em>nova</em></span> <span class='ocrx_word' id='word_1_668' title='bbox 1812 2893 1890 2934; x_wconf 76' lang='lat' dir='ltr'><em>istis</em></span> <span class='ocrx_word' id='word_1_669' title='bbox 1911 2893 1949 2934; x_wconf 82' lang='lat' dir='ltr'><em>in</em></span> <span class='ocrx_word' id='word_1_670' title='bbox 1976 2892 2208 2948; x_wconf 86' lang='lat' dir='ltr'><em>regionibus</em></span> <span class='ocrx_word' id='word_1_671' title='bbox 2233 2893 2308 2934; x_wconf 69' lang='lat' dir='ltr'><em>ad-‘</em></span> 
     </span>
    </p>
   </div>
   <div class='ocr_carea' id='block_1_21' title="bbox 1279 2950 2307 3519">
    <p class='ocr_par' dir='ltr' id='par_1_24' title="bbox 1279 2950 2307 3519">
     <span class='ocr_line' id='line_1_79' title="bbox 1281 2950 2306 3005; baseline -0.013 -4"><span class='ocrx_word' id='word_1_672' title='bbox 1281 2962 1414 3001; x_wconf 86' lang='lat' dir='ltr'><em>versus</em></span> <span class='ocrx_word' id='word_1_673' title='bbox 1437 2958 1612 2996; x_wconf 84' lang='lat' dir='ltr'><em>haerefim</em></span> <span class='ocrx_word' id='word_1_674' title='bbox 1626 2953 1683 2993; x_wconf 89' lang='lat' dir='ltr'><em>sui</em></span> <span class='ocrx_word' id='word_1_675' title='bbox 1699 2950 1863 2992; x_wconf 83' lang='lat' dir='ltr'><em>Ordinis</em></span> <span class='ocrx_word' id='word_1_676' title='bbox 1879 2952 2058 2993; x_wconf 80' lang='lat' dir='ltr'><em>excitare</em></span> <span class='ocrx_word' id='word_1_677' title='bbox 2078 2965 2306 3005; x_wconf 84' lang='lat' dir='ltr'><em>propugna-</em></span> 
     </span>
     <span class='ocr_line' id='line_1_80' title="bbox 1283 3008 2303 3064; baseline -0.007 -8"><span class='ocrx_word' id='word_1_678' title='bbox 1283 3015 1400 3060; x_wconf 73' lang='lat' dir='ltr'><em>cula,</em></span> <span class='ocrx_word' id='word_1_679' title='bbox 1429 3011 1713 3063; x_wconf 84' lang='lat' dir='ltr'><em>sacrorumque</em></span> <span class='ocrx_word' id='word_1_680' title='bbox 1739 3008 1885 3064; x_wconf 87' lang='lat' dir='ltr'><em>jurium</em></span> <span class='ocrx_word' id='word_1_681' title='bbox 1911 3009 2133 3051; x_wconf 84' lang='lat' dir='ltr'><em>extenfioni</em></span> <span class='ocrx_word' id='word_1_682' title='bbox 2159 3022 2232 3062; x_wconf 89' lang='lat' dir='ltr'><em>pro</em></span> <span class='ocrx_word' id='word_1_683' title='bbox 2260 3023 2303 3049; x_wconf 88' lang='lat' dir='ltr'><em>re</em></span> 
     </span>
     <span class='ocr_line' id='line_1_81' title="bbox 1283 3066 2304 3122; baseline -0.006 -10"><span class='ocrx_word' id='word_1_684' title='bbox 1283 3081 1376 3113; x_wconf 77' lang='lat' dir='ltr'><em>nata,</em></span> <span class='ocrx_word' id='word_1_685' title='bbox 1403 3067 1612 3111; x_wconf 86' lang='lat' dir='ltr'><em>consulere</em></span> <span class='ocrx_word' id='word_1_686' title='bbox 1630 3096 1645 3107; x_wconf 84' lang='lat'>.</span> <span class='ocrx_word' id='word_1_687' title='bbox 1677 3068 1735 3108; x_wconf 85' lang='lat' dir='ltr'><em>Ut</em></span> <span class='ocrx_word' id='word_1_688' title='bbox 1762 3067 1836 3121; x_wconf 89' lang='lat' dir='ltr'><em>piis</em></span> <span class='ocrx_word' id='word_1_689' title='bbox 1858 3066 1975 3122; x_wconf 87' lang='lat' dir='ltr'><em>ipfius</em></span> <span class='ocrx_word' id='word_1_690' title='bbox 2001 3067 2208 3107; x_wconf 82' lang='lat' dir='ltr'><em>conatibus</em></span> <span class='ocrx_word' id='word_1_691' title='bbox 2231 3080 2304 3119; x_wconf 86' lang='lat' dir='ltr'><em>pro</em></span> 
     </span>
     <span class='ocr_line' id='line_1_82' title="bbox 1284 3122 2306 3181; baseline -0.005 -11"><span class='ocrx_word' id='word_1_692' title='bbox 1284 3127 1462 3181; x_wconf 84' lang='lat' dir='ltr'><em>ingenita</em></span> <span class='ocrx_word' id='word_1_693' title='bbox 1481 3126 1547 3167; x_wconf 88' lang='lat' dir='ltr'><em>fibi</em></span> <span class='ocrx_word' id='word_1_694' title='bbox 1560 3125 1776 3179; x_wconf 76' lang='lat' dir='ltr'><em>Religione</em></span> <span class='ocrx_word' id='word_1_695' title='bbox 1794 3125 1930 3180; x_wconf 76' lang='lat' dir='ltr'><em>praesto</em></span> <span class='ocrx_word' id='word_1_696' title='bbox 1955 3122 2034 3164; x_wconf 81' lang='lat' dir='ltr'><em>effe</em></span> <span class='ocrx_word' id='word_1_697' title='bbox 2050 3126 2306 3165; x_wconf 87' lang='lat' dir='ltr'><em>continenter</em></span> 
     </span>
     <span class='ocr_line' id='line_1_83' title="bbox 1285 3182 2307 3239; baseline -0.005 -11"><span class='ocrx_word' id='word_1_698' title='bbox 1285 3186 1386 3228; x_wconf 89' lang='lat' dir='ltr'><em>velit</em></span> <span class='ocrx_word' id='word_1_699' title='bbox 1402 3184 1583 3239; x_wconf 84' lang='lat' dir='ltr'><em>Majestas</em></span> <span class='ocrx_word' id='word_1_700' title='bbox 1601 3186 1711 3230; x_wconf 78' lang='lat' dir='ltr'><em>Tua,</em></span> <span class='ocrx_word' id='word_1_701' title='bbox 1727 3183 1843 3224; x_wconf 75' lang='lat' dir='ltr'><em>enixe</em></span> <span class='ocrx_word' id='word_1_702' title='bbox 1869 3182 2046 3235; x_wconf 82' lang='lat' dir='ltr'><em>cupimus</em></span> <span class='ocrx_word' id='word_1_703' title='bbox 2063 3210 2076 3231; x_wconf 84' lang='lat'>‚</span> <span class='ocrx_word' id='word_1_704' title='bbox 2102 3183 2167 3224; x_wconf 88' lang='lat' dir='ltr'><em>cui</em></span> <span class='ocrx_word' id='word_1_705' title='bbox 2198 3185 2307 3235; x_wconf 87' lang='lat' dir='ltr'><em>Apo-</em></span> 
     </span>
     <span class='ocr_line' id='line_1_84' title="bbox 1283 3238 2306 3292; baseline -0.005 -6"><span class='ocrx_word' id='word_1_706' title='bbox 1283 3243 1459 3286; x_wconf 84' lang='lat' dir='ltr'><em>stolicam</em></span> <span class='ocrx_word' id='word_1_707' title='bbox 1481 3238 2036 3292; x_wconf 72' lang='lat' dir='ltr'><em>Benediffionem‚P0ntificiae</em></span> <span class='ocrx_word' id='word_1_708' title='bbox 2063 3239 2306 3282; x_wconf 86' lang='lat' dir='ltr'><em>benevolen-</em></span> 
     </span>
     <span class='ocr_line' id='line_1_85' title="bbox 1282 3297 2274 3356; baseline -0.007 -12"><span class='ocrx_word' id='word_1_709' title='bbox 1282 3303 1344 3344; x_wconf 81' lang='lat' dir='ltr'><em>tiae</em></span> <span class='ocrx_word' id='word_1_710' title='bbox 1371 3304 1511 3356; x_wconf 84' lang='lat' dir='ltr'><em>pignus</em></span> <span class='ocrx_word' id='word_1_711' title='bbox 1527 3327 1541 3350; x_wconf 80' lang='lat'>,</span> <span class='ocrx_word' id='word_1_712' title='bbox 1554 3300 1715 3340; x_wconf 87' lang='lat' dir='ltr'><em>interim</em></span> <span class='ocrx_word' id='word_1_713' title='bbox 1729 3297 1987 3342; x_wconf 68' lang='lat' dir='ltr'><em>amantiffime</em></span> <span class='ocrx_word' id='word_1_714' title='bbox 2006 3299 2274 3352; x_wconf 78' lang='lat' dir='ltr'><em>impertimur.</em></span> 
     </span>
     <span class='ocr_line' id='line_1_86' title="bbox 1340 3354 2300 3413; baseline -0.005 -12"><span class='ocrx_word' id='word_1_715' title='bbox 1340 3363 1488 3402; x_wconf 77' lang='lat' dir='ltr'><em>Datum</em></span> <span class='ocrx_word' id='word_1_716' title='bbox 1504 3360 1642 3399; x_wconf 85' lang='lat' dir='ltr'><em>Romae</em></span> <span class='ocrx_word' id='word_1_717' title='bbox 1655 3357 1758 3412; x_wconf 90' lang='lat' dir='ltr'><em>apud</em></span> <span class='ocrx_word' id='word_1_718' title='bbox 1778 3362 1819 3400; x_wconf 89' lang='lat' dir='ltr'><em>S.</em></span> <span class='ocrx_word' id='word_1_719' title='bbox 1834 3357 2002 3397; x_wconf 85' lang='lat' dir='ltr'><em>Mariam</em></span> <span class='ocrx_word' id='word_1_720' title='bbox 2020 3356 2218 3413; x_wconf 87' lang='lat' dir='ltr'><em>Majorem</em></span> <span class='ocrx_word' id='word_1_721' title='bbox 2232 3354 2300 3397; x_wconf 87' lang='lat' dir='ltr'><em>sub</em></span> 
     </span>
     <span class='ocr_line' id='line_1_87' title="bbox 1280 3414 2301 3468; baseline -0.005 -9"><span class='ocrx_word' id='word_1_722' title='bbox 1280 3417 1445 3460; x_wconf 89' lang='lat' dir='ltr'><em>Annulo</em></span> <span class='ocrx_word' id='word_1_723' title='bbox 1458 3415 1683 3462; x_wconf 49' lang='lat' dir='ltr'><em>Piscatori&amp;</em></span> <span class='ocrx_word' id='word_1_724' title='bbox 1698 3417 1775 3457; x_wconf 91' lang='lat' dir='ltr'><em>Die</em></span> <span class='ocrx_word' id='word_1_725' title='bbox 1789 3414 2081 3468; x_wconf 87' lang='lat' dir='ltr'><em>primaAugusti</em></span> <span class='ocrx_word' id='word_1_726' title='bbox 2096 3427 2301 3457; x_wconf 71' lang='lat' dir='ltr'><em>MDchxi.</em></span> 
     </span>
     <span class='ocr_line' id='line_1_88' title="bbox 1279 3470 2058 3519; baseline -0.01 0"><span class='ocrx_word' id='word_1_727' title='bbox 1279 3473 1542 3519; x_wconf 78' lang='lat' dir='ltr'><em>Pontificatfis</em></span> <span class='ocrx_word' id='word_1_728' title='bbox 1568 3473 1691 3517; x_wconf 86' lang='lat' dir='ltr'><em>nostri</em></span> <span class='ocrx_word' id='word_1_729' title='bbox 1717 3476 1835 3515; x_wconf 84' lang='lat' dir='ltr'><em>Anno</em></span> <span class='ocrx_word' id='word_1_730' title='bbox 1859 3470 2058 3515; x_wconf 85' lang='lat' dir='ltr'><em>secundo.</em></span> 
     </span>
    </p>
   </div>
   <div class='ocr_carea' id='block_1_22' title="bbox 1536 3586 2185 3643">
    <p class='ocr_par' dir='ltr' id='par_1_25' title="bbox 1536 3586 2185 3643">
     <span class='ocr_line' id='line_1_89' title="bbox 1536 3586 2185 3643; baseline -0.009 -10"><span class='ocrx_word' id='word_1_731' title='bbox 1536 3591 1688 3633; x_wconf 86' lang='lat' dir='ltr'><em>Marius</em></span> <span class='ocrx_word' id='word_1_732' title='bbox 1721 3586 1888 3643; x_wconf 90' lang='lat' dir='ltr'><em>Spinula</em></span> <span class='ocrx_word' id='word_1_733' title='bbox 1919 3587 2185 3631; x_wconf 87' lang='lat' dir='ltr'><em>secretarius.</em></span> 
     </span>
    </p>
   </div>
   <div class='ocr_carea' id='block_1_23' title="bbox 1338 3703 2298 3761">
    <p class='ocr_par' dir='ltr' id='par_1_26' title="bbox 1338 3703 2298 3761">
     <span class='ocr_line' id='line_1_90' title="bbox 1338 3703 2298 3761; baseline -0.011 -10"><span class='ocrx_word' id='word_1_734' title='bbox 1338 3710 1478 3761; x_wconf 84' lang='lat' dir='ltr'><em>Autog.</em></span> <span class='ocrx_word' id='word_1_735' title='bbox 1506 3709 1546 3747; x_wconf 89' lang='lat' dir='ltr'><em>in</em></span> <span class='ocrx_word' id='word_1_736' title='bbox 1581 3709 1722 3746; x_wconf 78' lang='lat' dir='ltr'><em>secret.</em></span> <span class='ocrx_word' id='word_1_737' title='bbox 1750 3709 1868 3745; x_wconf 85' lang='lat' dir='ltr'><em>Brev.</em></span> <span class='ocrx_word' id='word_1_738' title='bbox 1896 3703 1944 3744; x_wconf 82' lang='lat' dir='ltr'><em>ad</em></span> <span class='ocrx_word' id='word_1_739' title='bbox 1961 3704 2167 3760; x_wconf 87' lang='lat' dir='ltr'><em>Principes</em></span> <span class='ocrx_word' id='word_1_740' title='bbox 2205 3703 2298 3754; x_wconf 75' lang='lat' dir='ltr'><em>leeg.</em></span> 
     </span>
    </p>
   </div>
   <div class='ocr_carea' id='block_1_24' title="bbox 1395 3760 1988 3822">
    <p class='ocr_par' dir='ltr' id='par_1_27' title="bbox 1395 3760 1988 3822">
     <span class='ocr_line' id='line_1_91' title="bbox 1395 3760 1988 3822; baseline -0.003 -15"><span class='ocrx_word' id='word_1_741' title='bbox 1395 3765 1515 3822; x_wconf 75' lang='lat' dir='ltr'><em>meust</em></span> <span class='ocrx_word' id='word_1_742' title='bbox 1528 3764 1576 3812; x_wconf 65' lang='grc' dir='ltr'><em>Θ·</em></span> <span class='ocrx_word' id='word_1_743' title='bbox 1588 3777 1654 3804; x_wconf 89' lang='lat' dir='ltr'><em>an.</em></span> <span class='ocrx_word' id='word_1_744' title='bbox 1674 3764 1801 3817; x_wconf 80' lang='lat' dir='ltr'><em>praed.</em></span> <span class='ocrx_word' id='word_1_745' title='bbox 1822 3760 1902 3819; x_wconf 82' lang='lat' dir='ltr'><em>fol·</em></span> <span class='ocrx_word' id='word_1_746' title='bbox 1921 3763 1988 3811; x_wconf 80' lang='lat'><em>56.</em></span> 
     </span>
    </p>
   </div>
   <div class='ocr_carea' id='block_1_25' title="bbox 1610 3820 2250 3864">
    <p class='ocr_par' dir='ltr' id='par_1_28' title="bbox 1610 3820 2250 3864">
     <span class='ocr_line' id='line_1_92' title="bbox 1610 3820 2250 3864; baseline -0.005 -1"><span class='ocrx_word' id='word_1_747' title='bbox 1610 3825 1640 3864; x_wconf 82' lang='lat' dir='ltr'>B</span> <span class='ocrx_word' id='word_1_748' title='bbox 1669 3833 1692 3862; x_wconf 84' lang='lat'><em>2</em></span> <span class='ocrx_word' id='word_1_749' title='bbox 2155 3820 2250 3862; x_wconf 84' lang='lat' dir='ltr'><em>NO-</em></span> 
     </span>
    </p>
   </div>
  </div>
 </body>
</html>
