<?xml version="1.0" encoding="UTF-8"?>
<!DOCTYPE html PUBLIC "-//W3C//DTD XHTML 1.0 Transitional//EN"
    "http://www.w3.org/TR/xhtml1/DTD/xhtml1-transitional.dtd">
<html xmlns="http://www.w3.org/1999/xhtml" xml:lang="en" lang="en">
 <head>
  <title>
</title>
<meta http-equiv="Content-Type" content="text/html;charset=utf-8" />
  <meta name='ocr-system' content='tesseract 3.04.00' />
  <meta name='ocr-capabilities' content='ocr_page ocr_carea ocr_par ocr_line ocrx_word'/>
</head>
<body>
  <div class='ocr_page' id='page_1' title='image "./bullariumordinis04cath/bullariumordinis04cath_0217.png"; bbox 0 0 2658 4256; ppageno 0'>
   <div class='ocr_carea' id='block_1_1' title="bbox 965 225 2218 329">
    <p class='ocr_par' dir='ltr' id='par_1_1' title="bbox 965 225 2218 329">
     <span class='ocr_line' id='line_1_1' title="bbox 965 225 2218 329; baseline -0.006 -18"><span class='ocrx_word' id='word_1_1' title='bbox 965 225 1534 311; x_wconf 77' lang='lat' dir='ltr'>Boemic&#39;a.</span> <span class='ocrx_word' id='word_1_2' title='bbox 2052 227 2218 329; x_wconf 81' lang='lat'>189</span> 
     </span>
    </p>
   </div>
   <div class='ocr_carea' id='block_1_2' title="bbox 223 345 2312 3869">
    <p class='ocr_par' dir='ltr' id='par_1_2' title="bbox 223 345 2283 889">
     <span class='ocr_line' id='line_1_2' title="bbox 225 345 2276 408; baseline -0.004 -11"><span class='ocrx_word' id='word_1_3' title='bbox 225 367 307 408; x_wconf 54' lang='lat' dir='ltr'>„fit</span> <span class='ocrx_word' id='word_1_4' title='bbox 317 389 329 400; x_wconf 88' lang='lat'>.</span> <span class='ocrx_word' id='word_1_5' title='bbox 354 362 444 398; x_wconf 83' lang='lat' dir='ltr'>Hinc</span> <span class='ocrx_word' id='word_1_6' title='bbox 457 360 491 396; x_wconf 76' lang='lat' dir='ltr'>S&lt;</span> <span class='ocrx_word' id='word_1_7' title='bbox 507 359 713 397; x_wconf 79' lang='lat' dir='ltr'>Valerianus</span> <span class='ocrx_word' id='word_1_8' title='bbox 725 357 791 394; x_wconf 79' lang='lat' dir='ltr'>line</span> <span class='ocrx_word' id='word_1_9' title='bbox 805 353 988 400; x_wconf 77' lang='lat' dir='ltr'>legationis</span> <span class='ocrx_word' id='word_1_10' title='bbox 1002 365 1070 390; x_wconf 89' lang='lat' dir='ltr'>non</span> <span class='ocrx_word' id='word_1_11' title='bbox 1085 349 1240 389; x_wconf 62' lang='lat' dir='ltr'>confeeto</span> <span class='ocrx_word' id='word_1_12' title='bbox 1256 374 1268 395; x_wconf 92' lang='lat'>,</span> <span class='ocrx_word' id='word_1_13' title='bbox 1280 351 1450 388; x_wconf 82' lang='lat' dir='ltr'>Viennam</span> <span class='ocrx_word' id='word_1_14' title='bbox 1466 345 1643 395; x_wconf 73' lang='lat' dir='ltr'>regressus,</span> <span class='ocrx_word' id='word_1_15' title='bbox 1660 345 1822 383; x_wconf 69' lang='lat' dir='ltr'>leauram</span> <span class='ocrx_word' id='word_1_16' title='bbox 1837 347 2062 393; x_wconf 51' lang='lat' dir='ltr'>ressass&#39;umpfit</span> <span class='ocrx_word' id='word_1_17' title='bbox 2072 373 2086 392; x_wconf 89' lang='lat'>,</span> <span class='ocrx_word' id='word_1_18' title='bbox 2111 362 2212 396; x_wconf 84' lang='lat' dir='ltr'>quam</span> <span class='ocrx_word' id='word_1_19' title='bbox 2225 361 2276 390; x_wconf 59' lang='lat' dir='ltr'>tae</span> 
     </span>
     <span class='ocr_line' id='line_1_3' title="bbox 227 397 2275 455; baseline -0.004 -9"><span class='ocrx_word' id='word_1_20' title='bbox 227 426 305 454; x_wconf 76' lang='lat' dir='ltr'>men</span> <span class='ocrx_word' id='word_1_21' title='bbox 321 423 381 447; x_wconf 90' lang='lat' dir='ltr'>nec</span> <span class='ocrx_word' id='word_1_22' title='bbox 394 411 458 446; x_wconf 86' lang='lat' dir='ltr'>hac</span> <span class='ocrx_word' id='word_1_23' title='bbox 474 409 547 444; x_wconf 82' lang='lat' dir='ltr'>viee</span> <span class='ocrx_word' id='word_1_24' title='bbox 562 409 717 455; x_wconf 79' lang='lat' dir='ltr'>prosequi</span> <span class='ocrx_word' id='word_1_25' title='bbox 731 407 766 443; x_wconf 86' lang='lat'>&amp;</span> <span class='ocrx_word' id='word_1_26' title='bbox 781 402 956 441; x_wconf 78' lang='lat' dir='ltr'>terminare</span> <span class='ocrx_word' id='word_1_27' title='bbox 969 403 1001 436; x_wconf 86' lang='lat' dir='ltr'>ei</span> <span class='ocrx_word' id='word_1_28' title='bbox 1013 404 1128 438; x_wconf 87' lang='lat' dir='ltr'>datum</span> <span class='ocrx_word' id='word_1_29' title='bbox 1143 399 1226 443; x_wconf 77' lang='lat' dir='ltr'>fuit,</span> <span class='ocrx_word' id='word_1_30' title='bbox 1248 412 1330 436; x_wconf 73' lang='lat' dir='ltr'>vcurn</span> <span class='ocrx_word' id='word_1_31' title='bbox 1348 401 1442 436; x_wconf 86' lang='lat' dir='ltr'>varia</span> <span class='ocrx_word' id='word_1_32' title='bbox 1459 397 1652 442; x_wconf 75' lang='lat' dir='ltr'>Religionis</span> <span class='ocrx_word' id='word_1_33' title='bbox 1665 397 1806 439; x_wconf 86' lang='lat' dir='ltr'>negotia</span> <span class='ocrx_word' id='word_1_34' title='bbox 1821 399 1962 435; x_wconf 66' lang='lat' dir='ltr'>trafiiare</span> <span class='ocrx_word' id='word_1_35' title='bbox 1977 410 2054 434; x_wconf 93' lang='lat' dir='ltr'>eum</span> <span class='ocrx_word' id='word_1_36' title='bbox 2065 403 2275 444; x_wconf 77' lang='lat' dir='ltr'>oportuerit.</span> 
     </span>
     <span class='ocr_line' id='line_1_4' title="bbox 226 445 2278 507; baseline -0.004 -12"><span class='ocrx_word' id='word_1_37' title='bbox 226 460 430 507; x_wconf 65' lang='lat' dir='ltr'>concepere</span> <span class='ocrx_word' id='word_1_38' title='bbox 442 458 522 494; x_wconf 80' lang='lat' dir='ltr'>exin</span> <span class='ocrx_word' id='word_1_39' title='bbox 540 467 663 493; x_wconf 74' lang='lat' dir='ltr'>contra</span> <span class='ocrx_word' id='word_1_40' title='bbox 677 468 755 493; x_wconf 79' lang='lat' dir='ltr'>eum</span> <span class='ocrx_word' id='word_1_41' title='bbox 768 451 926 490; x_wconf 69' lang='lat' dir='ltr'>Haeretici</span> <span class='ocrx_word' id='word_1_42' title='bbox 944 448 1163 485; x_wconf 80' lang='lat' dir='ltr'>Vatinianum</span> <span class='ocrx_word' id='word_1_43' title='bbox 1178 448 1295 485; x_wconf 78' lang='lat' dir='ltr'>odium</span> <span class='ocrx_word' id='word_1_44' title='bbox 1309 470 1322 492; x_wconf 97' lang='lat'>,</span> <span class='ocrx_word' id='word_1_45' title='bbox 1341 447 1522 485; x_wconf 85' lang='lat' dir='ltr'>calumniis</span> <span class='ocrx_word' id='word_1_46' title='bbox 1532 450 1567 481; x_wconf 80' lang='lat'>&amp;</span> <span class='ocrx_word' id='word_1_47' title='bbox 1581 445 1763 490; x_wconf 73' lang='lat' dir='ltr'>agnomine</span> <span class='ocrx_word' id='word_1_48' title='bbox 1783 445 1892 491; x_wconf 72' lang='lat' dir='ltr'>Longi</span> <span class='ocrx_word' id='word_1_49' title='bbox 1905 446 2067 482; x_wconf 78' lang='lat' dir='ltr'>Monachr&#39;</span> <span class='ocrx_word' id='word_1_50' title='bbox 2094 450 2113 496; x_wconf 86' lang='grc'><strong>(</strong></span> <span class='ocrx_word' id='word_1_51' title='bbox 2128 459 2278 493; x_wconf 66' lang='lat' dir='ltr'>procera</span> 
     </span>
     <span class='ocr_line' id='line_1_5' title="bbox 227 491 2277 551; baseline -0.003 -12"><span class='ocrx_word' id='word_1_52' title='bbox 227 511 319 548; x_wconf 62' lang='lat' dir='ltr'>enim</span> <span class='ocrx_word' id='word_1_53' title='bbox 329 518 395 544; x_wconf 78' lang='lat' dir='ltr'>erat</span> <span class='ocrx_word' id='word_1_54' title='bbox 407 507 539 542; x_wconf 63' lang='grc' dir='ltr'>[ιιι-ωε</span> <span class='ocrx_word' id='word_1_55' title='bbox 549 506 575 551; x_wconf 73' lang='grc'>)“</span> <span class='ocrx_word' id='word_1_56' title='bbox 589 506 781 542; x_wconf 73' lang='lat' dir='ltr'>oneravere</span> <span class='ocrx_word' id='word_1_57' title='bbox 791 524 805 544; x_wconf 91' lang='lat'>,</span> <span class='ocrx_word' id='word_1_58' title='bbox 827 511 867 537; x_wconf 82' lang='lat' dir='ltr'>ac</span> <span class='ocrx_word' id='word_1_59' title='bbox 880 498 923 534; x_wconf 86' lang='lat' dir='ltr'>de</span> <span class='ocrx_word' id='word_1_60' title='bbox 933 497 1069 539; x_wconf 86' lang='lat' dir='ltr'>verbis,</span> <span class='ocrx_word' id='word_1_61' title='bbox 1087 509 1177 532; x_wconf 83' lang='lat' dir='ltr'>anno</span> <span class='ocrx_word' id='word_1_62' title='bbox 1191 496 1368 533; x_wconf 71' lang='lat' dir='ltr'>millesimo</span> <span class='ocrx_word' id='word_1_63' title='bbox 1383 493 1617 533; x_wconf 78' lang='lat' dir='ltr'>sexcentesimo</span> <span class='ocrx_word' id='word_1_64' title='bbox 1629 491 1763 546; x_wconf 80' lang='lat' dir='ltr'>decimo</span> <span class='ocrx_word' id='word_1_65' title='bbox 1782 494 1911 527; x_wconf 65' lang='lat' dir='ltr'>octavo</span> <span class='ocrx_word' id='word_1_66' title='bbox 1938 495 2117 532; x_wconf 72' lang='lat' dir='ltr'>transivere</span> <span class='ocrx_word' id='word_1_67' title='bbox 2138 497 2184 531; x_wconf 87' lang='lat' dir='ltr'>ad</span> <span class='ocrx_word' id='word_1_68' title='bbox 2200 509 2277 533; x_wconf 89' lang='lat' dir='ltr'>ver-</span> 
     </span>
     <span class='ocr_line' id='line_1_6' title="bbox 226 540 2279 597; baseline -0.006 -4"><span class='ocrx_word' id='word_1_69' title='bbox 226 561 330 597; x_wconf 85' lang='lat' dir='ltr'>bera:</span> <span class='ocrx_word' id='word_1_70' title='bbox 355 556 532 592; x_wconf 66' lang='lat' dir='ltr'>visitatori</span> <span class='ocrx_word' id='word_1_71' title='bbox 548 554 635 590; x_wconf 88' lang='lat' dir='ltr'>enim</span> <span class='ocrx_word' id='word_1_72' title='bbox 648 544 1034 591; x_wconf 59' lang='lat' dir='ltr'>Generaliffiae-Claudio</span> <span class='ocrx_word' id='word_1_73' title='bbox 1046 555 1091 579; x_wconf 83' lang='lat' dir='ltr'>ex</span> <span class='ocrx_word' id='word_1_74' title='bbox 1102 545 1214 581; x_wconf 85' lang='lat' dir='ltr'>Sacile</span> <span class='ocrx_word' id='word_1_75' title='bbox 1226 571 1237 586; x_wconf 89' lang='lat'>,</span> <span class='ocrx_word' id='word_1_76' title='bbox 1261 545 1338 592; x_wconf 80' lang='lat' dir='ltr'>ipso</span> <span class='ocrx_word' id='word_1_77' title='bbox 1348 545 1403 581; x_wconf 91' lang='lat' dir='ltr'>die</span> <span class='ocrx_word' id='word_1_78' title='bbox 1422 542 1604 580; x_wconf 81' lang='lat' dir='ltr'>Dominico</span> <span class='ocrx_word' id='word_1_79' title='bbox 1617 564 1630 585; x_wconf 90' lang='lat'>,</span> <span class='ocrx_word' id='word_1_80' title='bbox 1654 540 1689 575; x_wconf 88' lang='lat' dir='ltr'>iu</span> <span class='ocrx_word' id='word_1_81' title='bbox 1703 550 1802 586; x_wconf 78' lang='lat' dir='ltr'>cujus</span> <span class='ocrx_word' id='word_1_82' title='bbox 1817 541 1909 576; x_wconf 69' lang='lat' dir='ltr'>Missa</span> <span class='ocrx_word' id='word_1_83' title='bbox 1923 543 2147 590; x_wconf 77' lang='lat' dir='ltr'>Evangelium</span> <span class='ocrx_word' id='word_1_84' title='bbox 2164 544 2205 581; x_wconf 90' lang='lat' dir='ltr'>de</span> <span class='ocrx_word' id='word_1_85' title='bbox 2218 546 2279 581; x_wconf 89' lang='lat' dir='ltr'>bo-</span> 
     </span>
     <span class='ocr_line' id='line_1_7' title="bbox 225 589 2279 646; baseline -0.006 -4"><span class='ocrx_word' id='word_1_86' title='bbox 225 608 315 645; x_wconf 87' lang='lat' dir='ltr'>mine</span> <span class='ocrx_word' id='word_1_87' title='bbox 328 605 544 641; x_wconf 78' lang='lat' dir='ltr'>descendente</span> <span class='ocrx_word' id='word_1_88' title='bbox 565 603 608 638; x_wconf 76' lang='lat' dir='ltr'>ab</span> <span class='ocrx_word' id='word_1_89' title='bbox 622 601 801 646; x_wconf 82' lang='lat' dir='ltr'>Jerusalem</span> <span class='ocrx_word' id='word_1_90' title='bbox 816 595 972 643; x_wconf 68' lang='lat' dir='ltr'>inJerffco</span> <span class='ocrx_word' id='word_1_91' title='bbox 986 617 998 636; x_wconf 83' lang='lat'><em>,</em></span> <span class='ocrx_word' id='word_1_92' title='bbox 1020 592 1056 628; x_wconf 87' lang='lat'>&amp;</span> <span class='ocrx_word' id='word_1_93' title='bbox 1074 594 1108 626; x_wconf 84' lang='lat' dir='ltr'>in</span> <span class='ocrx_word' id='word_1_94' title='bbox 1123 595 1288 629; x_wconf 80' lang='lat' dir='ltr'>Latrones</span> <span class='ocrx_word' id='word_1_95' title='bbox 1311 593 1475 629; x_wconf 78' lang='lat' dir='ltr'>incidente</span> <span class='ocrx_word' id='word_1_96' title='bbox 1491 591 1613 627; x_wconf 69' lang='lat' dir='ltr'>lestum</span> <span class='ocrx_word' id='word_1_97' title='bbox 1626 589 1731 624; x_wconf 85' lang='lat' dir='ltr'>fuerat</span> <span class='ocrx_word' id='word_1_98' title='bbox 1748 610 1762 630; x_wconf 92' lang='lat'>,</span> <span class='ocrx_word' id='word_1_99' title='bbox 1786 589 1924 624; x_wconf 88' lang='lat' dir='ltr'>obviam</span> <span class='ocrx_word' id='word_1_100' title='bbox 1937 603 2076 628; x_wconf 88' lang='lat' dir='ltr'>euntem</span> <span class='ocrx_word' id='word_1_101' title='bbox 2098 598 2130 628; x_wconf 70' lang='grc'><strong>8(</strong></span> <span class='ocrx_word' id='word_1_102' title='bbox 2152 596 2194 628; x_wconf 85' lang='lat' dir='ltr'>ad</span> <span class='ocrx_word' id='word_1_103' title='bbox 2206 606 2279 630; x_wconf 84' lang='lat' dir='ltr'>cre·</span> 
     </span>
     <span class='ocr_line' id='line_1_8' title="bbox 226 634 2279 703; baseline -0.008 -11"><span class='ocrx_word' id='word_1_104' title='bbox 226 656 404 703; x_wconf 88' lang='lat' dir='ltr'>pusculum</span> <span class='ocrx_word' id='word_1_105' title='bbox 421 651 570 688; x_wconf 83' lang='lat' dir='ltr'>Linciurn</span> <span class='ocrx_word' id='word_1_106' title='bbox 583 650 834 688; x_wconf 73' lang='lat' dir='ltr'>introeuntem,</span> <span class='ocrx_word' id='word_1_107' title='bbox 859 641 1059 687; x_wconf 79' lang='lat' dir='ltr'>congregati</span> <span class='ocrx_word' id='word_1_108' title='bbox 1075 641 1110 675; x_wconf 90' lang='lat' dir='ltr'>in</span> <span class='ocrx_word' id='word_1_109' title='bbox 1123 639 1324 681; x_wconf 79' lang='lat' dir='ltr'>Suburbio,</span> <span class='ocrx_word' id='word_1_110' title='bbox 1347 641 1383 677; x_wconf 86' lang='lat'>&amp;</span> <span class='ocrx_word' id='word_1_111' title='bbox 1409 641 1442 675; x_wconf 85' lang='lat' dir='ltr'>in</span> <span class='ocrx_word' id='word_1_112' title='bbox 1456 641 1556 680; x_wconf 85' lang='lat' dir='ltr'>loco,</span> <span class='ocrx_word' id='word_1_113' title='bbox 1582 637 1640 674; x_wconf 90' lang='lat' dir='ltr'>ubi</span> <span class='ocrx_word' id='word_1_114' title='bbox 1656 634 1820 672; x_wconf 76' lang='lat' dir='ltr'>restiones</span> <span class='ocrx_word' id='word_1_115' title='bbox 1843 636 1922 673; x_wconf 89' lang='lat' dir='ltr'>suos</span> <span class='ocrx_word' id='word_1_116' title='bbox 1940 650 2097 686; x_wconf 82' lang='lat' dir='ltr'>torquere</span> <span class='ocrx_word' id='word_1_117' title='bbox 2122 642 2279 678; x_wconf 82' lang='lat' dir='ltr'>solebant</span> 
     </span>
     <span class='ocr_line' id='line_1_9' title="bbox 223 684 2279 746; baseline 0.002 -26"><span class='ocrx_word' id='word_1_118' title='bbox 223 705 322 740; x_wconf 60' lang='lat' dir='ltr'>fimes</span> <span class='ocrx_word' id='word_1_119' title='bbox 337 726 350 746; x_wconf 64' lang='lat'><strong>,</strong></span> <span class='ocrx_word' id='word_1_120' title='bbox 374 700 519 737; x_wconf 50' lang='lat' dir='ltr'>humei</span> <span class='ocrx_word' id='word_1_121' title='bbox 533 722 544 740; x_wconf 61' lang='lat'>‚</span> <span class='ocrx_word' id='word_1_122' title='bbox 560 697 671 744; x_wconf 58' lang='lat' dir='ltr'>pflmf,</span> <span class='ocrx_word' id='word_1_123' title='bbox 683 693 854 732; x_wconf 65' lang='grc' dir='ltr'>ωῃνὶςῑῐς</span> <span class='ocrx_word' id='word_1_124' title='bbox 867 690 1065 737; x_wconf 65' lang='lat' dir='ltr'>impetivere</span> <span class='ocrx_word' id='word_1_125' title='bbox 1078 712 1090 732; x_wconf 89' lang='lat'>,</span> <span class='ocrx_word' id='word_1_126' title='bbox 1112 699 1150 724; x_wconf 78' lang='lat' dir='ltr'>ac</span> <span class='ocrx_word' id='word_1_127' title='bbox 1167 688 1381 733; x_wconf 81' lang='lat' dir='ltr'>postmodum</span> <span class='ocrx_word' id='word_1_128' title='bbox 1397 688 1539 734; x_wconf 75' lang='lat' dir='ltr'>arreptis</span> <span class='ocrx_word' id='word_1_129' title='bbox 1555 686 1674 722; x_wconf 80' lang='lat' dir='ltr'>fulcris</span> <span class='ocrx_word' id='word_1_130' title='bbox 1698 684 1893 720; x_wconf 83' lang='lat' dir='ltr'>invaserunt</span> <span class='ocrx_word' id='word_1_131' title='bbox 1907 708 1918 720; x_wconf 85' lang='lat'><em>.</em></span> <span class='ocrx_word' id='word_1_132' title='bbox 1948 689 2127 725; x_wconf 81' lang='lat' dir='ltr'>Declinare</span> <span class='ocrx_word' id='word_1_133' title='bbox 2141 691 2279 736; x_wconf 87' lang='lat' dir='ltr'>quidem</span> 
     </span>
     <span class='ocr_line' id='line_1_10' title="bbox 228 733 2279 799; baseline -0.007 -11"><span class='ocrx_word' id='word_1_134' title='bbox 228 752 343 789; x_wconf 87' lang='lat' dir='ltr'>voluit</span> <span class='ocrx_word' id='word_1_135' title='bbox 367 747 505 799; x_wconf 59' lang='lat' dir='ltr'>abjefiiae</span> <span class='ocrx_word' id='word_1_136' title='bbox 524 746 634 794; x_wconf 82' lang='lat' dir='ltr'>plebis</span> <span class='ocrx_word' id='word_1_137' title='bbox 657 743 824 781; x_wconf 79' lang='lat' dir='ltr'>insultus,</span> <span class='ocrx_word' id='word_1_138' title='bbox 851 737 1068 776; x_wconf 72' lang='lat' dir='ltr'>transiliendo</span> <span class='ocrx_word' id='word_1_139' title='bbox 1079 747 1192 773; x_wconf 83' lang='lat' dir='ltr'>autem</span> <span class='ocrx_word' id='word_1_140' title='bbox 1205 735 1349 771; x_wconf 81' lang='lat' dir='ltr'>obvium</span> <span class='ocrx_word' id='word_1_141' title='bbox 1368 735 1500 779; x_wconf 78' lang='lat' dir='ltr'>septum</span> <span class='ocrx_word' id='word_1_142' title='bbox 1511 759 1525 779; x_wconf 86' lang='lat'>,</span> <span class='ocrx_word' id='word_1_143' title='bbox 1550 735 1694 781; x_wconf 80' lang='lat' dir='ltr'>impegit</span> <span class='ocrx_word' id='word_1_144' title='bbox 1710 733 1745 768; x_wconf 91' lang='lat' dir='ltr'>in</span> <span class='ocrx_word' id='word_1_145' title='bbox 1759 743 1862 768; x_wconf 85' lang='lat' dir='ltr'>unum</span> <span class='ocrx_word' id='word_1_146' title='bbox 1890 744 1934 768; x_wconf 85' lang='lat' dir='ltr'>ex</span> <span class='ocrx_word' id='word_1_147' title='bbox 1950 735 2199 780; x_wconf 70' lang='lat' dir='ltr'>insequentibus</span> <span class='ocrx_word' id='word_1_148' title='bbox 2216 762 2227 780; x_wconf 90' lang='lat'>,</span> <span class='ocrx_word' id='word_1_149' title='bbox 2243 739 2279 774; x_wconf 90' lang='grc'>8(</span> 
     </span>
     <span class='ocr_line' id='line_1_11' title="bbox 223 781 2283 845; baseline -0.01 -7"><span class='ocrx_word' id='word_1_150' title='bbox 223 813 300 838; x_wconf 83' lang='lat' dir='ltr'>curn</span> <span class='ocrx_word' id='word_1_151' title='bbox 315 811 359 836; x_wconf 85' lang='lat' dir='ltr'>eo</span> <span class='ocrx_word' id='word_1_152' title='bbox 373 798 481 845; x_wconf 83' lang='lat' dir='ltr'>lapsus</span> <span class='ocrx_word' id='word_1_153' title='bbox 493 797 540 832; x_wconf 82' lang='lat' dir='ltr'>est</span> <span class='ocrx_word' id='word_1_154' title='bbox 565 794 599 829; x_wconf 79' lang='lat' dir='ltr'>iu</span> <span class='ocrx_word' id='word_1_155' title='bbox 613 792 746 828; x_wconf 80' lang='lat' dir='ltr'>foveam</span> <span class='ocrx_word' id='word_1_156' title='bbox 761 816 772 827; x_wconf 86' lang='lat'><strong>.</strong></span> <span class='ocrx_word' id='word_1_157' title='bbox 798 788 1030 834; x_wconf 66' lang='lat' dir='ltr'>Supervenere</span> <span class='ocrx_word' id='word_1_158' title='bbox 1044 784 1176 821; x_wconf 86' lang='lat' dir='ltr'>interim</span> <span class='ocrx_word' id='word_1_159' title='bbox 1187 783 1274 828; x_wconf 82' lang='lat' dir='ltr'>alii,</span> <span class='ocrx_word' id='word_1_160' title='bbox 1297 784 1357 831; x_wconf 89' lang='lat' dir='ltr'>qui</span> <span class='ocrx_word' id='word_1_161' title='bbox 1375 783 1596 820; x_wconf 76' lang='lat' dir='ltr'>Valerianum</span> <span class='ocrx_word' id='word_1_162' title='bbox 1612 807 1625 827; x_wconf 88' lang='lat'>‚</span> <span class='ocrx_word' id='word_1_163' title='bbox 1649 783 1693 818; x_wconf 88' lang='lat' dir='ltr'>ita</span> <span class='ocrx_word' id='word_1_164' title='bbox 1716 793 1791 818; x_wconf 90' lang='lat' dir='ltr'>cum</span> <span class='ocrx_word' id='word_1_165' title='bbox 1805 781 1963 817; x_wconf 81' lang='lat' dir='ltr'>haeretico</span> <span class='ocrx_word' id='word_1_166' title='bbox 1979 784 2174 830; x_wconf 59' lang='lat' dir='ltr'>lukiantem,</span> <span class='ocrx_word' id='word_1_167' title='bbox 2189 787 2283 823; x_wconf 83' lang='lat' dir='ltr'>fusti.</span> 
     </span>
     <span class='ocr_line' id='line_1_12' title="bbox 226 836 1156 889; baseline -0.018 -5"><span class='ocrx_word' id='word_1_168' title='bbox 226 851 292 886; x_wconf 86' lang='lat' dir='ltr'>bus</span> <span class='ocrx_word' id='word_1_169' title='bbox 308 848 379 884; x_wconf 73' lang='lat' dir='ltr'>dire</span> <span class='ocrx_word' id='word_1_170' title='bbox 426 846 460 882; x_wconf 81' lang='lat'>&amp;</span> <span class='ocrx_word' id='word_1_171' title='bbox 476 842 601 889; x_wconf 86' lang='lat' dir='ltr'>triplici</span> <span class='ocrx_word' id='word_1_172' title='bbox 620 840 715 876; x_wconf 80' lang='lat' dir='ltr'>fatali</span> <span class='ocrx_word' id='word_1_173' title='bbox 732 838 875 873; x_wconf 87' lang='lat' dir='ltr'>vulnere</span> <span class='ocrx_word' id='word_1_174' title='bbox 895 836 1124 881; x_wconf 71' lang='lat' dir='ltr'>percusserunt</span> <span class='ocrx_word' id='word_1_175' title='bbox 1145 857 1156 868; x_wconf 89' lang='lat'><strong>.</strong></span> 
     </span>
    </p>

    <p class='ocr_par' dir='ltr' id='par_1_3' title="bbox 226 872 2289 1174">
     <span class='ocr_line' id='line_1_13' title="bbox 324 872 2283 934; baseline -0.007 -2"><span class='ocrx_word' id='word_1_176' title='bbox 324 872 514 933; x_wconf 66' lang='lat' dir='ltr'>Coticitato</span> <span class='ocrx_word' id='word_1_177' title='bbox 525 889 659 926; x_wconf 76' lang='lat' dir='ltr'>interim</span> <span class='ocrx_word' id='word_1_178' title='bbox 670 893 729 934; x_wconf 56' lang='lat' dir='ltr'>*per</span> <span class='ocrx_word' id='word_1_179' title='bbox 746 884 955 922; x_wconf 86' lang='lat' dir='ltr'>Suburbium</span> <span class='ocrx_word' id='word_1_180' title='bbox 970 885 989 919; x_wconf 66' lang='lat' dir='ltr'>a</span> <span class='ocrx_word' id='word_1_181' title='bbox 1001 882 1118 919; x_wconf 88' lang='lat' dir='ltr'>Sociis</span> <span class='ocrx_word' id='word_1_182' title='bbox 1134 880 1312 918; x_wconf 83' lang='lat' dir='ltr'>Fratribus</span> <span class='ocrx_word' id='word_1_183' title='bbox 1324 879 1490 927; x_wconf 81' lang='lat' dir='ltr'>adjutorii</span> <span class='ocrx_word' id='word_1_184' title='bbox 1503 877 1880 925; x_wconf 80' lang='lat' dir='ltr'>clamore,percuffores</span> <span class='ocrx_word' id='word_1_185' title='bbox 1889 877 2000 925; x_wconf 73' lang='lat' dir='ltr'>plagis</span> <span class='ocrx_word' id='word_1_186' title='bbox 2015 879 2167 929; x_wconf 79' lang='lat' dir='ltr'>impofitis</span> <span class='ocrx_word' id='word_1_187' title='bbox 2189 883 2283 931; x_wconf 77' lang='lat' dir='ltr'>abje-</span> 
     </span>
     <span class='ocr_line' id='line_1_14' title="bbox 227 928 2286 984; baseline -0.009 -7"><span class='ocrx_word' id='word_1_188' title='bbox 227 954 338 984; x_wconf 70' lang='lat' dir='ltr'>runt„</span> <span class='ocrx_word' id='word_1_189' title='bbox 365 941 544 980; x_wconf 75' lang='lat' dir='ltr'>Valeriano</span> <span class='ocrx_word' id='word_1_190' title='bbox 557 961 571 981; x_wconf 89' lang='lat'>‚</span> <span class='ocrx_word' id='word_1_191' title='bbox 587 936 756 984; x_wconf 75' lang='lat' dir='ltr'>semivivo</span> <span class='ocrx_word' id='word_1_192' title='bbox 769 931 881 969; x_wconf 56' lang='lat' dir='ltr'>reditio</span> <span class='ocrx_word' id='word_1_193' title='bbox 895 956 907 973; x_wconf 94' lang='lat'>,</span> <span class='ocrx_word' id='word_1_194' title='bbox 932 933 967 967; x_wconf 84' lang='grc'>8(</span> <span class='ocrx_word' id='word_1_195' title='bbox 994 932 1035 967; x_wconf 88' lang='lat' dir='ltr'>ad</span> <span class='ocrx_word' id='word_1_196' title='bbox 1050 931 1198 966; x_wconf 86' lang='lat' dir='ltr'>vicinam</span> <span class='ocrx_word' id='word_1_197' title='bbox 1217 930 1368 965; x_wconf 85' lang='lat' dir='ltr'>Domum</span> <span class='ocrx_word' id='word_1_198' title='bbox 1384 929 1501 975; x_wconf 74' lang='lat' dir='ltr'>potius</span> <span class='ocrx_word' id='word_1_199' title='bbox 1514 939 1689 975; x_wconf 78' lang='lat' dir='ltr'>reptante,</span> <span class='ocrx_word' id='word_1_200' title='bbox 1719 929 1820 974; x_wconf 75' lang='lat' dir='ltr'>quarn</span> <span class='ocrx_word' id='word_1_201' title='bbox 1842 938 1946 962; x_wconf 87' lang='lat' dir='ltr'>eunte</span> <span class='ocrx_word' id='word_1_202' title='bbox 1965 953 1971 960; x_wconf 87' lang='lat'><strong>.</strong></span> <span class='ocrx_word' id='word_1_203' title='bbox 1998 928 2111 975; x_wconf 80' lang='lat' dir='ltr'>Hujus</span> <span class='ocrx_word' id='word_1_204' title='bbox 2139 931 2286 966; x_wconf 64' lang='lat' dir='ltr'>Paterfa-</span> 
     </span>
     <span class='ocr_line' id='line_1_15' title="bbox 230 975 2287 1039; baseline -0.011 -8"><span class='ocrx_word' id='word_1_205' title='bbox 230 995 274 1032; x_wconf 91' lang='lat' dir='ltr'>mi</span> <span class='ocrx_word' id='word_1_206' title='bbox 281 995 340 1030; x_wconf 83' lang='lat' dir='ltr'>lias</span> <span class='ocrx_word' id='word_1_207' title='bbox 388 997 627 1039; x_wconf 57' lang='lat' dir='ltr'>quantumque</span> <span class='ocrx_word' id='word_1_208' title='bbox 638 982 811 1019; x_wconf 68' lang='lat' dir='ltr'>hereticus</span> <span class='ocrx_word' id='word_1_209' title='bbox 822 1004 834 1023; x_wconf 82' lang='lat'>‚</span> <span class='ocrx_word' id='word_1_210' title='bbox 859 979 980 1015; x_wconf 77' lang='lat' dir='ltr'>vident</span> <span class='ocrx_word' id='word_1_211' title='bbox 995 990 1069 1016; x_wconf 81' lang='lat' dir='ltr'>eum</span> <span class='ocrx_word' id='word_1_212' title='bbox 1082 1002 1094 1021; x_wconf 88' lang='lat'>,</span> <span class='ocrx_word' id='word_1_213' title='bbox 1120 989 1238 1014; x_wconf 85' lang='lat' dir='ltr'>cruore</span> <span class='ocrx_word' id='word_1_214' title='bbox 1251 978 1476 1024; x_wconf 78' lang='lat' dir='ltr'>undequaque</span> <span class='ocrx_word' id='word_1_215' title='bbox 1491 986 1681 1013; x_wconf 75' lang='lat' dir='ltr'>manantem</span> <span class='ocrx_word' id='word_1_216' title='bbox 1692 999 1704 1019; x_wconf 93' lang='lat'>‚</span> <span class='ocrx_word' id='word_1_217' title='bbox 1729 975 1963 1024; x_wconf 75' lang='lat' dir='ltr'>misericordia</span> <span class='ocrx_word' id='word_1_218' title='bbox 1978 984 2085 1010; x_wconf 76' lang='lat' dir='ltr'>motus</span> <span class='ocrx_word' id='word_1_219' title='bbox 2098 976 2140 1024; x_wconf 85' lang='lat' dir='ltr'>est</span> <span class='ocrx_word' id='word_1_220' title='bbox 2175 979 2287 1025; x_wconf 59' lang='lat' dir='ltr'>&amp;ap-</span> 
     </span>
     <span class='ocr_line' id='line_1_16' title="bbox 226 1015 2289 1092; baseline -0.005 -19"><span class='ocrx_word' id='word_1_221' title='bbox 226 1015 388 1092; x_wconf 59' lang='lat' dir='ltr'>propiatio</span> <span class='ocrx_word' id='word_1_222' title='bbox 411 1034 574 1083; x_wconf 61' lang='lat' dir='ltr'>alligavzt</span> <span class='ocrx_word' id='word_1_223' title='bbox 585 1030 730 1068; x_wconf 80' lang='lat' dir='ltr'>vulnera</span> <span class='ocrx_word' id='word_1_224' title='bbox 743 1028 817 1078; x_wconf 80' lang='lat' dir='ltr'>ejus</span> <span class='ocrx_word' id='word_1_225' title='bbox 831 1054 841 1069; x_wconf 93' lang='lat'>,</span> <span class='ocrx_word' id='word_1_226' title='bbox 865 1038 1077 1074; x_wconf 79' lang='lat' dir='ltr'>arreptoque</span> <span class='ocrx_word' id='word_1_227' title='bbox 1097 1026 1216 1069; x_wconf 81' lang='lat' dir='ltr'>gladio</span> <span class='ocrx_word' id='word_1_228' title='bbox 1242 1026 1411 1062; x_wconf 89' lang='lat' dir='ltr'>insecutus</span> <span class='ocrx_word' id='word_1_229' title='bbox 1424 1026 1469 1061; x_wconf 90' lang='lat' dir='ltr'>est</span> <span class='ocrx_word' id='word_1_230' title='bbox 1499 1024 1706 1072; x_wconf 73' lang='lat' dir='ltr'>percussores</span> <span class='ocrx_word' id='word_1_231' title='bbox 1722 1047 1734 1066; x_wconf 91' lang='lat'>,</span> <span class='ocrx_word' id='word_1_232' title='bbox 1759 1034 1900 1070; x_wconf 85' lang='lat' dir='ltr'>portato</span> <span class='ocrx_word' id='word_1_233' title='bbox 1918 1024 2041 1058; x_wconf 86' lang='lat' dir='ltr'>interea</span> <span class='ocrx_word' id='word_1_234' title='bbox 2055 1023 2244 1060; x_wconf 85' lang='lat' dir='ltr'>Valeriano</span> <span class='ocrx_word' id='word_1_235' title='bbox 2269 1028 2289 1060; x_wconf 74' lang='grc' dir='ltr'>ὲ.</span> 
     </span>
     <span class='ocr_line' id='line_1_17' title="bbox 232 1072 2287 1128; baseline -0.003 -13"><span class='ocrx_word' id='word_1_236' title='bbox 232 1088 406 1128; x_wconf 56' lang='lat' dir='ltr'>fan—{bus</span> <span class='ocrx_word' id='word_1_237' title='bbox 418 1085 460 1120; x_wconf 60' lang='lat' dir='ltr'>,d</span> <span class='ocrx_word' id='word_1_238' title='bbox 481 1080 716 1120; x_wconf 71' lang='lat' dir='ltr'>monasterium</span> <span class='ocrx_word' id='word_1_239' title='bbox 734 1103 747 1119; x_wconf 91' lang='lat'>,</span> <span class='ocrx_word' id='word_1_240' title='bbox 772 1076 830 1113; x_wconf 87' lang='lat' dir='ltr'>ubi</span> <span class='ocrx_word' id='word_1_241' title='bbox 844 1075 1041 1123; x_wconf 70' lang='lat' dir='ltr'>Chirurgus</span> <span class='ocrx_word' id='word_1_242' title='bbox 1055 1099 1067 1118; x_wconf 83' lang='lat'>‚</span> <span class='ocrx_word' id='word_1_243' title='bbox 1092 1075 1216 1119; x_wconf 84' lang='lat' dir='ltr'>pariter</span> <span class='ocrx_word' id='word_1_244' title='bbox 1228 1075 1402 1111; x_wconf 69' lang='lat' dir='ltr'>haereticus</span> <span class='ocrx_word' id='word_1_245' title='bbox 1426 1076 1446 1122; x_wconf 77' lang='lat'>(⁴</span> <span class='ocrx_word' id='word_1_246' title='bbox 1457 1075 1544 1110; x_wconf 86' lang='lat' dir='ltr'>alius</span> <span class='ocrx_word' id='word_1_247' title='bbox 1555 1074 1643 1111; x_wconf 89' lang='lat' dir='ltr'>enim</span> <span class='ocrx_word' id='word_1_248' title='bbox 1663 1075 1700 1111; x_wconf 85' lang='lat' dir='ltr'>in</span> <span class='ocrx_word' id='word_1_249' title='bbox 1713 1072 1892 1111; x_wconf 77' lang='lat' dir='ltr'>Suburbio</span> <span class='ocrx_word' id='word_1_250' title='bbox 1906 1084 1973 1108; x_wconf 83' lang='lat' dir='ltr'>non</span> <span class='ocrx_word' id='word_1_251' title='bbox 1997 1082 2069 1107; x_wconf 81' lang='lat' dir='ltr'>erat</span> <span class='ocrx_word' id='word_1_252' title='bbox 2087 1095 2100 1115; x_wconf 84' lang='lat'>,</span> <span class='ocrx_word' id='word_1_253' title='bbox 2122 1085 2185 1109; x_wconf 87' lang='lat' dir='ltr'>nec</span> <span class='ocrx_word' id='word_1_254' title='bbox 2199 1074 2287 1110; x_wconf 83' lang='lat' dir='ltr'>alius</span> 
     </span>
     <span class='ocr_line' id='line_1_18' title="bbox 232 1123 1607 1174; baseline -0.004 -9"><span class='ocrx_word' id='word_1_255' title='bbox 232 1139 281 1174; x_wconf 68' lang='lat' dir='ltr'>ob</span> <span class='ocrx_word' id='word_1_256' title='bbox 292 1135 471 1173; x_wconf 72' lang='lat' dir='ltr'>civitatem</span> <span class='ocrx_word' id='word_1_257' title='bbox 486 1130 592 1166; x_wconf 65' lang='lat' dir='ltr'>nonu</span> <span class='ocrx_word' id='word_1_258' title='bbox 611 1129 753 1165; x_wconf 79' lang='lat' dir='ltr'>clausam</span> <span class='ocrx_word' id='word_1_259' title='bbox 764 1125 880 1162; x_wconf 71' lang='lat' dir='ltr'>voe-ri</span> <span class='ocrx_word' id='word_1_260' title='bbox 896 1126 1057 1172; x_wconf 84' lang='lat' dir='ltr'>poterat)</span> <span class='ocrx_word' id='word_1_261' title='bbox 1083 1123 1226 1159; x_wconf 70' lang='lat' dir='ltr'>sollicita</span> <span class='ocrx_word' id='word_1_262' title='bbox 1238 1135 1320 1159; x_wconf 88' lang='lat' dir='ltr'>cura</span> <span class='ocrx_word' id='word_1_263' title='bbox 1334 1126 1366 1158; x_wconf 86' lang='lat' dir='ltr'>ei</span> <span class='ocrx_word' id='word_1_264' title='bbox 1384 1123 1586 1159; x_wconf 74' lang='lat' dir='ltr'>medebatur</span> <span class='ocrx_word' id='word_1_265' title='bbox 1598 1150 1607 1160; x_wconf 82' lang='grc'><strong>.</strong></span> 
     </span>
    </p>

    <p class='ocr_par' dir='ltr' id='par_1_4' title="bbox 233 1168 2305 1853">
     <span class='ocr_line' id='line_1_19' title="bbox 323 1168 2293 1223; baseline -0.006 -7"><span class='ocrx_word' id='word_1_266' title='bbox 323 1179 516 1219; x_wconf 82' lang='lat' dir='ltr'>Convaluit</span> <span class='ocrx_word' id='word_1_267' title='bbox 534 1177 633 1214; x_wconf 85' lang='lat' dir='ltr'>citius</span> <span class='ocrx_word' id='word_1_268' title='bbox 647 1201 660 1220; x_wconf 92' lang='lat'>,</span> <span class='ocrx_word' id='word_1_269' title='bbox 681 1178 785 1223; x_wconf 75' lang='lat' dir='ltr'>quarn</span> <span class='ocrx_word' id='word_1_270' title='bbox 796 1173 967 1210; x_wconf 85' lang='lat' dir='ltr'>creditum</span> <span class='ocrx_word' id='word_1_271' title='bbox 985 1173 1094 1208; x_wconf 88' lang='lat' dir='ltr'>fuerat</span> <span class='ocrx_word' id='word_1_272' title='bbox 1108 1196 1120 1215; x_wconf 89' lang='lat'>,</span> <span class='ocrx_word' id='word_1_273' title='bbox 1145 1172 1178 1206; x_wconf 89' lang='grc'>8(</span> <span class='ocrx_word' id='word_1_274' title='bbox 1191 1184 1279 1207; x_wconf 88' lang='lat' dir='ltr'>anno</span> <span class='ocrx_word' id='word_1_275' title='bbox 1292 1171 1468 1207; x_wconf 81' lang='lat' dir='ltr'>millefimo</span> <span class='ocrx_word' id='word_1_276' title='bbox 1488 1171 1726 1209; x_wconf 78' lang='lat' dir='ltr'>sexcentefimo</span> <span class='ocrx_word' id='word_1_277' title='bbox 1738 1171 1872 1208; x_wconf 88' lang='lat' dir='ltr'>decimo</span> <span class='ocrx_word' id='word_1_278' title='bbox 1887 1181 1982 1205; x_wconf 92' lang='lat' dir='ltr'>nono</span> <span class='ocrx_word' id='word_1_279' title='bbox 1994 1170 2101 1207; x_wconf 87' lang='lat' dir='ltr'>Lincii</span> <span class='ocrx_word' id='word_1_280' title='bbox 2115 1168 2293 1205; x_wconf 85' lang='lat' dir='ltr'>Guardia-</span> 
     </span>
     <span class='ocr_line' id='line_1_20' title="bbox 233 1218 2291 1277; baseline -0.005 -12"><span class='ocrx_word' id='word_1_281' title='bbox 233 1244 321 1277; x_wconf 79' lang='lat' dir='ltr'>nus,</span> <span class='ocrx_word' id='word_1_282' title='bbox 344 1232 379 1268; x_wconf 84' lang='lat'>&amp;</span> <span class='ocrx_word' id='word_1_283' title='bbox 394 1227 624 1265; x_wconf 81' lang='lat' dir='ltr'>Novitiorum</span> <span class='ocrx_word' id='word_1_284' title='bbox 642 1225 802 1268; x_wconf 83' lang='lat' dir='ltr'>Magister</span> <span class='ocrx_word' id='word_1_285' title='bbox 812 1222 1039 1263; x_wconf 82' lang='lat' dir='ltr'>renuntiatus,</span> <span class='ocrx_word' id='word_1_286' title='bbox 1052 1219 1158 1258; x_wconf 80' lang='lat' dir='ltr'>evasit</span> <span class='ocrx_word' id='word_1_287' title='bbox 1173 1219 1310 1256; x_wconf 89' lang='lat' dir='ltr'>noviter</span> <span class='ocrx_word' id='word_1_288' title='bbox 1323 1219 1454 1257; x_wconf 83' lang='lat' dir='ltr'>infidias</span> <span class='ocrx_word' id='word_1_289' title='bbox 1470 1244 1483 1264; x_wconf 94' lang='lat'>,</span> <span class='ocrx_word' id='word_1_290' title='bbox 1499 1222 1540 1257; x_wconf 84' lang='lat' dir='ltr'>ab</span> <span class='ocrx_word' id='word_1_291' title='bbox 1551 1221 1713 1257; x_wconf 68' lang='lat' dir='ltr'>haereticis</span> <span class='ocrx_word' id='word_1_292' title='bbox 1725 1229 1841 1258; x_wconf 86' lang='lat' dir='ltr'>contra</span> <span class='ocrx_word' id='word_1_293' title='bbox 1866 1231 1942 1257; x_wconf 89' lang='lat' dir='ltr'>eum</span> <span class='ocrx_word' id='word_1_294' title='bbox 1957 1219 2077 1259; x_wconf 88' lang='lat' dir='ltr'>cusas;</span> <span class='ocrx_word' id='word_1_295' title='bbox 2104 1218 2185 1252; x_wconf 88' lang='lat' dir='ltr'>dum</span> <span class='ocrx_word' id='word_1_296' title='bbox 2202 1219 2291 1254; x_wconf 88' lang='lat' dir='ltr'>enirn</span> 
     </span>
     <span class='ocr_line' id='line_1_21' title="bbox 234 1267 2294 1319; baseline -0.008 -1"><span class='ocrx_word' id='word_1_297' title='bbox 234 1283 331 1319; x_wconf 84' lang='lat' dir='ltr'>illum</span> <span class='ocrx_word' id='word_1_298' title='bbox 347 1279 435 1316; x_wconf 81' lang='lat' dir='ltr'>inito</span> <span class='ocrx_word' id='word_1_299' title='bbox 447 1278 532 1312; x_wconf 87' lang='lat' dir='ltr'>inter</span> <span class='ocrx_word' id='word_1_300' title='bbox 556 1285 616 1311; x_wconf 87' lang='lat' dir='ltr'>eos</span> <span class='ocrx_word' id='word_1_301' title='bbox 628 1272 771 1310; x_wconf 75' lang='lat' dir='ltr'>consilio</span> <span class='ocrx_word' id='word_1_302' title='bbox 783 1271 958 1316; x_wconf 74' lang='lat' dir='ltr'>captivum</span> <span class='ocrx_word' id='word_1_303' title='bbox 973 1270 1089 1307; x_wconf 85' lang='lat' dir='ltr'>Lincio</span> <span class='ocrx_word' id='word_1_304' title='bbox 1100 1270 1268 1305; x_wconf 84' lang='lat' dir='ltr'>abducere</span> <span class='ocrx_word' id='word_1_305' title='bbox 1281 1269 1560 1306; x_wconf 73' lang='lat' dir='ltr'>machinabantur</span> <span class='ocrx_word' id='word_1_306' title='bbox 1572 1293 1583 1312; x_wconf 93' lang='lat'>,</span> <span class='ocrx_word' id='word_1_307' title='bbox 1611 1269 1759 1305; x_wconf 88' lang='lat' dir='ltr'>monitus</span> <span class='ocrx_word' id='word_1_308' title='bbox 1773 1270 1830 1305; x_wconf 88' lang='lat' dir='ltr'>ille</span> <span class='ocrx_word' id='word_1_309' title='bbox 1842 1292 1856 1313; x_wconf 93' lang='lat'>,</span> <span class='ocrx_word' id='word_1_310' title='bbox 1882 1270 1943 1303; x_wconf 87' lang='lat' dir='ltr'>suo</span> <span class='ocrx_word' id='word_1_311' title='bbox 1959 1279 2015 1313; x_wconf 88' lang='lat' dir='ltr'>per</span> <span class='ocrx_word' id='word_1_312' title='bbox 2033 1277 2164 1303; x_wconf 84' lang='lat' dir='ltr'>montes</span> <span class='ocrx_word' id='word_1_313' title='bbox 2181 1270 2214 1302; x_wconf 87' lang='lat'>&amp;</span> <span class='ocrx_word' id='word_1_314' title='bbox 2232 1267 2294 1302; x_wconf 82' lang='lat' dir='ltr'>de-</span> 
     </span>
     <span class='ocr_line' id='line_1_22' title="bbox 237 1315 2293 1366; baseline -0.006 1"><span class='ocrx_word' id='word_1_315' title='bbox 237 1333 295 1366; x_wconf 86' lang='lat' dir='ltr'>via</span> <span class='ocrx_word' id='word_1_316' title='bbox 311 1325 430 1365; x_wconf 78' lang='lat' dir='ltr'>secessu</span> <span class='ocrx_word' id='word_1_317' title='bbox 447 1322 635 1361; x_wconf 78' lang='lat' dir='ltr'>Paffaviurn</span> <span class='ocrx_word' id='word_1_318' title='bbox 646 1346 658 1364; x_wconf 96' lang='lat'>,</span> <span class='ocrx_word' id='word_1_319' title='bbox 681 1321 799 1358; x_wconf 89' lang='lat' dir='ltr'>dolum</span> <span class='ocrx_word' id='word_1_320' title='bbox 812 1318 908 1355; x_wconf 73' lang='lat' dir='ltr'>elusit</span> <span class='ocrx_word' id='word_1_321' title='bbox 923 1344 933 1354; x_wconf 89' lang='lat'><strong>.</strong></span> <span class='ocrx_word' id='word_1_322' title='bbox 962 1320 1084 1355; x_wconf 81' lang='lat' dir='ltr'>Redux</span> <span class='ocrx_word' id='word_1_323' title='bbox 1099 1318 1253 1354; x_wconf 85' lang='lat' dir='ltr'>Lincium</span> <span class='ocrx_word' id='word_1_324' title='bbox 1276 1328 1459 1364; x_wconf 82' lang='lat' dir='ltr'>utrumque</span> <span class='ocrx_word' id='word_1_325' title='bbox 1475 1319 1575 1354; x_wconf 86' lang='lat' dir='ltr'>suum</span> <span class='ocrx_word' id='word_1_326' title='bbox 1592 1318 1743 1354; x_wconf 87' lang='lat' dir='ltr'>officium</span> <span class='ocrx_word' id='word_1_327' title='bbox 1757 1318 1915 1354; x_wconf 81' lang='lat' dir='ltr'>omnibus</span> <span class='ocrx_word' id='word_1_328' title='bbox 1940 1317 2089 1352; x_wconf 88' lang='lat' dir='ltr'>numeris</span> <span class='ocrx_word' id='word_1_329' title='bbox 2103 1315 2268 1362; x_wconf 81' lang='lat' dir='ltr'>explevit</span> <span class='ocrx_word' id='word_1_330' title='bbox 2284 1340 2293 1354; x_wconf 76' lang='lat'>‚</span> 
     </span>
     <span class='ocr_line' id='line_1_23' title="bbox 237 1364 2295 1421; baseline -0.007 -8"><span class='ocrx_word' id='word_1_331' title='bbox 237 1381 274 1416; x_wconf 80' lang='grc'>8(</span> <span class='ocrx_word' id='word_1_332' title='bbox 287 1376 418 1414; x_wconf 83' lang='lat' dir='ltr'>altioris</span> <span class='ocrx_word' id='word_1_333' title='bbox 432 1374 558 1421; x_wconf 85' lang='lat' dir='ltr'>dignus</span> <span class='ocrx_word' id='word_1_334' title='bbox 570 1396 581 1414; x_wconf 92' lang='lat'>,</span> <span class='ocrx_word' id='word_1_335' title='bbox 609 1370 838 1407; x_wconf 80' lang='lat' dir='ltr'>Definitorum</span> <span class='ocrx_word' id='word_1_336' title='bbox 852 1366 1014 1404; x_wconf 80' lang='lat' dir='ltr'>conseffui</span> <span class='ocrx_word' id='word_1_337' title='bbox 1029 1379 1117 1403; x_wconf 88' lang='lat' dir='ltr'>anno</span> <span class='ocrx_word' id='word_1_338' title='bbox 1131 1365 1307 1402; x_wconf 70' lang='lat' dir='ltr'>millesimo</span> <span class='ocrx_word' id='word_1_339' title='bbox 1321 1365 1565 1403; x_wconf 79' lang='lat' dir='ltr'>sexcentefimo</span> <span class='ocrx_word' id='word_1_340' title='bbox 1579 1367 1742 1410; x_wconf 78' lang='lat' dir='ltr'>vigesimo</span> <span class='ocrx_word' id='word_1_341' title='bbox 1757 1367 1867 1413; x_wconf 87' lang='lat' dir='ltr'>primo</span> <span class='ocrx_word' id='word_1_342' title='bbox 1880 1365 2059 1412; x_wconf 63' lang='lat' dir='ltr'>adjunctus</span> <span class='ocrx_word' id='word_1_343' title='bbox 2074 1365 2120 1400; x_wconf 87' lang='lat' dir='ltr'>est</span> <span class='ocrx_word' id='word_1_344' title='bbox 2135 1387 2142 1396; x_wconf 82' lang='grc'><strong>.</strong></span> <span class='ocrx_word' id='word_1_345' title='bbox 2175 1364 2225 1399; x_wconf 84' lang='lat' dir='ltr'>Eo</span> <span class='ocrx_word' id='word_1_346' title='bbox 2240 1364 2295 1410; x_wconf 90' lang='lat' dir='ltr'>ip-</span> 
     </span>
     <span class='ocr_line' id='line_1_24' title="bbox 238 1412 2296 1470; baseline -0.008 -7"><span class='ocrx_word' id='word_1_347' title='bbox 238 1429 279 1463; x_wconf 86' lang='lat' dir='ltr'>so</span> <span class='ocrx_word' id='word_1_348' title='bbox 296 1431 550 1470; x_wconf 84' lang='lat' dir='ltr'>rempore‚cum</span> <span class='ocrx_word' id='word_1_349' title='bbox 567 1422 718 1456; x_wconf 84' lang='lat' dir='ltr'>Domum</span> <span class='ocrx_word' id='word_1_350' title='bbox 734 1416 943 1454; x_wconf 73' lang='lat' dir='ltr'>Austriaeam</span> <span class='ocrx_word' id='word_1_351' title='bbox 966 1417 1053 1451; x_wconf 91' lang='lat' dir='ltr'>inter</span> <span class='ocrx_word' id='word_1_352' title='bbox 1069 1426 1103 1451; x_wconf 87' lang='lat' dir='ltr'>et</span> <span class='ocrx_word' id='word_1_353' title='bbox 1117 1415 1268 1451; x_wconf 76' lang='lat' dir='ltr'>Galliam</span> <span class='ocrx_word' id='word_1_354' title='bbox 1287 1414 1414 1451; x_wconf 82' lang='lat' dir='ltr'>acriora</span> <span class='ocrx_word' id='word_1_355' title='bbox 1426 1415 1512 1452; x_wconf 86' lang='lat' dir='ltr'>circa</span> <span class='ocrx_word' id='word_1_356' title='bbox 1530 1415 1638 1451; x_wconf 83' lang='lat' dir='ltr'>Vallis</span> <span class='ocrx_word' id='word_1_357' title='bbox 1655 1415 1889 1463; x_wconf 75' lang='lat' dir='ltr'>Tellinaejura</span> <span class='ocrx_word' id='word_1_358' title='bbox 1901 1414 2056 1456; x_wconf 79' lang='lat' dir='ltr'>vigerent</span> <span class='ocrx_word' id='word_1_359' title='bbox 2071 1412 2199 1448; x_wconf 83' lang='lat' dir='ltr'>diffidia</span> <span class='ocrx_word' id='word_1_360' title='bbox 2216 1438 2225 1452; x_wconf 86' lang='lat'>‚</span> <span class='ocrx_word' id='word_1_361' title='bbox 2250 1423 2296 1447; x_wconf 78' lang='lat' dir='ltr'>ex</span> 
     </span>
     <span class='ocr_line' id='line_1_25' title="bbox 237 1460 2294 1514; baseline -0.008 -4"><span class='ocrx_word' id='word_1_362' title='bbox 237 1471 380 1512; x_wconf 68' lang='lat' dir='ltr'>consilio</span> <span class='ocrx_word' id='word_1_363' title='bbox 397 1468 603 1508; x_wconf 73' lang='lat' dir='ltr'>ferdinandi</span> <span class='ocrx_word' id='word_1_364' title='bbox 619 1465 838 1514; x_wconf 82' lang='lat' dir='ltr'>lmperatoris</span> <span class='ocrx_word' id='word_1_365' title='bbox 853 1467 896 1501; x_wconf 91' lang='lat' dir='ltr'>ll.</span> <span class='ocrx_word' id='word_1_366' title='bbox 919 1465 955 1501; x_wconf 89' lang='grc'>8(</span> <span class='ocrx_word' id='word_1_367' title='bbox 974 1463 1202 1500; x_wconf 81' lang='lat' dir='ltr'>Maximiliani</span> <span class='ocrx_word' id='word_1_368' title='bbox 1230 1463 1380 1500; x_wconf 80' lang='lat' dir='ltr'>Bavariae</span> <span class='ocrx_word' id='word_1_369' title='bbox 1395 1464 1502 1500; x_wconf 86' lang='lat' dir='ltr'>Ducis</span> <span class='ocrx_word' id='word_1_370' title='bbox 1516 1464 1664 1501; x_wconf 88' lang='lat' dir='ltr'>Lutetias</span> <span class='ocrx_word' id='word_1_371' title='bbox 1682 1463 1884 1499; x_wconf 78' lang='lat' dir='ltr'>Parifiorum</span> <span class='ocrx_word' id='word_1_372' title='bbox 1910 1461 2023 1497; x_wconf 83' lang='lat' dir='ltr'>missus</span> <span class='ocrx_word' id='word_1_373' title='bbox 2047 1461 2094 1496; x_wconf 81' lang='lat' dir='ltr'>est</span> <span class='ocrx_word' id='word_1_374' title='bbox 2108 1484 2118 1494; x_wconf 90' lang='lat'><strong>.</strong></span> <span class='ocrx_word' id='word_1_375' title='bbox 2147 1460 2294 1505; x_wconf 83' lang='lat' dir='ltr'>Stupuit</span> 
     </span>
     <span class='ocr_line' id='line_1_26' title="bbox 235 1508 2298 1564; baseline -0.005 -8"><span class='ocrx_word' id='word_1_376' title='bbox 235 1523 308 1564; x_wconf 81' lang='lat' dir='ltr'>ibi,</span> <span class='ocrx_word' id='word_1_377' title='bbox 333 1519 429 1556; x_wconf 70' lang='lat' dir='ltr'>acuta</span> <span class='ocrx_word' id='word_1_378' title='bbox 458 1518 571 1553; x_wconf 85' lang='lat' dir='ltr'>indole</span> <span class='ocrx_word' id='word_1_379' title='bbox 594 1515 709 1552; x_wconf 86' lang='lat' dir='ltr'>dotata</span> <span class='ocrx_word' id='word_1_380' title='bbox 742 1514 852 1549; x_wconf 84' lang='lat' dir='ltr'>Natio</span> <span class='ocrx_word' id='word_1_381' title='bbox 877 1514 983 1550; x_wconf 86' lang='lat' dir='ltr'>aciem</span> <span class='ocrx_word' id='word_1_382' title='bbox 1004 1511 1194 1548; x_wconf 63' lang='lat' dir='ltr'>intelletffisss</span> <span class='ocrx_word' id='word_1_383' title='bbox 1214 1537 1224 1555; x_wconf 91' lang='lat'>‚</span> <span class='ocrx_word' id='word_1_384' title='bbox 1249 1513 1316 1559; x_wconf 69' lang='lat' dir='ltr'>qua</span> <span class='ocrx_word' id='word_1_385' title='bbox 1342 1513 1436 1559; x_wconf 87' lang='lat' dir='ltr'>pacis</span> <span class='ocrx_word' id='word_1_386' title='bbox 1457 1513 1636 1557; x_wconf 87' lang='lat' dir='ltr'>negotium</span> <span class='ocrx_word' id='word_1_387' title='bbox 1656 1513 1783 1553; x_wconf 81' lang='lat' dir='ltr'>duxit,</span> <span class='ocrx_word' id='word_1_388' title='bbox 1808 1511 1936 1556; x_wconf 82' lang='lat' dir='ltr'>stupuit</span> <span class='ocrx_word' id='word_1_389' title='bbox 1963 1533 1974 1552; x_wconf 90' lang='lat'>,</span> <span class='ocrx_word' id='word_1_390' title='bbox 2000 1511 2082 1544; x_wconf 90' lang='lat' dir='ltr'>dum</span> <span class='ocrx_word' id='word_1_391' title='bbox 2107 1508 2206 1544; x_wconf 80' lang='lat' dir='ltr'>illum</span> <span class='ocrx_word' id='word_1_392' title='bbox 2231 1509 2298 1544; x_wconf 67' lang='lat' dir='ltr'>in.»</span> 
     </span>
     <span class='ocr_line' id='line_1_27' title="bbox 235 1557 2296 1610; baseline -0.009 0"><span class='ocrx_word' id='word_1_393' title='bbox 235 1568 370 1610; x_wconf 76' lang='lat' dir='ltr'>scholis</span> <span class='ocrx_word' id='word_1_394' title='bbox 383 1567 472 1604; x_wconf 82' lang='lat' dir='ltr'>circa</span> <span class='ocrx_word' id='word_1_395' title='bbox 484 1577 601 1602; x_wconf 84' lang='lat' dir='ltr'>arcana</span> <span class='ocrx_word' id='word_1_396' title='bbox 621 1561 846 1600; x_wconf 86' lang='lat' dir='ltr'>Scientiarum</span> <span class='ocrx_word' id='word_1_397' title='bbox 862 1572 1081 1609; x_wconf 75' lang='lat' dir='ltr'>perorantem</span> <span class='ocrx_word' id='word_1_398' title='bbox 1093 1585 1106 1605; x_wconf 91' lang='lat'>,</span> <span class='ocrx_word' id='word_1_399' title='bbox 1131 1562 1170 1596; x_wconf 92' lang='lat' dir='ltr'>in</span> <span class='ocrx_word' id='word_1_400' title='bbox 1185 1561 1345 1597; x_wconf 86' lang='lat' dir='ltr'>conciliis</span> <span class='ocrx_word' id='word_1_401' title='bbox 1368 1562 1411 1596; x_wconf 89' lang='lat' dir='ltr'>de</span> <span class='ocrx_word' id='word_1_402' title='bbox 1428 1572 1506 1596; x_wconf 90' lang='lat' dir='ltr'>vera</span> <span class='ocrx_word' id='word_1_403' title='bbox 1526 1561 1709 1603; x_wconf 82' lang='lat' dir='ltr'>Religione</span> <span class='ocrx_word' id='word_1_404' title='bbox 1732 1569 1847 1595; x_wconf 86' lang='lat' dir='ltr'>eontra</span> <span class='ocrx_word' id='word_1_405' title='bbox 1864 1560 2089 1603; x_wconf 83' lang='lat' dir='ltr'>Hugenottos</span> <span class='ocrx_word' id='word_1_406' title='bbox 2113 1557 2169 1591; x_wconf 87' lang='lat' dir='ltr'>dis</span> <span class='ocrx_word' id='word_1_407' title='bbox 2168 1569 2296 1601; x_wconf 82' lang='lat' dir='ltr'>putan-</span> 
     </span>
     <span class='ocr_line' id='line_1_28' title="bbox 237 1606 2299 1660; baseline -0.003 -14"><span class='ocrx_word' id='word_1_408' title='bbox 237 1631 304 1655; x_wconf 89' lang='lat' dir='ltr'>tem</span> <span class='ocrx_word' id='word_1_409' title='bbox 320 1640 333 1660; x_wconf 86' lang='lat'>‚</span> <span class='ocrx_word' id='word_1_410' title='bbox 359 1617 395 1653; x_wconf 86' lang='lat'>&amp;</span> <span class='ocrx_word' id='word_1_411' title='bbox 407 1614 441 1650; x_wconf 81' lang='lat' dir='ltr'>in</span> <span class='ocrx_word' id='word_1_412' title='bbox 453 1615 540 1651; x_wconf 70' lang='lat' dir='ltr'>aulis</span> <span class='ocrx_word' id='word_1_413' title='bbox 553 1614 593 1650; x_wconf 77' lang='lat' dir='ltr'>de</span> <span class='ocrx_word' id='word_1_414' title='bbox 608 1612 722 1649; x_wconf 65' lang='lat' dir='ltr'>Status</span> <span class='ocrx_word' id='word_1_415' title='bbox 738 1611 864 1647; x_wconf 81' lang='lat' dir='ltr'>ratione</span> <span class='ocrx_word' id='word_1_416' title='bbox 876 1610 1120 1646; x_wconf 86' lang='lat' dir='ltr'>discurrentem</span> <span class='ocrx_word' id='word_1_417' title='bbox 1137 1609 1290 1650; x_wconf 83' lang='lat' dir='ltr'>audivit,</span> <span class='ocrx_word' id='word_1_418' title='bbox 1315 1609 1350 1645; x_wconf 84' lang='grc'>8(</span> <span class='ocrx_word' id='word_1_419' title='bbox 1364 1620 1484 1643; x_wconf 88' lang='lat' dir='ltr'>nomen</span> <span class='ocrx_word' id='word_1_420' title='bbox 1498 1608 1572 1655; x_wconf 88' lang='lat' dir='ltr'>ejus</span> <span class='ocrx_word' id='word_1_421' title='bbox 1587 1608 1755 1655; x_wconf 83' lang='lat' dir='ltr'>Magnum</span> <span class='ocrx_word' id='word_1_422' title='bbox 1775 1607 1881 1653; x_wconf 86' lang='lat' dir='ltr'>usque</span> <span class='ocrx_word' id='word_1_423' title='bbox 1896 1606 1929 1641; x_wconf 88' lang='lat' dir='ltr'>in</span> <span class='ocrx_word' id='word_1_424' title='bbox 1943 1607 2145 1642; x_wconf 84' lang='lat' dir='ltr'>hodiernum</span> <span class='ocrx_word' id='word_1_425' title='bbox 2167 1607 2222 1640; x_wconf 88' lang='lat' dir='ltr'>die</span> <span class='ocrx_word' id='word_1_426' title='bbox 2232 1620 2299 1643; x_wconf 63' lang='lat' dir='ltr'>m</span> 
     </span>
     <span class='ocr_line' id='line_1_29' title="bbox 235 1653 2300 1705; baseline -0.007 -2"><span class='ocrx_word' id='word_1_427' title='bbox 235 1665 409 1704; x_wconf 80' lang='lat' dir='ltr'>servavit·</span> <span class='ocrx_word' id='word_1_428' title='bbox 438 1665 473 1699; x_wconf 91' lang='lat' dir='ltr'>ln</span> <span class='ocrx_word' id='word_1_429' title='bbox 489 1661 704 1699; x_wconf 78' lang='lat' dir='ltr'>Germaniam</span> <span class='ocrx_word' id='word_1_430' title='bbox 728 1670 906 1696; x_wconf 88' lang='lat' dir='ltr'>revocatus</span> <span class='ocrx_word' id='word_1_431' title='bbox 930 1658 1067 1705; x_wconf 89' lang='lat' dir='ltr'>reliquit</span> <span class='ocrx_word' id='word_1_432' title='bbox 1082 1657 1171 1703; x_wconf 82' lang='lat' dir='ltr'>pacis</span> <span class='ocrx_word' id='word_1_433' title='bbox 1189 1657 1367 1692; x_wconf 64' lang='lat' dir='ltr'>traGhtum</span> <span class='ocrx_word' id='word_1_434' title='bbox 1393 1659 1428 1691; x_wconf 93' lang='lat' dir='ltr'>in</span> <span class='ocrx_word' id='word_1_435' title='bbox 1444 1658 1500 1703; x_wconf 89' lang='lat' dir='ltr'>spe</span> <span class='ocrx_word' id='word_1_436' title='bbox 1515 1656 1670 1693; x_wconf 83' lang='lat' dir='ltr'>certioris</span> <span class='ocrx_word' id='word_1_437' title='bbox 1693 1656 1863 1693; x_wconf 66' lang='lat' dir='ltr'>successus</span> <span class='ocrx_word' id='word_1_438' title='bbox 1885 1682 1890 1692; x_wconf 83' lang='lat'>‚</span> <span class='ocrx_word' id='word_1_439' title='bbox 1916 1655 2050 1701; x_wconf 80' lang='lat' dir='ltr'>fuitque</span> <span class='ocrx_word' id='word_1_440' title='bbox 2075 1653 2160 1698; x_wconf 79' lang='lat' dir='ltr'>juffu</span> <span class='ocrx_word' id='word_1_441' title='bbox 2177 1656 2300 1690; x_wconf 81' lang='lat' dir='ltr'>Ponti·</span> 
     </span>
     <span class='ocr_line' id='line_1_30' title="bbox 235 1701 2301 1752; baseline -0.006 -3"><span class='ocrx_word' id='word_1_442' title='bbox 235 1715 317 1752; x_wconf 83' lang='lat' dir='ltr'>ficio</span> <span class='ocrx_word' id='word_1_443' title='bbox 331 1713 448 1749; x_wconf 86' lang='lat' dir='ltr'>ultima</span> <span class='ocrx_word' id='word_1_444' title='bbox 461 1707 737 1747; x_wconf 84' lang='lat' dir='ltr'>illiusconclulio</span> <span class='ocrx_word' id='word_1_445' title='bbox 750 1708 957 1751; x_wconf 81' lang='lat' dir='ltr'>Apostolico</span> <span class='ocrx_word' id='word_1_446' title='bbox 974 1707 1021 1740; x_wconf 86' lang='lat' dir='ltr'>ibi</span> <span class='ocrx_word' id='word_1_447' title='bbox 1044 1707 1180 1740; x_wconf 85' lang='lat' dir='ltr'>Nuntio</span> <span class='ocrx_word' id='word_1_448' title='bbox 1193 1703 1384 1747; x_wconf 77' lang='lat' dir='ltr'>commiffa,</span> <span class='ocrx_word' id='word_1_449' title='bbox 1411 1705 1459 1740; x_wconf 89' lang='lat' dir='ltr'>ita</span> <span class='ocrx_word' id='word_1_450' title='bbox 1479 1715 1607 1748; x_wconf 89' lang='lat' dir='ltr'>tamen,</span> <span class='ocrx_word' id='word_1_451' title='bbox 1622 1707 1690 1740; x_wconf 72' lang='lat' dir='ltr'>ut&#39;a</span> <span class='ocrx_word' id='word_1_452' title='bbox 1702 1717 1816 1751; x_wconf 85' lang='lat' dir='ltr'>coepto</span> <span class='ocrx_word' id='word_1_453' title='bbox 1834 1705 2010 1740; x_wconf 84' lang='lat' dir='ltr'>Valeriani</span> <span class='ocrx_word' id='word_1_454' title='bbox 2033 1701 2179 1739; x_wconf 75' lang='lat' dir='ltr'>consilio</span> <span class='ocrx_word' id='word_1_455' title='bbox 2197 1703 2231 1738; x_wconf 97' lang='grc'>8(</span> <span class='ocrx_word' id='word_1_456' title='bbox 2246 1703 2301 1738; x_wconf 77' lang='grc' dir='ltr'>νῐᾶ</span> 
     </span>
     <span class='ocr_line' id='line_1_31' title="bbox 236 1751 2305 1802; baseline -0.006 -3"><span class='ocrx_word' id='word_1_457' title='bbox 236 1774 304 1800; x_wconf 85' lang='lat' dir='ltr'>non</span> <span class='ocrx_word' id='word_1_458' title='bbox 321 1759 510 1798; x_wconf 65' lang='lat' dir='ltr'>deliefiieret</span> <span class='ocrx_word' id='word_1_459' title='bbox 522 1783 533 1794; x_wconf 95' lang='lat'>.</span> <span class='ocrx_word' id='word_1_460' title='bbox 559 1757 690 1794; x_wconf 77' lang='lat' dir='ltr'>Ser-iem</span> <span class='ocrx_word' id='word_1_461' title='bbox 705 1767 816 1791; x_wconf 89' lang='lat' dir='ltr'>autem</span> <span class='ocrx_word' id='word_1_462' title='bbox 839 1755 872 1790; x_wconf 91' lang='lat'>&amp;</span> <span class='ocrx_word' id='word_1_463' title='bbox 887 1751 1147 1790; x_wconf 81' lang='lat' dir='ltr'>filum&#39;dill&#39;ecuit</span> <span class='ocrx_word' id='word_1_464' title='bbox 1166 1755 1290 1798; x_wconf 79' lang='lat' dir='ltr'>Parca,</span> <span class='ocrx_word' id='word_1_465' title='bbox 1317 1753 1398 1789; x_wconf 88' lang='lat' dir='ltr'>dum</span> <span class='ocrx_word' id='word_1_466' title='bbox 1419 1754 1468 1799; x_wconf 86' lang='lat' dir='ltr'>gl.</span> <span class='ocrx_word' id='word_1_467' title='bbox 1482 1766 1526 1791; x_wconf 88' lang='lat' dir='ltr'>m.</span> <span class='ocrx_word' id='word_1_468' title='bbox 1538 1753 1735 1801; x_wconf 86' lang='lat' dir='ltr'>Gregorius</span> <span class='ocrx_word' id='word_1_469' title='bbox 1757 1756 1847 1802; x_wconf 81' lang='lat' dir='ltr'>Papa</span> <span class='ocrx_word' id='word_1_470' title='bbox 1867 1753 1954 1790; x_wconf 86' lang='lat' dir='ltr'>XV.</span> <span class='ocrx_word' id='word_1_471' title='bbox 1971 1754 2115 1791; x_wconf 84' lang='lat' dir='ltr'>Sacrum</span> <span class='ocrx_word' id='word_1_472' title='bbox 2138 1752 2159 1789; x_wconf 88' lang='lat' dir='ltr'>d</span> <span class='ocrx_word' id='word_1_473' title='bbox 2175 1752 2305 1788; x_wconf 85' lang='lat' dir='ltr'>iadema</span> 
     </span>
     <span class='ocr_line' id='line_1_32' title="bbox 234 1801 2295 1853; baseline -0.009 -5"><span class='ocrx_word' id='word_1_474' title='bbox 234 1824 310 1849; x_wconf 87' lang='lat' dir='ltr'>cum</span> <span class='ocrx_word' id='word_1_475' title='bbox 326 1809 462 1846; x_wconf 82' lang='lat' dir='ltr'>bomine</span> <span class='ocrx_word' id='word_1_476' title='bbox 479 1805 637 1853; x_wconf 87' lang='lat' dir='ltr'>deposuit</span> <span class='ocrx_word' id='word_1_477' title='bbox 651 1830 663 1848; x_wconf 96' lang='lat'>‚</span> <span class='ocrx_word' id='word_1_478' title='bbox 686 1805 719 1839; x_wconf 75' lang='grc'>8(</span> <span class='ocrx_word' id='word_1_479' title='bbox 733 1803 832 1839; x_wconf 76' lang='lat' dir='ltr'>fatale</span> <span class='ocrx_word' id='word_1_480' title='bbox 846 1811 972 1838; x_wconf 75' lang='lat' dir='ltr'>naturae</span> <span class='ocrx_word' id='word_1_481' title='bbox 993 1803 1129 1848; x_wconf 86' lang='lat' dir='ltr'>pensum</span> <span class='ocrx_word' id='word_1_482' title='bbox 1146 1801 1247 1837; x_wconf 86' lang='lat' dir='ltr'>solvit</span> <span class='ocrx_word' id='word_1_483' title='bbox 1263 1829 1272 1838; x_wconf 90' lang='lat'>.</span> <span class='ocrx_word' id='word_1_484' title='bbox 2289 1840 2295 1844; x_wconf 66' lang='lat'><strong>„</strong></span> 
     </span>
    </p>

    <p class='ocr_par' dir='ltr' id='par_1_5' title="bbox 233 1849 2307 2246">
     <span class='ocr_line' id='line_1_33' title="bbox 335 1849 2304 1899; baseline -0.004 -5"><span class='ocrx_word' id='word_1_485' title='bbox 335 1856 465 1894; x_wconf 79' lang='lat' dir='ltr'>Redux</span> <span class='ocrx_word' id='word_1_486' title='bbox 477 1857 668 1896; x_wconf 65' lang='lat' dir='ltr'>Viennam3</span> <span class='ocrx_word' id='word_1_487' title='bbox 680 1852 848 1890; x_wconf 82' lang='lat' dir='ltr'>Definitor</span> <span class='ocrx_word' id='word_1_488' title='bbox 866 1877 876 1893; x_wconf 90' lang='lat'>,</span> <span class='ocrx_word' id='word_1_489' title='bbox 893 1853 1005 1895; x_wconf 80' lang='lat' dir='ltr'>Pragae</span> <span class='ocrx_word' id='word_1_490' title='bbox 1019 1851 1244 1888; x_wconf 85' lang='lat' dir='ltr'>Guardianus</span> <span class='ocrx_word' id='word_1_491' title='bbox 1254 1875 1264 1893; x_wconf 93' lang='lat'>,</span> <span class='ocrx_word' id='word_1_492' title='bbox 1290 1851 1326 1887; x_wconf 85' lang='grc'>8(</span> <span class='ocrx_word' id='word_1_493' title='bbox 1339 1851 1568 1898; x_wconf 77' lang='lat' dir='ltr'>Philosophiae</span> <span class='ocrx_word' id='word_1_494' title='bbox 1579 1851 1702 1889; x_wconf 69' lang='lat' dir='ltr'>Lthor</span> <span class='ocrx_word' id='word_1_495' title='bbox 1716 1864 1808 1888; x_wconf 85' lang='lat' dir='ltr'>anno</span> <span class='ocrx_word' id='word_1_496' title='bbox 1830 1853 1915 1899; x_wconf 76' lang='lat'>¹5³3</span> <span class='ocrx_word' id='word_1_497' title='bbox 1925 1877 1934 1886; x_wconf 91' lang='lat'><strong>.</strong></span> <span class='ocrx_word' id='word_1_498' title='bbox 1952 1849 2172 1887; x_wconf 78' lang='lat' dir='ltr'>constituitur</span> <span class='ocrx_word' id='word_1_499' title='bbox 2186 1867 2199 1892; x_wconf 59' lang='grc' dir='ltr'><strong>ς</strong></span> <span class='ocrx_word' id='word_1_500' title='bbox 2225 1851 2304 1893; x_wconf 89' lang='lat' dir='ltr'>ubi,</span> 
     </span>
     <span class='ocr_line' id='line_1_34' title="bbox 233 1899 2302 1949; baseline -0.005 -5"><span class='ocrx_word' id='word_1_501' title='bbox 233 1909 315 1945; x_wconf 87' lang='lat' dir='ltr'>dum</span> <span class='ocrx_word' id='word_1_502' title='bbox 331 1904 478 1942; x_wconf 80' lang='lat' dir='ltr'>Familiae</span> <span class='ocrx_word' id='word_1_503' title='bbox 501 1902 628 1949; x_wconf 80' lang='lat' dir='ltr'>prtefuit</span> <span class='ocrx_word' id='word_1_504' title='bbox 649 1903 809 1948; x_wconf 84' lang='lat' dir='ltr'>exemplo</span> <span class='ocrx_word' id='word_1_505' title='bbox 828 1901 968 1936; x_wconf 90' lang='lat' dir='ltr'>virtutis</span> <span class='ocrx_word' id='word_1_506' title='bbox 984 1925 997 1944; x_wconf 91' lang='lat'>,</span> <span class='ocrx_word' id='word_1_507' title='bbox 1019 1905 1050 1936; x_wconf 76' lang='grc' dir='ltr'>δι</span> <span class='ocrx_word' id='word_1_508' title='bbox 1067 1900 1199 1937; x_wconf 77' lang='lat' dir='ltr'>Scholis</span> <span class='ocrx_word' id='word_1_509' title='bbox 1215 1900 1343 1944; x_wconf 82' lang='lat' dir='ltr'>profuit</span> <span class='ocrx_word' id='word_1_510' title='bbox 1358 1899 1534 1945; x_wconf 68' lang='lat' dir='ltr'>disciplina</span> <span class='ocrx_word' id='word_1_511' title='bbox 1552 1901 1713 1938; x_wconf 60' lang='lat' dir='ltr'>doetrinae</span> <span class='ocrx_word' id='word_1_512' title='bbox 1726 1925 1738 1943; x_wconf 92' lang='lat'>,</span> <span class='ocrx_word' id='word_1_513' title='bbox 1768 1902 2008 1937; x_wconf 60' lang='lat' dir='ltr'>illustrissimus</span> <span class='ocrx_word' id='word_1_514' title='bbox 2020 1900 2055 1936; x_wconf 85' lang='grc'>8(</span> <span class='ocrx_word' id='word_1_515' title='bbox 2074 1900 2302 1935; x_wconf 69' lang='grc' dir='ltr'>Κενετεῃάἰβ-</span> 
     </span>
     <span class='ocr_line' id='line_1_35' title="bbox 235 1947 2303 1997; baseline -0.005 -5"><span class='ocrx_word' id='word_1_516' title='bbox 235 1957 335 1992; x_wconf 78' lang='lat' dir='ltr'>simus</span> <span class='ocrx_word' id='word_1_517' title='bbox 351 1957 396 1990; x_wconf 90' lang='lat' dir='ltr'>D.</span> <span class='ocrx_word' id='word_1_518' title='bbox 414 1953 567 1988; x_wconf 78' lang='lat' dir='ltr'>Ernestus</span> <span class='ocrx_word' id='word_1_519' title='bbox 585 1952 787 1988; x_wconf 77' lang='lat' dir='ltr'>Adelbertus</span> <span class='ocrx_word' id='word_1_520' title='bbox 800 1950 843 1984; x_wconf 88' lang='lat' dir='ltr'>ab</span> <span class='ocrx_word' id='word_1_521' title='bbox 859 1950 1026 1991; x_wconf 70' lang='lat' dir='ltr'>Harl-acb,</span> <span class='ocrx_word' id='word_1_522' title='bbox 1044 1947 1268 1993; x_wconf 73' lang='lat' dir='ltr'>Archipraesul</span> <span class='ocrx_word' id='word_1_523' title='bbox 1286 1949 1457 1995; x_wconf 83' lang='lat' dir='ltr'>Pragenlis</span> <span class='ocrx_word' id='word_1_524' title='bbox 1473 1973 1484 1992; x_wconf 95' lang='lat'>,</span> <span class='ocrx_word' id='word_1_525' title='bbox 1497 1951 1532 1987; x_wconf 84' lang='grc'>8(</span> <span class='ocrx_word' id='word_1_526' title='bbox 1548 1963 1569 1997; x_wconf 88' lang='grc' dir='ltr'>ρ</span> <span class='ocrx_word' id='word_1_527' title='bbox 1584 1951 1764 1987; x_wconf 67' lang='grc' dir='ltr'>,ίὶτηοάιιητ</span> <span class='ocrx_word' id='word_1_528' title='bbox 1779 1951 1913 1986; x_wconf 74' lang='grc' dir='ltr'><strong>8.Κ.Ε.</strong></span> <span class='ocrx_word' id='word_1_529' title='bbox 1927 1947 2124 1984; x_wconf 88' lang='lat' dir='ltr'>Cardinalis</span> <span class='ocrx_word' id='word_1_530' title='bbox 2141 1971 2152 1990; x_wconf 90' lang='lat'>‚</span> <span class='ocrx_word' id='word_1_531' title='bbox 2181 1949 2303 1983; x_wconf 71' lang='lat' dir='ltr'>Eum..-</span> 
     </span>
     <span class='ocr_line' id='line_1_36' title="bbox 239 1995 2304 2041; baseline -0.004 -1"><span class='ocrx_word' id='word_1_532' title='bbox 239 2005 298 2040; x_wconf 76' lang='lat' dir='ltr'>fibi</span> <span class='ocrx_word' id='word_1_533' title='bbox 311 2000 618 2040; x_wconf 71' lang='lat' dir='ltr'>aeonfeffionibus</span> <span class='ocrx_word' id='word_1_534' title='bbox 631 2022 644 2041; x_wconf 95' lang='lat'>,</span> <span class='ocrx_word' id='word_1_535' title='bbox 668 2003 701 2035; x_wconf 87' lang='lat'>&amp;</span> <span class='ocrx_word' id='word_1_536' title='bbox 721 2000 940 2041; x_wconf 65' lang='lat' dir='ltr'>Theologum</span> <span class='ocrx_word' id='word_1_537' title='bbox 955 1997 1072 2041; x_wconf 81' lang='lat' dir='ltr'>selegit</span> <span class='ocrx_word' id='word_1_538' title='bbox 1085 2021 1098 2039; x_wconf 85' lang='lat'>,</span> <span class='ocrx_word' id='word_1_539' title='bbox 1122 1998 1155 2033; x_wconf 92' lang='lat'>&amp;</span> <span class='ocrx_word' id='word_1_540' title='bbox 1176 1996 1212 2031; x_wconf 88' lang='lat' dir='ltr'>in</span> <span class='ocrx_word' id='word_1_541' title='bbox 1226 1996 1388 2034; x_wconf 80' lang='lat' dir='ltr'>intricate</span> <span class='ocrx_word' id='word_1_542' title='bbox 1404 1998 1584 2036; x_wconf 66' lang='lat' dir='ltr'>Caroltnae</span> <span class='ocrx_word' id='word_1_543' title='bbox 1603 2024 1615 2041; x_wconf 88' lang='lat'>,</span> <span class='ocrx_word' id='word_1_544' title='bbox 1640 1999 1694 2035; x_wconf 86' lang='lat' dir='ltr'>seu</span> <span class='ocrx_word' id='word_1_545' title='bbox 1706 2000 1840 2034; x_wconf 87' lang='lat' dir='ltr'>Carolo</span> <span class='ocrx_word' id='word_1_546' title='bbox 1875 1997 2123 2034; x_wconf 79' lang='lat' dir='ltr'>Ferdinandinae</span> <span class='ocrx_word' id='word_1_547' title='bbox 2141 1995 2304 2034; x_wconf 83' lang='lat' dir='ltr'>Univer-</span> 
     </span>
     <span class='ocr_line' id='line_1_37' title="bbox 235 2045 2304 2093; baseline -0.004 -5"><span class='ocrx_word' id='word_1_548' title='bbox 235 2052 338 2090; x_wconf 83' lang='lat' dir='ltr'>fitatis</span> <span class='ocrx_word' id='word_1_549' title='bbox 351 2050 587 2086; x_wconf 68' lang='lat' dir='ltr'>transferenda</span> <span class='ocrx_word' id='word_1_550' title='bbox 608 2046 754 2092; x_wconf 79' lang='lat' dir='ltr'>negorio</span> <span class='ocrx_word' id='word_1_551' title='bbox 768 2070 781 2089; x_wconf 88' lang='lat'>,</span> <span class='ocrx_word' id='word_1_552' title='bbox 795 2046 941 2082; x_wconf 70' lang='lat' dir='ltr'>consiliis</span> <span class='ocrx_word' id='word_1_553' title='bbox 953 2046 1050 2081; x_wconf 84' lang='lat' dir='ltr'>illius</span> <span class='ocrx_word' id='word_1_554' title='bbox 1062 2046 1096 2082; x_wconf 87' lang='grc'>8(</span> <span class='ocrx_word' id='word_1_555' title='bbox 1114 2045 1220 2093; x_wconf 58' lang='lat' dir='ltr'>opor&amp;</span> <span class='ocrx_word' id='word_1_556' title='bbox 1235 2069 1247 2088; x_wconf 91' lang='lat'>,</span> <span class='ocrx_word' id='word_1_557' title='bbox 1273 2047 1321 2082; x_wconf 86' lang='lat' dir='ltr'>uti</span> <span class='ocrx_word' id='word_1_558' title='bbox 1336 2045 1416 2083; x_wconf 86' lang='lat' dir='ltr'>alibi</span> <span class='ocrx_word' id='word_1_559' title='bbox 1435 2046 1538 2085; x_wconf 80' lang='lat' dir='ltr'>fufius</span> <span class='ocrx_word' id='word_1_560' title='bbox 1557 2047 1720 2085; x_wconf 85' lang='lat' dir='ltr'>referetur</span> <span class='ocrx_word' id='word_1_561' title='bbox 1734 2047 1942 2091; x_wconf 78' lang='lat' dir='ltr'>,plurimum</span> <span class='ocrx_word' id='word_1_562' title='bbox 1958 2050 2135 2083; x_wconf 84' lang='lat' dir='ltr'>utebatur.</span> <span class='ocrx_word' id='word_1_563' title='bbox 2165 2045 2304 2081; x_wconf 65' lang='lat' dir='ltr'>Elesins</span> 
     </span>
     <span class='ocr_line' id='line_1_38' title="bbox 240 2094 2304 2143; baseline -0.003 -5"><span class='ocrx_word' id='word_1_564' title='bbox 240 2110 331 2138; x_wconf 84' lang='lat' dir='ltr'>anno</span> <span class='ocrx_word' id='word_1_565' title='bbox 342 2097 519 2134; x_wconf 76' lang='lat' dir='ltr'>millelimo</span> <span class='ocrx_word' id='word_1_566' title='bbox 537 2095 778 2132; x_wconf 68' lang='lat' dir='ltr'>sexcentesimo</span> <span class='ocrx_word' id='word_1_567' title='bbox 800 2094 965 2139; x_wconf 79' lang='lat' dir='ltr'>vigefimo</span> <span class='ocrx_word' id='word_1_568' title='bbox 980 2106 1102 2141; x_wconf 88' lang='lat' dir='ltr'>quarto</span> <span class='ocrx_word' id='word_1_569' title='bbox 1127 2095 1274 2131; x_wconf 66' lang='lat' dir='ltr'>minister</span> <span class='ocrx_word' id='word_1_570' title='bbox 1292 2096 1514 2133; x_wconf 81' lang='lat' dir='ltr'>Provincialis</span> <span class='ocrx_word' id='word_1_571' title='bbox 1539 2097 1679 2143; x_wconf 83' lang='lat' dir='ltr'>negotia</span> <span class='ocrx_word' id='word_1_572' title='bbox 1694 2097 1758 2132; x_wconf 88' lang='lat' dir='ltr'>fori</span> <span class='ocrx_word' id='word_1_573' title='bbox 1775 2097 1949 2143; x_wconf 74' lang='lat' dir='ltr'>linquere,</span> <span class='ocrx_word' id='word_1_574' title='bbox 1974 2096 2063 2130; x_wconf 85' lang='lat' dir='ltr'>&amp;ad</span> <span class='ocrx_word' id='word_1_575' title='bbox 2077 2095 2141 2129; x_wconf 86' lang='lat' dir='ltr'>iter</span> <span class='ocrx_word' id='word_1_576' title='bbox 2157 2095 2304 2129; x_wconf 84' lang='lat' dir='ltr'>Romam</span> 
     </span>
     <span class='ocr_line' id='line_1_39' title="bbox 240 2141 2307 2198; baseline -0.002 -16"><span class='ocrx_word' id='word_1_577' title='bbox 240 2147 306 2198; x_wconf 84' lang='lat' dir='ltr'>pro</span> <span class='ocrx_word' id='word_1_578' title='bbox 320 2145 482 2183; x_wconf 86' lang='lat' dir='ltr'>Comitiis</span> <span class='ocrx_word' id='word_1_579' title='bbox 496 2144 722 2181; x_wconf 79' lang='lat' dir='ltr'>Generalibus</span> <span class='ocrx_word' id='word_1_580' title='bbox 731 2142 976 2179; x_wconf 83' lang='lat' dir='ltr'>instituendum</span> <span class='ocrx_word' id='word_1_581' title='bbox 994 2168 1005 2186; x_wconf 93' lang='lat'>,</span> <span class='ocrx_word' id='word_1_582' title='bbox 1021 2145 1052 2179; x_wconf 87' lang='lat' dir='ltr'>se</span> <span class='ocrx_word' id='word_1_583' title='bbox 1065 2154 1263 2179; x_wconf 85' lang='lat' dir='ltr'>convertere</span> <span class='ocrx_word' id='word_1_584' title='bbox 1276 2145 1393 2181; x_wconf 85' lang='lat' dir='ltr'>debuit</span> <span class='ocrx_word' id='word_1_585' title='bbox 1405 2170 1417 2189; x_wconf 94' lang='lat'>,</span> <span class='ocrx_word' id='word_1_586' title='bbox 1444 2146 1500 2182; x_wconf 91' lang='lat' dir='ltr'>ubi</span> <span class='ocrx_word' id='word_1_587' title='bbox 1515 2146 1550 2182; x_wconf 79' lang='grc'>8(</span> <span class='ocrx_word' id='word_1_588' title='bbox 1562 2158 1648 2182; x_wconf 80' lang='lat' dir='ltr'>anno</span> <span class='ocrx_word' id='word_1_589' title='bbox 1672 2145 1848 2182; x_wconf 74' lang='lat' dir='ltr'>millesimo</span> <span class='ocrx_word' id='word_1_590' title='bbox 1868 2144 2111 2180; x_wconf 73' lang='lat' dir='ltr'>sexcentesimo</span> <span class='ocrx_word' id='word_1_591' title='bbox 2139 2141 2307 2189; x_wconf 67' lang='lat' dir='ltr'>vigefimo</span> 
     </span>
     <span class='ocr_line' id='line_1_40' title="bbox 246 2187 2159 2246; baseline -0.003 -15"><span class='ocrx_word' id='word_1_592' title='bbox 246 2196 370 2246; x_wconf 86' lang='lat' dir='ltr'>quinto</span> <span class='ocrx_word' id='word_1_593' title='bbox 382 2192 686 2236; x_wconf 76' lang='lat' dir='ltr'>memoriam,alias</span> <span class='ocrx_word' id='word_1_594' title='bbox 696 2191 768 2239; x_wconf 85' lang='lat' dir='ltr'>jam</span> <span class='ocrx_word' id='word_1_595' title='bbox 783 2187 817 2226; x_wconf 74' lang='lat' dir='ltr'>iti</span> <span class='ocrx_word' id='word_1_596' title='bbox 835 2193 935 2228; x_wconf 84' lang='lat' dir='ltr'>Alma</span> <span class='ocrx_word' id='word_1_597' title='bbox 949 2191 1042 2228; x_wconf 89' lang='lat' dir='ltr'>Urbe</span> <span class='ocrx_word' id='word_1_598' title='bbox 1055 2191 1213 2238; x_wconf 66' lang='lat' dir='ltr'>praeclare</span> <span class='ocrx_word' id='word_1_599' title='bbox 1227 2195 1395 2238; x_wconf 83' lang='lat' dir='ltr'>gestorum</span> <span class='ocrx_word' id='word_1_600' title='bbox 1410 2219 1418 2233; x_wconf 86' lang='lat'>‚</span> <span class='ocrx_word' id='word_1_601' title='bbox 1442 2196 1476 2231; x_wconf 89' lang='grc'>8(</span> <span class='ocrx_word' id='word_1_602' title='bbox 1496 2196 1559 2231; x_wconf 87' lang='lat' dir='ltr'>rari</span> <span class='ocrx_word' id='word_1_603' title='bbox 1575 2196 1640 2232; x_wconf 76' lang='lat' dir='ltr'>suae</span> <span class='ocrx_word' id='word_1_604' title='bbox 1652 2196 1777 2241; x_wconf 85' lang='lat' dir='ltr'>ingenii</span> <span class='ocrx_word' id='word_1_605' title='bbox 1796 2195 1933 2230; x_wconf 86' lang='lat' dir='ltr'>laudem</span> <span class='ocrx_word' id='word_1_606' title='bbox 1953 2189 2138 2228; x_wconf 82' lang='lat' dir='ltr'>renovavit</span> <span class='ocrx_word' id='word_1_607' title='bbox 2150 2218 2159 2226; x_wconf 89' lang='lat'>.</span> 
     </span>
    </p>

    <p class='ocr_par' dir='ltr' id='par_1_6' title="bbox 239 2238 2311 2775">
     <span class='ocr_line' id='line_1_41' title="bbox 337 2238 2307 2291; baseline -0.002 -12"><span class='ocrx_word' id='word_1_608' title='bbox 337 2241 582 2287; x_wconf 87' lang='lat' dir='ltr'>Conscriptum</span> <span class='ocrx_word' id='word_1_609' title='bbox 595 2243 627 2277; x_wconf 91' lang='lat' dir='ltr'>in</span> <span class='ocrx_word' id='word_1_610' title='bbox 642 2241 748 2277; x_wconf 88' lang='lat' dir='ltr'>reditu</span> <span class='ocrx_word' id='word_1_611' title='bbox 771 2239 813 2275; x_wconf 82' lang='lat' dir='ltr'>ad</span> <span class='ocrx_word' id='word_1_612' title='bbox 829 2240 1044 2277; x_wconf 83' lang='lat' dir='ltr'>Provinciam</span> <span class='ocrx_word' id='word_1_613' title='bbox 1062 2241 1265 2284; x_wconf 81' lang='lat' dir='ltr'>Capitulum</span> <span class='ocrx_word' id='word_1_614' title='bbox 1279 2241 1424 2286; x_wconf 72' lang='lat' dir='ltr'>grassans</span> <span class='ocrx_word' id='word_1_615' title='bbox 1445 2244 1545 2289; x_wconf 83' lang='lat' dir='ltr'>pestis</span> <span class='ocrx_word' id='word_1_616' title='bbox 1558 2269 1570 2289; x_wconf 91' lang='lat'>,</span> <span class='ocrx_word' id='word_1_617' title='bbox 1594 2257 1670 2291; x_wconf 82' lang='lat' dir='ltr'>quae</span> <span class='ocrx_word' id='word_1_618' title='bbox 1686 2247 1800 2288; x_wconf 72' lang='lat' dir='ltr'>Pragae</span> <span class='ocrx_word' id='word_1_619' title='bbox 1822 2241 1946 2288; x_wconf 83' lang='lat' dir='ltr'>viginti</span> <span class='ocrx_word' id='word_1_620' title='bbox 1970 2240 2041 2276; x_wconf 91' lang='lat' dir='ltr'>duo</span> <span class='ocrx_word' id='word_1_621' title='bbox 2062 2238 2169 2275; x_wconf 87' lang='lat' dir='ltr'>millia</span> <span class='ocrx_word' id='word_1_622' title='bbox 2195 2238 2307 2275; x_wconf 85' lang='lat' dir='ltr'>homi-</span> 
     </span>
     <span class='ocr_line' id='line_1_42' title="bbox 239 2287 2305 2337; baseline 0.002 -8"><span class='ocrx_word' id='word_1_623' title='bbox 239 2304 321 2329; x_wconf 90' lang='lat' dir='ltr'>num</span> <span class='ocrx_word' id='word_1_624' title='bbox 338 2289 613 2336; x_wconf 84' lang='lat' dir='ltr'>consumpserat,</span> <span class='ocrx_word' id='word_1_625' title='bbox 637 2288 840 2335; x_wconf 73' lang='lat' dir='ltr'>impedivit,</span> <span class='ocrx_word' id='word_1_626' title='bbox 863 2289 942 2325; x_wconf 86' lang='lat' dir='ltr'>inde</span> <span class='ocrx_word' id='word_1_627' title='bbox 956 2288 1088 2325; x_wconf 79' lang='lat' dir='ltr'>dimiffo</span> <span class='ocrx_word' id='word_1_628' title='bbox 1106 2290 1372 2327; x_wconf 71' lang='lat' dir='ltr'>Provincialarus</span> <span class='ocrx_word' id='word_1_629' title='bbox 1389 2304 1538 2336; x_wconf 89' lang='lat' dir='ltr'>munere,</span> <span class='ocrx_word' id='word_1_630' title='bbox 1554 2295 1664 2330; x_wconf 81' lang='lat' dir='ltr'>Sacrae</span> <span class='ocrx_word' id='word_1_631' title='bbox 1678 2290 1968 2335; x_wconf 76' lang='lat' dir='ltr'>congregationis</span> <span class='ocrx_word' id='word_1_632' title='bbox 1978 2289 2083 2337; x_wconf 79' lang='lat' dir='ltr'>juffu,</span> <span class='ocrx_word' id='word_1_633' title='bbox 2094 2298 2182 2323; x_wconf 68' lang='lat'>³⁰⁰⁰</span> <span class='ocrx_word' id='word_1_634' title='bbox 2204 2287 2305 2324; x_wconf 80' lang='lat'><strong>¹6²⁶·</strong></span> 
     </span>
     <span class='ocr_line' id='line_1_43' title="bbox 241 2336 2305 2385; baseline -0.004 -7"><span class='ocrx_word' id='word_1_635' title='bbox 241 2342 383 2385; x_wconf 73' lang='lat' dir='ltr'>Fugam</span> <span class='ocrx_word' id='word_1_636' title='bbox 397 2339 428 2374; x_wconf 89' lang='lat' dir='ltr'>se</span> <span class='ocrx_word' id='word_1_637' title='bbox 440 2336 594 2374; x_wconf 85' lang='lat' dir='ltr'>conferre</span> <span class='ocrx_word' id='word_1_638' title='bbox 607 2336 727 2373; x_wconf 87' lang='lat' dir='ltr'>debuit</span> <span class='ocrx_word' id='word_1_639' title='bbox 740 2361 751 2380; x_wconf 93' lang='lat'>,</span> <span class='ocrx_word' id='word_1_640' title='bbox 778 2347 945 2385; x_wconf 83' lang='lat' dir='ltr'>quatenus</span> <span class='ocrx_word' id='word_1_641' title='bbox 957 2336 1128 2383; x_wconf 76' lang='lat' dir='ltr'>assumpto</span> <span class='ocrx_word' id='word_1_642' title='bbox 1146 2339 1346 2375; x_wconf 77' lang='lat' dir='ltr'>Millionarii</span> <span class='ocrx_word' id='word_1_643' title='bbox 1358 2341 1548 2378; x_wconf 67' lang='lat' dir='ltr'>charastere</span> <span class='ocrx_word' id='word_1_644' title='bbox 1564 2342 1728 2378; x_wconf 84' lang='lat' dir='ltr'>intentam</span> <span class='ocrx_word' id='word_1_645' title='bbox 1753 2341 1796 2377; x_wconf 80' lang='lat' dir='ltr'>ab</span> <span class='ocrx_word' id='word_1_646' title='bbox 1811 2339 1965 2375; x_wconf 84' lang='lat' dir='ltr'>Eminen.</span> <span class='ocrx_word' id='word_1_647' title='bbox 1981 2341 2026 2374; x_wconf 88' lang='lat' dir='ltr'>D.</span> <span class='ocrx_word' id='word_1_648' title='bbox 2041 2337 2221 2373; x_wconf 84' lang='lat' dir='ltr'>Cardinale</span> <span class='ocrx_word' id='word_1_649' title='bbox 2239 2339 2305 2372; x_wconf 60' lang='grc' dir='ltr'>Απι</span> 
     </span>
     <span class='ocr_line' id='line_1_44' title="bbox 239 2384 2308 2437; baseline -0.003 -11"><span class='ocrx_word' id='word_1_650' title='bbox 239 2387 453 2434; x_wconf 78' lang='lat' dir='ltr'>chiepiscopo</span> <span class='ocrx_word' id='word_1_651' title='bbox 480 2386 672 2431; x_wconf 81' lang='lat' dir='ltr'>Religionis</span> <span class='ocrx_word' id='word_1_652' title='bbox 697 2385 970 2422; x_wconf 81' lang='lat' dir='ltr'>reformationem</span> <span class='ocrx_word' id='word_1_653' title='bbox 989 2389 1236 2431; x_wconf 76' lang='lat' dir='ltr'>coadjuvaret.</span> <span class='ocrx_word' id='word_1_654' title='bbox 1263 2389 1391 2424; x_wconf 79' lang='lat' dir='ltr'>Animo</span> <span class='ocrx_word' id='word_1_655' title='bbox 1414 2391 1538 2425; x_wconf 84' lang='lat' dir='ltr'>timido</span> <span class='ocrx_word' id='word_1_656' title='bbox 1565 2391 1652 2427; x_wconf 85' lang='lat' dir='ltr'>hanc</span> <span class='ocrx_word' id='word_1_657' title='bbox 1674 2391 1819 2437; x_wconf 72' lang='lat' dir='ltr'>spartam</span> <span class='ocrx_word' id='word_1_658' title='bbox 1843 2389 2014 2433; x_wconf 86' lang='lat' dir='ltr'>suscepit,</span> <span class='ocrx_word' id='word_1_659' title='bbox 2039 2397 2117 2422; x_wconf 87' lang='lat' dir='ltr'>cum</span> <span class='ocrx_word' id='word_1_660' title='bbox 2141 2384 2308 2420; x_wconf 84' lang='lat' dir='ltr'>Carolinae</span> 
     </span>
     <span class='ocr_line' id='line_1_45' title="bbox 241 2434 2306 2487; baseline 0.002 -14"><span class='ocrx_word' id='word_1_661' title='bbox 241 2434 481 2475; x_wconf 81' lang='lat' dir='ltr'>Universttatis</span> <span class='ocrx_word' id='word_1_662' title='bbox 495 2437 674 2481; x_wconf 84' lang='lat' dir='ltr'>negotium</span> <span class='ocrx_word' id='word_1_663' title='bbox 697 2434 918 2470; x_wconf 82' lang='lat' dir='ltr'>involveret:</span> <span class='ocrx_word' id='word_1_664' title='bbox 943 2447 1016 2471; x_wconf 83' lang='lat' dir='ltr'>eam</span> <span class='ocrx_word' id='word_1_665' title='bbox 1037 2436 1130 2471; x_wconf 92' lang='lat' dir='ltr'>enim</span> <span class='ocrx_word' id='word_1_666' title='bbox 1145 2436 1187 2471; x_wconf 85' lang='lat' dir='ltr'>ad</span> <span class='ocrx_word' id='word_1_667' title='bbox 1208 2438 1290 2473; x_wconf 83' lang='lat' dir='ltr'>KR.</span> <span class='ocrx_word' id='word_1_668' title='bbox 1308 2439 1659 2487; x_wconf 75' lang='lat' dir='ltr'>PP.Societatis1esu</span> <span class='ocrx_word' id='word_1_669' title='bbox 1681 2438 1875 2480; x_wconf 73' lang='lat' dir='ltr'>transferri,</span> <span class='ocrx_word' id='word_1_670' title='bbox 1899 2434 2141 2472; x_wconf 61' lang='lat' dir='ltr'>&amp;fut‘dssiossi</span> <span class='ocrx_word' id='word_1_671' title='bbox 2157 2434 2191 2469; x_wconf 62' lang='grc' dir='ltr'>ἃ</span> <span class='ocrx_word' id='word_1_672' title='bbox 2208 2434 2306 2468; x_wconf 60' lang='lat'>¹³52*-</span> 
     </span>
     <span class='ocr_line' id='line_1_46' title="bbox 243 2482 2308 2531; baseline -0.001 -9"><span class='ocrx_word' id='word_1_673' title='bbox 243 2487 304 2522; x_wconf 82' lang='lat' dir='ltr'>tati</span> <span class='ocrx_word' id='word_1_674' title='bbox 318 2486 448 2521; x_wconf 80' lang='lat' dir='ltr'>obstare</span> <span class='ocrx_word' id='word_1_675' title='bbox 466 2483 610 2519; x_wconf 88' lang='lat' dir='ltr'>credidit</span> <span class='ocrx_word' id='word_1_676' title='bbox 623 2510 633 2526; x_wconf 88' lang='lat'>,</span> <span class='ocrx_word' id='word_1_677' title='bbox 657 2483 691 2518; x_wconf 88' lang='grc'>8(</span> <span class='ocrx_word' id='word_1_678' title='bbox 706 2494 777 2517; x_wconf 89' lang='lat' dir='ltr'>tum</span> <span class='ocrx_word' id='word_1_679' title='bbox 790 2482 851 2519; x_wconf 84' lang='lat' dir='ltr'>fibi</span> <span class='ocrx_word' id='word_1_680' title='bbox 864 2507 876 2525; x_wconf 87' lang='lat'>,</span> <span class='ocrx_word' id='word_1_681' title='bbox 891 2495 964 2519; x_wconf 85' lang='lat' dir='ltr'>tum</span> <span class='ocrx_word' id='word_1_682' title='bbox 978 2483 1043 2520; x_wconf 88' lang='lat' dir='ltr'>l&#39;uis</span> <span class='ocrx_word' id='word_1_683' title='bbox 1054 2495 1098 2520; x_wconf 79' lang='lat' dir='ltr'>ex</span> <span class='ocrx_word' id='word_1_684' title='bbox 1109 2486 1379 2522; x_wconf 71' lang='lat' dir='ltr'>contradietione</span> <span class='ocrx_word' id='word_1_685' title='bbox 1389 2498 1517 2523; x_wconf 87' lang='lat' dir='ltr'>certum</span> <span class='ocrx_word' id='word_1_686' title='bbox 1532 2489 1650 2524; x_wconf 89' lang='lat' dir='ltr'>odium</span> <span class='ocrx_word' id='word_1_687' title='bbox 1664 2488 1838 2524; x_wconf 86' lang='lat' dir='ltr'>imminere</span> <span class='ocrx_word' id='word_1_688' title='bbox 1861 2484 2020 2531; x_wconf 72' lang='lat' dir='ltr'>praevidit</span> <span class='ocrx_word' id='word_1_689' title='bbox 2045 2511 2054 2520; x_wconf 93' lang='lat'>.</span> <span class='ocrx_word' id='word_1_690' title='bbox 2079 2484 2308 2531; x_wconf 79' lang='lat' dir='ltr'>thopter</span> 
     </span>
     <span class='ocr_line' id='line_1_47' title="bbox 246 2530 2309 2575; baseline 0 -5"><span class='ocrx_word' id='word_1_691' title='bbox 246 2546 284 2571; x_wconf 91' lang='lat' dir='ltr'>ut</span> <span class='ocrx_word' id='word_1_692' title='bbox 303 2532 400 2570; x_wconf 74' lang='lat' dir='ltr'>caute</span> <span class='ocrx_word' id='word_1_693' title='bbox 413 2532 584 2569; x_wconf 77' lang='lat' dir='ltr'>incederet</span> <span class='ocrx_word' id='word_1_694' title='bbox 597 2555 610 2574; x_wconf 92' lang='lat'>‚</span> <span class='ocrx_word' id='word_1_695' title='bbox 635 2530 787 2567; x_wconf 86' lang='lat' dir='ltr'>inducias</span> <span class='ocrx_word' id='word_1_696' title='bbox 798 2532 907 2568; x_wconf 85' lang='lat' dir='ltr'>evicit</span> <span class='ocrx_word' id='word_1_697' title='bbox 923 2556 936 2575; x_wconf 94' lang='lat'>,</span> <span class='ocrx_word' id='word_1_698' title='bbox 958 2533 992 2568; x_wconf 88' lang='grc'>8(</span> <span class='ocrx_word' id='word_1_699' title='bbox 1005 2538 1125 2569; x_wconf 82' lang='lat' dir='ltr'>eodem</span> <span class='ocrx_word' id='word_1_700' title='bbox 1147 2544 1233 2569; x_wconf 83' lang='lat' dir='ltr'>anno</span> <span class='ocrx_word' id='word_1_701' title='bbox 1247 2547 1324 2571; x_wconf 89' lang='lat' dir='ltr'>cum</span> <span class='ocrx_word' id='word_1_702' title='bbox 1341 2535 1604 2573; x_wconf 79' lang='lat' dir='ltr'>Eminentiffimo</span> <span class='ocrx_word' id='word_1_703' title='bbox 1622 2541 1667 2575; x_wconf 89' lang='lat' dir='ltr'>D.</span> <span class='ocrx_word' id='word_1_704' title='bbox 1682 2535 1866 2573; x_wconf 82' lang='lat' dir='ltr'>Cardinale</span> <span class='ocrx_word' id='word_1_705' title='bbox 1885 2534 2062 2570; x_wconf 84' lang='lat' dir='ltr'>Viennam</span> <span class='ocrx_word' id='word_1_706' title='bbox 2085 2537 2128 2568; x_wconf 80' lang='lat' dir='ltr'>ad</span> <span class='ocrx_word' id='word_1_707' title='bbox 2142 2531 2309 2567; x_wconf 75' lang='lat' dir='ltr'>Caesarem</span> 
     </span>
     <span class='ocr_line' id='line_1_48' title="bbox 242 2579 2311 2632; baseline -0.001 -14"><span class='ocrx_word' id='word_1_708' title='bbox 242 2594 308 2630; x_wconf 82' lang='lat' dir='ltr'>pro</span> <span class='ocrx_word' id='word_1_709' title='bbox 322 2583 444 2618; x_wconf 71' lang='lat' dir='ltr'>melius</span> <span class='ocrx_word' id='word_1_710' title='bbox 457 2579 657 2616; x_wconf 85' lang='lat' dir='ltr'>stabiliendo</span> <span class='ocrx_word' id='word_1_711' title='bbox 674 2580 941 2632; x_wconf 83' lang='lat' dir='ltr'>Reformationis</span> <span class='ocrx_word' id='word_1_712' title='bbox 963 2582 997 2618; x_wconf 80' lang='grc'>8(</span> <span class='ocrx_word' id='word_1_713' title='bbox 1015 2581 1255 2620; x_wconf 82' lang='lat' dir='ltr'>Univerlitatis</span> <span class='ocrx_word' id='word_1_714' title='bbox 1270 2583 1416 2621; x_wconf 84' lang='lat' dir='ltr'>articulo</span> <span class='ocrx_word' id='word_1_715' title='bbox 1431 2585 1462 2621; x_wconf 77' lang='lat' dir='ltr'>se</span> <span class='ocrx_word' id='word_1_716' title='bbox 1475 2586 1618 2623; x_wconf 63' lang='lat' dir='ltr'>contulit</span> <span class='ocrx_word' id='word_1_717' title='bbox 1635 2614 1644 2622; x_wconf 87' lang='lat'><strong>.</strong></span> <span class='ocrx_word' id='word_1_718' title='bbox 1674 2588 1710 2623; x_wconf 91' lang='lat' dir='ltr'>ln</span> <span class='ocrx_word' id='word_1_719' title='bbox 1727 2585 1856 2622; x_wconf 77' lang='lat' dir='ltr'>confini</span> <span class='ocrx_word' id='word_1_720' title='bbox 1873 2594 1985 2630; x_wconf 87' lang='lat' dir='ltr'>partes</span> <span class='ocrx_word' id='word_1_721' title='bbox 1999 2581 2047 2617; x_wconf 88' lang='lat' dir='ltr'>ibi</span> <span class='ocrx_word' id='word_1_722' title='bbox 2065 2580 2179 2617; x_wconf 80' lang='lat' dir='ltr'>vocati</span> <span class='ocrx_word' id='word_1_723' title='bbox 2197 2582 2311 2616; x_wconf 80' lang='lat' dir='ltr'>Reve-</span> 
     </span>
     <span class='ocr_line' id='line_1_49' title="bbox 244 2628 2306 2680; baseline -0.002 -15"><span class='ocrx_word' id='word_1_724' title='bbox 244 2629 454 2667; x_wconf 82' lang='lat' dir='ltr'>rendiffimus</span> <span class='ocrx_word' id='word_1_725' title='bbox 470 2630 516 2665; x_wconf 86' lang='lat' dir='ltr'>D.</span> <span class='ocrx_word' id='word_1_726' title='bbox 536 2628 723 2670; x_wconf 87' lang='lat' dir='ltr'>Antonius,</span> <span class='ocrx_word' id='word_1_727' title='bbox 733 2629 1027 2673; x_wconf 83' lang='lat' dir='ltr'>Cremiphanenlis</span> <span class='ocrx_word' id='word_1_728' title='bbox 1042 2631 1237 2668; x_wconf 80' lang='lat' dir='ltr'>Monasterii</span> <span class='ocrx_word' id='word_1_729' title='bbox 1254 2633 1371 2670; x_wconf 82' lang='lat' dir='ltr'>Abbas</span> <span class='ocrx_word' id='word_1_730' title='bbox 1384 2634 1440 2677; x_wconf 76' lang='lat' dir='ltr'>‚sc</span> <span class='ocrx_word' id='word_1_731' title='bbox 1455 2636 1569 2680; x_wconf 83' lang='lat' dir='ltr'>postea</span> <span class='ocrx_word' id='word_1_732' title='bbox 1587 2634 1790 2671; x_wconf 74' lang='lat' dir='ltr'>Viennensis</span> <span class='ocrx_word' id='word_1_733' title='bbox 1807 2631 1959 2669; x_wconf 72' lang='lat' dir='ltr'>Ecclesia:</span> <span class='ocrx_word' id='word_1_734' title='bbox 1981 2630 2102 2666; x_wconf 81' lang='lat' dir='ltr'>Praesul</span> <span class='ocrx_word' id='word_1_735' title='bbox 2117 2653 2130 2672; x_wconf 97' lang='lat'>,</span> <span class='ocrx_word' id='word_1_736' title='bbox 2157 2638 2306 2675; x_wconf 89' lang='lat' dir='ltr'>quatuor</span> 
     </span>
     <span class='ocr_line' id='line_1_50' title="bbox 244 2675 2310 2725; baseline -0.001 -12"><span class='ocrx_word' id='word_1_737' title='bbox 244 2677 357 2713; x_wconf 77' lang='lat' dir='ltr'>intimi</span> <span class='ocrx_word' id='word_1_738' title='bbox 368 2675 583 2724; x_wconf 80' lang='lat' dir='ltr'>Imperatoris</span> <span class='ocrx_word' id='word_1_739' title='bbox 597 2675 789 2712; x_wconf 79' lang='lat' dir='ltr'>Confiliarti</span> <span class='ocrx_word' id='word_1_740' title='bbox 799 2701 810 2720; x_wconf 85' lang='lat'>‚</span> <span class='ocrx_word' id='word_1_741' title='bbox 834 2678 868 2714; x_wconf 92' lang='grc'><strong>8(</strong></span> <span class='ocrx_word' id='word_1_742' title='bbox 879 2689 1030 2725; x_wconf 85' lang='lat' dir='ltr'>quatuor</span> <span class='ocrx_word' id='word_1_743' title='bbox 1045 2677 1167 2723; x_wconf 64' lang='lat' dir='ltr'>panna</span> <span class='ocrx_word' id='word_1_744' title='bbox 1182 2679 1356 2725; x_wconf 81' lang='lat' dir='ltr'>sequentia</span> <span class='ocrx_word' id='word_1_745' title='bbox 1380 2679 1517 2718; x_wconf 73' lang='lat' dir='ltr'>discufl‘a</span> <span class='ocrx_word' id='word_1_746' title='bbox 1538 2682 1613 2717; x_wconf 86' lang='lat' dir='ltr'>sunt</span> <span class='ocrx_word' id='word_1_747' title='bbox 1625 2707 1634 2718; x_wconf 90' lang='lat'>.</span> <span class='ocrx_word' id='word_1_748' title='bbox 1665 2684 1780 2717; x_wconf 81' lang='lat' dir='ltr'>Primo</span> <span class='ocrx_word' id='word_1_749' title='bbox 1796 2705 1808 2720; x_wconf 85' lang='lat'><em>‚</em></span> <span class='ocrx_word' id='word_1_750' title='bbox 1818 2682 1859 2716; x_wconf 86' lang='lat' dir='ltr'>de</span> <span class='ocrx_word' id='word_1_751' title='bbox 1874 2680 1982 2714; x_wconf 84' lang='lat' dir='ltr'>modo</span> <span class='ocrx_word' id='word_1_752' title='bbox 1996 2678 2194 2723; x_wconf 68' lang='lat' dir='ltr'>pragensem</span> <span class='ocrx_word' id='word_1_753' title='bbox 2209 2677 2310 2712; x_wconf 76' lang='lat' dir='ltr'>Civi.</span> 
     </span>
     <span class='ocr_line' id='line_1_51' title="bbox 246 2723 2310 2775; baseline -0 -15"><span class='ocrx_word' id='word_1_754' title='bbox 246 2732 351 2761; x_wconf 77' lang='lat' dir='ltr'>tatem</span> <span class='ocrx_word' id='word_1_755' title='bbox 364 2750 375 2765; x_wconf 88' lang='lat'>,</span> <span class='ocrx_word' id='word_1_756' title='bbox 400 2734 578 2769; x_wconf 86' lang='lat' dir='ltr'>totumque</span> <span class='ocrx_word' id='word_1_757' title='bbox 593 2725 761 2760; x_wconf 70' lang='lat' dir='ltr'>Bohemiae</span> <span class='ocrx_word' id='word_1_758' title='bbox 776 2727 933 2771; x_wconf 85' lang='lat' dir='ltr'>Regnum</span> <span class='ocrx_word' id='word_1_759' title='bbox 949 2751 961 2770; x_wconf 88' lang='lat'>,</span> <span class='ocrx_word' id='word_1_760' title='bbox 983 2726 1093 2763; x_wconf 77' lang='lat' dir='ltr'>haerefi</span> <span class='ocrx_word' id='word_1_761' title='bbox 1103 2727 1267 2764; x_wconf 64' lang='lat' dir='ltr'>infectum</span> <span class='ocrx_word' id='word_1_762' title='bbox 1279 2731 1492 2775; x_wconf 78' lang='lat' dir='ltr'>expurgandi</span> <span class='ocrx_word' id='word_1_763' title='bbox 1505 2756 1514 2765; x_wconf 90' lang='lat'><em>.</em></span> <span class='ocrx_word' id='word_1_764' title='bbox 1541 2731 1705 2767; x_wconf 69' lang='lat' dir='ltr'>Secundo</span> <span class='ocrx_word' id='word_1_765' title='bbox 1718 2754 1730 2771; x_wconf 86' lang='lat'><strong>‚</strong></span> <span class='ocrx_word' id='word_1_766' title='bbox 1740 2731 1781 2765; x_wconf 84' lang='lat' dir='ltr'>de</span> <span class='ocrx_word' id='word_1_767' title='bbox 1796 2729 1900 2763; x_wconf 89' lang='lat' dir='ltr'>modo</span> <span class='ocrx_word' id='word_1_768' title='bbox 1919 2726 2135 2770; x_wconf 82' lang='lat' dir='ltr'>Religionem</span> <span class='ocrx_word' id='word_1_769' title='bbox 2146 2723 2310 2761; x_wconf 80' lang='lat' dir='ltr'>Catholi-</span> 
     </span>
    </p>

    <p class='ocr_par' dir='ltr' id='par_1_7' title="bbox 248 2770 2311 3107">
     <span class='ocr_line' id='line_1_52' title="bbox 250 2770 2307 2822; baseline -0 -12"><span class='ocrx_word' id='word_1_770' title='bbox 250 2784 323 2810; x_wconf 83' lang='lat' dir='ltr'>cam</span> <span class='ocrx_word' id='word_1_771' title='bbox 335 2773 369 2807; x_wconf 88' lang='lat' dir='ltr'>in</span> <span class='ocrx_word' id='word_1_772' title='bbox 383 2783 427 2807; x_wconf 87' lang='lat' dir='ltr'>co</span> <span class='ocrx_word' id='word_1_773' title='bbox 440 2770 616 2807; x_wconf 73' lang='lat' dir='ltr'>solidandi.</span> <span class='ocrx_word' id='word_1_774' title='bbox 629 2772 759 2808; x_wconf 81' lang='lat' dir='ltr'>Tertio.</span> <span class='ocrx_word' id='word_1_775' title='bbox 776 2775 818 2808; x_wconf 91' lang='lat' dir='ltr'>de</span> <span class='ocrx_word' id='word_1_776' title='bbox 830 2775 1043 2811; x_wconf 80' lang='lat' dir='ltr'>restitutione</span> <span class='ocrx_word' id='word_1_777' title='bbox 1059 2776 1230 2812; x_wconf 88' lang='lat' dir='ltr'>bonorum</span> <span class='ocrx_word' id='word_1_778' title='bbox 1244 2776 1568 2821; x_wconf 77' lang='lat' dir='ltr'>Eccleliasticorum‚</span> <span class='ocrx_word' id='word_1_779' title='bbox 1582 2779 1625 2814; x_wconf 90' lang='lat' dir='ltr'>ad</span> <span class='ocrx_word' id='word_1_780' title='bbox 1641 2789 1758 2813; x_wconf 89' lang='lat' dir='ltr'>manus</span> <span class='ocrx_word' id='word_1_781' title='bbox 1772 2777 1896 2812; x_wconf 82' lang='lat' dir='ltr'>alienas</span> <span class='ocrx_word' id='word_1_782' title='bbox 1904 2775 1974 2822; x_wconf 85' lang='lat' dir='ltr'>jam</span> <span class='ocrx_word' id='word_1_783' title='bbox 1989 2784 2177 2819; x_wconf 85' lang='lat' dir='ltr'>raptorum.</span> <span class='ocrx_word' id='word_1_784' title='bbox 2190 2774 2307 2820; x_wconf 80' lang='lat' dir='ltr'>Qr-</span> 
     </span>
     <span class='ocr_line' id='line_1_53' title="bbox 248 2818 2310 2874; baseline -0.001 -17"><span class='ocrx_word' id='word_1_785' title='bbox 248 2822 290 2857; x_wconf 72' lang='grc' dir='ltr'>ῐὸ</span> <span class='ocrx_word' id='word_1_786' title='bbox 303 2821 438 2856; x_wconf 86' lang='lat' dir='ltr'>demum</span> <span class='ocrx_word' id='word_1_787' title='bbox 453 2841 467 2861; x_wconf 86' lang='lat'>‚</span> <span class='ocrx_word' id='word_1_788' title='bbox 491 2818 928 2874; x_wconf 45' lang='lat' dir='ltr'>&amp;inodo-Univerfitatem</span> <span class='ocrx_word' id='word_1_789' title='bbox 941 2823 1140 2859; x_wconf 87' lang='lat' dir='ltr'>Carolinam</span> <span class='ocrx_word' id='word_1_790' title='bbox 1153 2847 1166 2866; x_wconf 91' lang='lat'>,</span> <span class='ocrx_word' id='word_1_791' title='bbox 1189 2824 1244 2860; x_wconf 87' lang='lat' dir='ltr'>seu</span> <span class='ocrx_word' id='word_1_792' title='bbox 1260 2828 1286 2860; x_wconf 71' lang='lat' dir='ltr'>&#39;a</span> <span class='ocrx_word' id='word_1_793' title='bbox 1297 2825 1429 2862; x_wconf 84' lang='lat' dir='ltr'>Catulo</span> <span class='ocrx_word' id='word_1_794' title='bbox 1444 2829 1654 2873; x_wconf 84' lang='lat' dir='ltr'>lmperatore</span> <span class='ocrx_word' id='word_1_795' title='bbox 1669 2825 1733 2862; x_wconf 88' lang='lat' dir='ltr'>lV.</span> <span class='ocrx_word' id='word_1_796' title='bbox 1745 2824 1938 2859; x_wconf 85' lang='lat' dir='ltr'>fundatam,</span> <span class='ocrx_word' id='word_1_797' title='bbox 1950 2822 1993 2857; x_wconf 87' lang='lat' dir='ltr'>ad</span> <span class='ocrx_word' id='word_1_798' title='bbox 2008 2821 2182 2870; x_wconf 85' lang='lat' dir='ltr'>antiquam</span> <span class='ocrx_word' id='word_1_799' title='bbox 2206 2822 2310 2856; x_wconf 89' lang='lat' dir='ltr'>liber-</span> 
     </span>
     <span class='ocr_line' id='line_1_54' title="bbox 249 2867 2311 2922; baseline -0.001 -17"><span class='ocrx_word' id='word_1_800' title='bbox 249 2878 356 2906; x_wconf 79' lang='lat' dir='ltr'>tatem</span> <span class='ocrx_word' id='word_1_801' title='bbox 368 2867 547 2904; x_wconf 77' lang='lat' dir='ltr'>reducendi</span> <span class='ocrx_word' id='word_1_802' title='bbox 563 2890 574 2901; x_wconf 84' lang='lat'><strong>.</strong></span> <span class='ocrx_word' id='word_1_803' title='bbox 601 2867 747 2922; x_wconf 58' lang='lat' dir='ltr'>{fuitque</span> <span class='ocrx_word' id='word_1_804' title='bbox 772 2868 813 2902; x_wconf 88' lang='lat' dir='ltr'>ad</span> <span class='ocrx_word' id='word_1_805' title='bbox 836 2870 979 2914; x_wconf 79' lang='lat' dir='ltr'>primum</span> <span class='ocrx_word' id='word_1_806' title='bbox 998 2870 1187 2906; x_wconf 83' lang='lat' dir='ltr'>resolutum</span> <span class='ocrx_word' id='word_1_807' title='bbox 1204 2899 1213 2912; x_wconf 84' lang='lat'>,</span> <span class='ocrx_word' id='word_1_808' title='bbox 1239 2873 1333 2918; x_wconf 86' lang='lat' dir='ltr'>quod</span> <span class='ocrx_word' id='word_1_809' title='bbox 1347 2875 1366 2907; x_wconf 70' lang='lat' dir='ltr'>a</span> <span class='ocrx_word' id='word_1_810' title='bbox 1389 2875 1493 2910; x_wconf 85' lang='lat' dir='ltr'>modo</span> <span class='ocrx_word' id='word_1_811' title='bbox 1505 2873 1665 2909; x_wconf 69' lang='lat' dir='ltr'>coaftivo</span> <span class='ocrx_word' id='word_1_812' title='bbox 1678 2897 1692 2917; x_wconf 88' lang='lat'>,</span> <span class='ocrx_word' id='word_1_813' title='bbox 1704 2884 1766 2908; x_wconf 87' lang='lat' dir='ltr'>ceu</span> <span class='ocrx_word' id='word_1_814' title='bbox 1781 2870 2026 2907; x_wconf 88' lang='lat' dir='ltr'>mansuetudini</span> <span class='ocrx_word' id='word_1_815' title='bbox 2044 2870 2170 2906; x_wconf 62' lang='lat' dir='ltr'>Guisti</span> <span class='ocrx_word' id='word_1_816' title='bbox 2198 2869 2311 2904; x_wconf 73' lang='lat' dir='ltr'>minus</span> 
     </span>
     <span class='ocr_line' id='line_1_55' title="bbox 251 2914 2310 2965; baseline 0 -14"><span class='ocrx_word' id='word_1_817' title='bbox 251 2927 406 2964; x_wconf 79' lang='lat' dir='ltr'>congruo</span> <span class='ocrx_word' id='word_1_818' title='bbox 419 2938 432 2958; x_wconf 90' lang='lat'>,</span> <span class='ocrx_word' id='word_1_819' title='bbox 455 2926 498 2950; x_wconf 92' lang='lat' dir='ltr'>eo</span> <span class='ocrx_word' id='word_1_820' title='bbox 524 2925 631 2959; x_wconf 73' lang='lat' dir='ltr'>magns</span> <span class='ocrx_word' id='word_1_821' title='bbox 650 2914 792 2950; x_wconf 87' lang='lat' dir='ltr'>deberet</span> <span class='ocrx_word' id='word_1_822' title='bbox 805 2915 983 2958; x_wconf 83' lang='lat' dir='ltr'>abstineri,</span> <span class='ocrx_word' id='word_1_823' title='bbox 997 2917 1103 2963; x_wconf 20' lang='lat' dir='ltr'>,quod</span> <span class='ocrx_word' id='word_1_824' title='bbox 1118 2919 1215 2954; x_wconf 85' lang='lat' dir='ltr'>Fides</span> <span class='ocrx_word' id='word_1_825' title='bbox 1232 2930 1310 2954; x_wconf 84' lang='lat' dir='ltr'>vera</span> <span class='ocrx_word' id='word_1_826' title='bbox 1328 2920 1408 2955; x_wconf 80' lang='lat' dir='ltr'>effer</span> <span class='ocrx_word' id='word_1_827' title='bbox 1427 2924 1566 2957; x_wconf 87' lang='lat' dir='ltr'>Donum</span> <span class='ocrx_word' id='word_1_828' title='bbox 1584 2921 1669 2960; x_wconf 80' lang='lat' dir='ltr'>Dei,</span> <span class='ocrx_word' id='word_1_829' title='bbox 1694 2920 1729 2956; x_wconf 90' lang='lat'>&amp;</span> <span class='ocrx_word' id='word_1_830' title='bbox 1747 2931 1804 2965; x_wconf 90' lang='lat' dir='ltr'>per</span> <span class='ocrx_word' id='word_1_831' title='bbox 1825 2920 2011 2955; x_wconf 80' lang='lat' dir='ltr'>adhibitam</span> <span class='ocrx_word' id='word_1_832' title='bbox 2031 2919 2204 2965; x_wconf 80' lang='lat' dir='ltr'>hucusque</span> <span class='ocrx_word' id='word_1_833' title='bbox 2218 2917 2310 2952; x_wconf 86' lang='lat' dir='ltr'>mili·</span> 
     </span>
     <span class='ocr_line' id='line_1_56' title="bbox 248 2962 2310 3014; baseline 0 -13"><span class='ocrx_word' id='word_1_834' title='bbox 248 2973 324 3002; x_wconf 81' lang='lat' dir='ltr'>tum</span> <span class='ocrx_word' id='word_1_835' title='bbox 339 2966 408 3000; x_wconf 87' lang='lat' dir='ltr'>vim</span> <span class='ocrx_word' id='word_1_836' title='bbox 422 2975 520 3000; x_wconf 86' lang='lat' dir='ltr'>nemo</span> <span class='ocrx_word' id='word_1_837' title='bbox 534 2963 599 2998; x_wconf 85' lang='lat' dir='ltr'>fine</span> <span class='ocrx_word' id='word_1_838' title='bbox 620 2962 774 3009; x_wconf 84' lang='lat' dir='ltr'>periculo</span> <span class='ocrx_word' id='word_1_839' title='bbox 789 2962 914 2999; x_wconf 72' lang='lat' dir='ltr'>reditus</span> <span class='ocrx_word' id='word_1_840' title='bbox 937 2963 980 2999; x_wconf 75' lang='lat' dir='ltr'>ad</span> <span class='ocrx_word' id='word_1_841' title='bbox 994 2965 1159 3000; x_wconf 86' lang='lat' dir='ltr'>vomitum</span> <span class='ocrx_word' id='word_1_842' title='bbox 1177 2965 1282 3011; x_wconf 73' lang='lat' dir='ltr'>posset</span> <span class='ocrx_word' id='word_1_843' title='bbox 1303 2968 1489 3011; x_wconf 60' lang='lat' dir='ltr'>compellis</span> <span class='ocrx_word' id='word_1_844' title='bbox 1519 2968 1742 3004; x_wconf 72' lang='lat' dir='ltr'>Praedicanter</span> <span class='ocrx_word' id='word_1_845' title='bbox 1766 2969 1908 3004; x_wconf 71' lang='lat' dir='ltr'>tameni:</span> <span class='ocrx_word' id='word_1_846' title='bbox 1935 2977 2012 3002; x_wconf 88' lang='lat' dir='ltr'>toto</span> <span class='ocrx_word' id='word_1_847' title='bbox 2037 2969 2166 3014; x_wconf 83' lang='lat' dir='ltr'>Regno</span> <span class='ocrx_word' id='word_1_848' title='bbox 2186 2968 2310 3002; x_wconf 73' lang='lat' dir='ltr'>exules</span> 
     </span>
     <span class='ocr_line' id='line_1_57' title="bbox 254 3010 2308 3064; baseline -0.001 -13"><span class='ocrx_word' id='word_1_849' title='bbox 254 3013 451 3051; x_wconf 78' lang='lat' dir='ltr'>Pastoribus</span> <span class='ocrx_word' id='word_1_850' title='bbox 463 3010 658 3047; x_wconf 82' lang='lat' dir='ltr'>Catholicis</span> <span class='ocrx_word' id='word_1_851' title='bbox 676 3010 854 3057; x_wconf 87' lang='lat' dir='ltr'>supplendi</span> <span class='ocrx_word' id='word_1_852' title='bbox 874 3011 1009 3055; x_wconf 81' lang='lat' dir='ltr'>forent,</span> <span class='ocrx_word' id='word_1_853' title='bbox 1023 3012 1226 3058; x_wconf 85' lang='lat' dir='ltr'>Civitasque</span> <span class='ocrx_word' id='word_1_854' title='bbox 1243 3015 1412 3057; x_wconf 81' lang='lat' dir='ltr'>Pragenlis</span> <span class='ocrx_word' id='word_1_855' title='bbox 1430 3016 1465 3050; x_wconf 87' lang='lat' dir='ltr'>in</span> <span class='ocrx_word' id='word_1_856' title='bbox 1478 3016 1618 3053; x_wconf 69' lang='lat' dir='ltr'>distinet</span> <span class='ocrx_word' id='word_1_857' title='bbox 1626 3029 1658 3054; x_wconf 73' lang='lat' dir='ltr'>2s</span> <span class='ocrx_word' id='word_1_858' title='bbox 1670 3017 1841 3053; x_wconf 60' lang='lat' dir='ltr'>districtus</span> <span class='ocrx_word' id='word_1_859' title='bbox 1854 3039 1866 3060; x_wconf 96' lang='lat'>,</span> <span class='ocrx_word' id='word_1_860' title='bbox 1884 3017 2012 3064; x_wconf 84' lang='lat' dir='ltr'>quibus</span> <span class='ocrx_word' id='word_1_861' title='bbox 2028 3028 2092 3064; x_wconf 89' lang='lat' dir='ltr'>pro</span> <span class='ocrx_word' id='word_1_862' title='bbox 2112 3017 2308 3052; x_wconf 81' lang='lat' dir='ltr'>incolarum</span> 
     </span>
     <span class='ocr_line' id='line_1_58' title="bbox 253 3059 2197 3107; baseline 0 -9"><span class='ocrx_word' id='word_1_863' title='bbox 253 3073 396 3099; x_wconf 85' lang='lat' dir='ltr'>numero</span> <span class='ocrx_word' id='word_1_864' title='bbox 406 3059 591 3107; x_wconf 62' lang='lat' dir='ltr'>operariis</span> <span class='ocrx_word' id='word_1_865' title='bbox 607 3059 836 3103; x_wconf 81' lang='lat' dir='ltr'>Regularibus</span> <span class='ocrx_word' id='word_1_866' title='bbox 856 3060 1106 3105; x_wconf 87' lang='lat' dir='ltr'>providendum</span> <span class='ocrx_word' id='word_1_867' title='bbox 1123 3060 1200 3096; x_wconf 77' lang='lat' dir='ltr'>effer</span> <span class='ocrx_word' id='word_1_868' title='bbox 1212 3084 1225 3103; x_wconf 93' lang='lat'>,</span> <span class='ocrx_word' id='word_1_869' title='bbox 1250 3062 1387 3098; x_wconf 85' lang='lat' dir='ltr'>deberet</span> <span class='ocrx_word' id='word_1_870' title='bbox 1406 3063 1515 3099; x_wconf 90' lang='lat' dir='ltr'>dividi</span> <span class='ocrx_word' id='word_1_871' title='bbox 1530 3089 1536 3096; x_wconf 96' lang='lat'>.</span> <span class='ocrx_word' id='word_1_872' title='bbox 2057 3087 2061 3093; x_wconf 80' lang='lat'>.</span> <span class='ocrx_word' id='word_1_873' title='bbox 2195 3076 2197 3078; x_wconf 95' lang='lat'>·</span> 
     </span>
    </p>

    <p class='ocr_par' dir='ltr' id='par_1_8' title="bbox 253 3108 2309 3256">
     <span class='ocr_line' id='line_1_59' title="bbox 349 3108 2309 3160; baseline 0 -15"><span class='ocrx_word' id='word_1_874' title='bbox 349 3111 408 3145; x_wconf 86' lang='lat' dir='ltr'>Ad</span> <span class='ocrx_word' id='word_1_875' title='bbox 421 3109 602 3145; x_wconf 89' lang='lat' dir='ltr'>secundum</span> <span class='ocrx_word' id='word_1_876' title='bbox 618 3133 628 3143; x_wconf 62' lang='lat' dir='ltr'>t</span> <span class='ocrx_word' id='word_1_877' title='bbox 653 3108 762 3155; x_wconf 84' lang='lat' dir='ltr'>Qod</span> <span class='ocrx_word' id='word_1_878' title='bbox 775 3131 788 3150; x_wconf 92' lang='lat'>,</span> <span class='ocrx_word' id='word_1_879' title='bbox 813 3120 889 3144; x_wconf 91' lang='lat' dir='ltr'>cum</span> <span class='ocrx_word' id='word_1_880' title='bbox 905 3109 939 3142; x_wconf 90' lang='lat' dir='ltr'>in</span> <span class='ocrx_word' id='word_1_881' title='bbox 961 3119 1029 3144; x_wconf 86' lang='lat' dir='ltr'>ram</span> <span class='ocrx_word' id='word_1_882' title='bbox 1044 3109 1136 3146; x_wconf 78' lang='lat' dir='ltr'>vasto</span> <span class='ocrx_word' id='word_1_883' title='bbox 1150 3120 1254 3152; x_wconf 88' lang='lat' dir='ltr'>regno</span> <span class='ocrx_word' id='word_1_884' title='bbox 1276 3110 1394 3147; x_wconf 89' lang='lat' dir='ltr'>unicus</span> <span class='ocrx_word' id='word_1_885' title='bbox 1410 3112 1692 3160; x_wconf 82' lang='lat' dir='ltr'>Archiepiscopus</span> <span class='ocrx_word' id='word_1_886' title='bbox 1717 3114 1771 3150; x_wconf 87' lang='lat' dir='ltr'>seu</span> <span class='ocrx_word' id='word_1_887' title='bbox 1789 3114 1905 3150; x_wconf 79' lang='lat' dir='ltr'>Pastor</span> <span class='ocrx_word' id='word_1_888' title='bbox 1927 3113 2107 3148; x_wconf 82' lang='lat' dir='ltr'>innumero</span> <span class='ocrx_word' id='word_1_889' title='bbox 2136 3112 2234 3156; x_wconf 72' lang='lat' dir='ltr'>gregi</span> <span class='ocrx_word' id='word_1_890' title='bbox 2252 3124 2309 3156; x_wconf 84' lang='lat' dir='ltr'>pa·</span> 
     </span>
     <span class='ocr_line' id='line_1_60' title="bbox 253 3155 2307 3210; baseline 0 -16"><span class='ocrx_word' id='word_1_891' title='bbox 253 3157 374 3194; x_wconf 82' lang='lat' dir='ltr'>scendo</span> <span class='ocrx_word' id='word_1_892' title='bbox 391 3167 450 3203; x_wconf 85' lang='lat' dir='ltr'>par</span> <span class='ocrx_word' id='word_1_893' title='bbox 476 3167 547 3191; x_wconf 89' lang='lat' dir='ltr'>non</span> <span class='ocrx_word' id='word_1_894' title='bbox 560 3155 645 3191; x_wconf 88' lang='lat' dir='ltr'>soret</span> <span class='ocrx_word' id='word_1_895' title='bbox 660 3179 672 3198; x_wconf 96' lang='lat'>,</span> <span class='ocrx_word' id='word_1_896' title='bbox 696 3159 727 3191; x_wconf 86' lang='lat' dir='ltr'>ei</span> <span class='ocrx_word' id='word_1_897' title='bbox 742 3167 892 3203; x_wconf 88' lang='lat' dir='ltr'>quatuor</span> <span class='ocrx_word' id='word_1_898' title='bbox 914 3156 970 3192; x_wconf 85' lang='lat' dir='ltr'>alii</span> <span class='ocrx_word' id='word_1_899' title='bbox 986 3157 1141 3204; x_wconf 85' lang='lat' dir='ltr'>Episcopi</span> <span class='ocrx_word' id='word_1_900' title='bbox 1155 3156 1295 3204; x_wconf 83' lang='lat' dir='ltr'>adjungi</span> <span class='ocrx_word' id='word_1_901' title='bbox 1320 3159 1497 3204; x_wconf 82' lang='lat' dir='ltr'>(fundatis</span> <span class='ocrx_word' id='word_1_902' title='bbox 1519 3161 1556 3197; x_wconf 90' lang='lat' dir='ltr'>in</span> <span class='ocrx_word' id='word_1_903' title='bbox 1570 3176 1602 3210; x_wconf 90' lang='lat'>4.</span> <span class='ocrx_word' id='word_1_904' title='bbox 1619 3165 1710 3207; x_wconf 87' lang='lat' dir='ltr'>regni</span> <span class='ocrx_word' id='word_1_905' title='bbox 1730 3164 1865 3199; x_wconf 84' lang='lat' dir='ltr'>circulis</span> <span class='ocrx_word' id='word_1_906' title='bbox 1879 3170 1931 3197; x_wconf 91' lang='lat' dir='ltr'>tot</span> <span class='ocrx_word' id='word_1_907' title='bbox 1951 3160 2248 3208; x_wconf 83' lang='lat' dir='ltr'>Episcopatibus)</span> <span class='ocrx_word' id='word_1_908' title='bbox 2273 3161 2307 3195; x_wconf 91' lang='grc'><strong>8(</strong></span> 
     </span>
     <span class='ocr_line' id='line_1_61' title="bbox 254 3203 2145 3256; baseline 0.002 -13"><span class='ocrx_word' id='word_1_909' title='bbox 254 3207 292 3243; x_wconf 85' lang='lat' dir='ltr'>in</span> <span class='ocrx_word' id='word_1_910' title='bbox 306 3206 460 3241; x_wconf 84' lang='lat' dir='ltr'>Civitate</span> <span class='ocrx_word' id='word_1_911' title='bbox 478 3203 632 3248; x_wconf 79' lang='lat' dir='ltr'>Pragenli</span> <span class='ocrx_word' id='word_1_912' title='bbox 658 3206 805 3250; x_wconf 80' lang='lat' dir='ltr'>(praeter</span> <span class='ocrx_word' id='word_1_913' title='bbox 822 3205 1146 3252; x_wconf 76' lang='lat' dir='ltr'>Arcbiepiscopale)</span> <span class='ocrx_word' id='word_1_914' title='bbox 1170 3207 1241 3242; x_wconf 91' lang='lat' dir='ltr'>duo</span> <span class='ocrx_word' id='word_1_915' title='bbox 1254 3206 1319 3243; x_wconf 86' lang='lat' dir='ltr'>alia</span> <span class='ocrx_word' id='word_1_916' title='bbox 1333 3208 1517 3245; x_wconf 85' lang='lat' dir='ltr'>Seminaria</span> <span class='ocrx_word' id='word_1_917' title='bbox 1534 3211 1617 3256; x_wconf 84' lang='lat' dir='ltr'>erigi</span> <span class='ocrx_word' id='word_1_918' title='bbox 1636 3211 1796 3248; x_wconf 81' lang='lat' dir='ltr'>deberent</span> <span class='ocrx_word' id='word_1_919' title='bbox 1813 3235 1822 3246; x_wconf 90' lang='lat'>.</span> <span class='ocrx_word' id='word_1_920' title='bbox 2143 3225 2145 3227; x_wconf 94' lang='lat'>·</span> 
     </span>
    </p>

    <p class='ocr_par' dir='ltr' id='par_1_9' title="bbox 258 3251 2309 3400">
     <span class='ocr_line' id='line_1_62' title="bbox 357 3251 2303 3306; baseline 0.002 -18"><span class='ocrx_word' id='word_1_921' title='bbox 357 3254 413 3289; x_wconf 83' lang='lat' dir='ltr'>Ad</span> <span class='ocrx_word' id='word_1_922' title='bbox 429 3252 564 3286; x_wconf 65' lang='lat' dir='ltr'>tertium</span> <span class='ocrx_word' id='word_1_923' title='bbox 579 3279 587 3288; x_wconf 92' lang='lat'><strong>.</strong></span> <span class='ocrx_word' id='word_1_924' title='bbox 610 3251 722 3299; x_wconf 86' lang='lat' dir='ltr'>Qod</span> <span class='ocrx_word' id='word_1_925' title='bbox 745 3252 832 3288; x_wconf 82' lang='lat' dir='ltr'>bona</span> <span class='ocrx_word' id='word_1_926' title='bbox 850 3253 1165 3301; x_wconf 71' lang='lat' dir='ltr'>Archiepiscopatus</span> <span class='ocrx_word' id='word_1_927' title='bbox 1178 3279 1190 3298; x_wconf 88' lang='lat'>,</span> <span class='ocrx_word' id='word_1_928' title='bbox 1215 3266 1364 3301; x_wconf 88' lang='lat' dir='ltr'>quorum</span> <span class='ocrx_word' id='word_1_929' title='bbox 1380 3257 1632 3295; x_wconf 72' lang='lat' dir='ltr'>restitutionem</span> <span class='ocrx_word' id='word_1_930' title='bbox 1644 3258 1732 3296; x_wconf 62' lang='lat' dir='ltr'>fasta</span> <span class='ocrx_word' id='word_1_931' title='bbox 1751 3258 1822 3306; x_wconf 84' lang='lat' dir='ltr'>jam</span> <span class='ocrx_word' id='word_1_932' title='bbox 1841 3257 2004 3294; x_wconf 84' lang='lat' dir='ltr'>alienatio</span> <span class='ocrx_word' id='word_1_933' title='bbox 2019 3257 2213 3294; x_wconf 75' lang='lat' dir='ltr'>reddidisset</span> <span class='ocrx_word' id='word_1_934' title='bbox 2230 3269 2303 3292; x_wconf 82' lang='lat' dir='ltr'>mo-</span> 
     </span>
     <span class='ocr_line' id='line_1_63' title="bbox 259 3299 2309 3356; baseline 0.001 -18"><span class='ocrx_word' id='word_1_935' title='bbox 259 3301 381 3353; x_wconf 80' lang='lat' dir='ltr'>raliter</span> <span class='ocrx_word' id='word_1_936' title='bbox 389 3299 626 3347; x_wconf 73' lang='lat' dir='ltr'>impossibilem</span> <span class='ocrx_word' id='word_1_937' title='bbox 641 3321 654 3342; x_wconf 91' lang='lat'>,</span> <span class='ocrx_word' id='word_1_938' title='bbox 677 3301 697 3334; x_wconf 67' lang='lat' dir='ltr'>a</span> <span class='ocrx_word' id='word_1_939' title='bbox 709 3299 912 3346; x_wconf 77' lang='lat' dir='ltr'>pientiliirno</span> <span class='ocrx_word' id='word_1_940' title='bbox 930 3303 1136 3348; x_wconf 85' lang='lat' dir='ltr'>lmperatore</span> <span class='ocrx_word' id='word_1_941' title='bbox 1152 3313 1196 3339; x_wconf 82' lang='lat' dir='ltr'>ex</span> <span class='ocrx_word' id='word_1_942' title='bbox 1210 3315 1324 3339; x_wconf 90' lang='lat' dir='ltr'>annuo</span> <span class='ocrx_word' id='word_1_943' title='bbox 1344 3305 1432 3340; x_wconf 74' lang='lat' dir='ltr'>Salis</span> <span class='ocrx_word' id='word_1_944' title='bbox 1445 3317 1613 3352; x_wconf 85' lang='lat' dir='ltr'>proventu</span> <span class='ocrx_word' id='word_1_945' title='bbox 1632 3308 1875 3356; x_wconf 84' lang='lat' dir='ltr'>compensanda</span> <span class='ocrx_word' id='word_1_946' title='bbox 1885 3331 1899 3350; x_wconf 89' lang='lat'>,</span> <span class='ocrx_word' id='word_1_947' title='bbox 1922 3307 1957 3342; x_wconf 92' lang='lat'>&amp;</span> <span class='ocrx_word' id='word_1_948' title='bbox 1969 3308 2141 3342; x_wconf 78' lang='lat' dir='ltr'>annuatim</span> <span class='ocrx_word' id='word_1_949' title='bbox 2155 3305 2259 3342; x_wconf 65' lang='lat' dir='ltr'>dictis</span> <span class='ocrx_word' id='word_1_950' title='bbox 2273 3316 2309 3352; x_wconf 86' lang='lat'>4.</span> 
     </span>
     <span class='ocr_line' id='line_1_64' title="bbox 258 3348 1620 3400; baseline 0.004 -13"><span class='ocrx_word' id='word_1_951' title='bbox 258 3349 450 3399; x_wconf 79' lang='lat' dir='ltr'>Episcopiis</span> <span class='ocrx_word' id='word_1_952' title='bbox 463 3360 500 3384; x_wconf 91' lang='lat' dir='ltr'>ac</span> <span class='ocrx_word' id='word_1_953' title='bbox 513 3348 706 3384; x_wconf 86' lang='lat' dir='ltr'>Seminariis</span> <span class='ocrx_word' id='word_1_954' title='bbox 719 3358 765 3383; x_wconf 81' lang='lat' dir='ltr'>ex</span> <span class='ocrx_word' id='word_1_955' title='bbox 776 3359 820 3384; x_wconf 91' lang='lat' dir='ltr'>eo</span> <span class='ocrx_word' id='word_1_956' title='bbox 833 3357 925 3383; x_wconf 82' lang='lat' dir='ltr'>certa</span> <span class='ocrx_word' id='word_1_957' title='bbox 942 3353 1161 3395; x_wconf 74' lang='lat' dir='ltr'>pecuniarum</span> <span class='ocrx_word' id='word_1_958' title='bbox 1177 3352 1301 3387; x_wconf 87' lang='lat' dir='ltr'>summa</span> <span class='ocrx_word' id='word_1_959' title='bbox 1325 3351 1410 3388; x_wconf 87' lang='lat' dir='ltr'>foret</span> <span class='ocrx_word' id='word_1_960' title='bbox 1425 3355 1597 3400; x_wconf 82' lang='lat' dir='ltr'>pendenda</span> <span class='ocrx_word' id='word_1_961' title='bbox 1611 3381 1620 3391; x_wconf 88' lang='lat'><strong>.</strong></span> 
     </span>
    </p>

    <p class='ocr_par' dir='ltr' id='par_1_10' title="bbox 351 3395 2310 3450">
     <span class='ocr_line' id='line_1_65' title="bbox 351 3395 2310 3450; baseline 0.003 -19"><span class='ocrx_word' id='word_1_962' title='bbox 351 3399 522 3446; x_wconf 81' lang='lat' dir='ltr'>Qrtum</span> <span class='ocrx_word' id='word_1_963' title='bbox 538 3395 775 3434; x_wconf 85' lang='lat' dir='ltr'>Univerlitatis</span> <span class='ocrx_word' id='word_1_964' title='bbox 789 3396 950 3442; x_wconf 67' lang='lat' dir='ltr'>punctum</span> <span class='ocrx_word' id='word_1_965' title='bbox 962 3401 1066 3433; x_wconf 87' lang='lat' dir='ltr'>tenuit</span> <span class='ocrx_word' id='word_1_966' title='bbox 1076 3398 1110 3433; x_wconf 89' lang='lat' dir='ltr'>in</span> <span class='ocrx_word' id='word_1_967' title='bbox 1126 3401 1248 3435; x_wconf 82' lang='lat' dir='ltr'>statera</span> <span class='ocrx_word' id='word_1_968' title='bbox 1260 3399 1746 3450; x_wconf 83' lang='lat' dir='ltr'>suspensum‚praevisum‚felici</span> <span class='ocrx_word' id='word_1_969' title='bbox 1760 3404 1904 3440; x_wconf 75' lang='lat' dir='ltr'>successu</span> <span class='ocrx_word' id='word_1_970' title='bbox 1917 3404 2045 3441; x_wconf 84' lang='lat' dir='ltr'>certius</span> <span class='ocrx_word' id='word_1_971' title='bbox 2065 3401 2310 3449; x_wconf 79' lang='lat' dir='ltr'>praejudicium.</span> 
     </span>
    </p>

    <p class='ocr_par' dir='ltr' id='par_1_11' title="bbox 261 3444 2312 3869">
     <span class='ocr_line' id='line_1_66' title="bbox 355 3444 2309 3500; baseline 0.002 -18"><span class='ocrx_word' id='word_1_972' title='bbox 355 3446 463 3482; x_wconf 76' lang='lat' dir='ltr'>Fuere</span> <span class='ocrx_word' id='word_1_973' title='bbox 476 3444 614 3493; x_wconf 90' lang='lat' dir='ltr'>quidem</span> <span class='ocrx_word' id='word_1_974' title='bbox 630 3445 819 3490; x_wconf 83' lang='lat' dir='ltr'>Regulares</span> <span class='ocrx_word' id='word_1_975' title='bbox 832 3446 988 3481; x_wconf 90' lang='lat' dir='ltr'>nonnulli</span> <span class='ocrx_word' id='word_1_976' title='bbox 1003 3469 1016 3489; x_wconf 91' lang='lat'>,</span> <span class='ocrx_word' id='word_1_977' title='bbox 1040 3446 1100 3492; x_wconf 90' lang='lat' dir='ltr'>qui</span> <span class='ocrx_word' id='word_1_978' title='bbox 1114 3457 1221 3483; x_wconf 83' lang='lat' dir='ltr'>totam</span> <span class='ocrx_word' id='word_1_979' title='bbox 1240 3447 1509 3488; x_wconf 83' lang='lat' dir='ltr'>Reformationis</span> <span class='ocrx_word' id='word_1_980' title='bbox 1522 3454 1704 3491; x_wconf 77' lang='lat' dir='ltr'>machinam</span> <span class='ocrx_word' id='word_1_981' title='bbox 1723 3453 1849 3500; x_wconf 86' lang='lat' dir='ltr'>absque</span> <span class='ocrx_word' id='word_1_982' title='bbox 1869 3453 2013 3488; x_wconf 87' lang='lat' dir='ltr'>aliorum</span> <span class='ocrx_word' id='word_1_983' title='bbox 2028 3451 2207 3487; x_wconf 86' lang='lat' dir='ltr'>consortio</span> <span class='ocrx_word' id='word_1_984' title='bbox 2226 3451 2262 3486; x_wconf 91' lang='lat' dir='ltr'>in</span> <span class='ocrx_word' id='word_1_985' title='bbox 2277 3450 2309 3486; x_wconf 87' lang='lat' dir='ltr'>se</span> 
     </span>
     <span class='ocr_line' id='line_1_67' title="bbox 261 3493 2312 3551; baseline 0.002 -22"><span class='ocrx_word' id='word_1_986' title='bbox 261 3493 424 3551; x_wconf 68' lang='lat' dir='ltr'>suscipere</span> <span class='ocrx_word' id='word_1_987' title='bbox 438 3519 449 3535; x_wconf 91' lang='lat'>‚</span> <span class='ocrx_word' id='word_1_988' title='bbox 472 3494 507 3530; x_wconf 81' lang='grc'>8(</span> <span class='ocrx_word' id='word_1_989' title='bbox 521 3494 734 3550; x_wconf 47' lang='lat' dir='ltr'>ext-pecuniis</span> <span class='ocrx_word' id='word_1_990' title='bbox 746 3493 779 3529; x_wconf 87' lang='grc'><strong>8(</strong></span> <span class='ocrx_word' id='word_1_991' title='bbox 796 3494 898 3530; x_wconf 87' lang='lat' dir='ltr'>bonis</span> <span class='ocrx_word' id='word_1_992' title='bbox 911 3496 930 3529; x_wconf 71' lang='lat' dir='ltr'>a</span> <span class='ocrx_word' id='word_1_993' title='bbox 946 3494 1058 3539; x_wconf 84' lang='lat' dir='ltr'>Regia</span> <span class='ocrx_word' id='word_1_994' title='bbox 1070 3494 1214 3531; x_wconf 88' lang='lat' dir='ltr'>Camera</span> <span class='ocrx_word' id='word_1_995' title='bbox 1227 3496 1261 3531; x_wconf 90' lang='lat' dir='ltr'>in</span> <span class='ocrx_word' id='word_1_996' title='bbox 1274 3497 1579 3542; x_wconf 84' lang='lat' dir='ltr'>compensationem</span> <span class='ocrx_word' id='word_1_997' title='bbox 1595 3502 1818 3550; x_wconf 68' lang='lat' dir='ltr'>supradistam</span> <span class='ocrx_word' id='word_1_998' title='bbox 1832 3502 1917 3539; x_wconf 73' lang='lat' dir='ltr'>alias</span> <span class='ocrx_word' id='word_1_999' title='bbox 1930 3500 2152 3544; x_wconf 74' lang='lat' dir='ltr'>erogandis,-</span> <span class='ocrx_word' id='word_1_1000' title='bbox 2164 3508 2217 3534; x_wconf 89' lang='lat' dir='ltr'>tot</span> <span class='ocrx_word' id='word_1_1001' title='bbox 2230 3501 2312 3534; x_wconf 88' lang='lat' dir='ltr'>Col-</span> 
     </span>
     <span class='ocr_line' id='line_1_68' title="bbox 264 3542 2311 3599; baseline 0.001 -22"><span class='ocrx_word' id='word_1_1002' title='bbox 264 3543 355 3586; x_wconf 72' lang='lat' dir='ltr'>legta</span> <span class='ocrx_word' id='word_1_1003' title='bbox 367 3542 401 3578; x_wconf 87' lang='grc'><strong>8(</strong></span> <span class='ocrx_word' id='word_1_1004' title='bbox 410 3542 599 3599; x_wconf 60' lang='lat' dir='ltr'>§eminam</span> <span class='ocrx_word' id='word_1_1005' title='bbox 617 3553 746 3587; x_wconf 75' lang='lat' dir='ltr'>erigere</span> <span class='ocrx_word' id='word_1_1006' title='bbox 759 3542 971 3589; x_wconf 86' lang='lat' dir='ltr'>spondebant</span> <span class='ocrx_word' id='word_1_1007' title='bbox 988 3555 1001 3584; x_wconf 87' lang='lat'>;</span> <span class='ocrx_word' id='word_1_1008' title='bbox 1025 3553 1060 3578; x_wconf 88' lang='lat' dir='ltr'>at</span> <span class='ocrx_word' id='word_1_1009' title='bbox 1073 3566 1087 3586; x_wconf 90' lang='lat'>‚</span> <span class='ocrx_word' id='word_1_1010' title='bbox 1112 3544 1193 3579; x_wconf 89' lang='lat' dir='ltr'>dum</span> <span class='ocrx_word' id='word_1_1011' title='bbox 1205 3543 1286 3579; x_wconf 75' lang='lat' dir='ltr'>exin</span> <span class='ocrx_word' id='word_1_1012' title='bbox 1311 3545 1329 3591; x_wconf 89' lang='lat'><strong>(</strong></span> <span class='ocrx_word' id='word_1_1013' title='bbox 1345 3556 1458 3590; x_wconf 63' lang='lat' dir='ltr'>preter</span> <span class='ocrx_word' id='word_1_1014' title='bbox 1470 3549 1538 3586; x_wconf 81' lang='lat' dir='ltr'>alia</span> <span class='ocrx_word' id='word_1_1015' title='bbox 1556 3551 1800 3595; x_wconf 88' lang='lat' dir='ltr'>incommoda)</span> <span class='ocrx_word' id='word_1_1016' title='bbox 1827 3549 2086 3595; x_wconf 83' lang='lat' dir='ltr'>Episcopatuum</span> <span class='ocrx_word' id='word_1_1017' title='bbox 2099 3547 2311 3584; x_wconf 65' lang='lat' dir='ltr'>erefiiionem</span> 
     </span>
     <span class='ocr_line' id='line_1_69' title="bbox 262 3586 2311 3646; baseline 0.003 -23"><span class='ocrx_word' id='word_1_1018' title='bbox 262 3589 423 3646; x_wconf 25' lang='lat' dir='ltr'>sup-prim·</span> <span class='ocrx_word' id='word_1_1019' title='bbox 437 3586 645 3627; x_wconf 83' lang='lat' dir='ltr'>Valerianus</span> <span class='ocrx_word' id='word_1_1020' title='bbox 668 3590 895 3632; x_wconf 80' lang='lat' dir='ltr'>advertebat,</span> <span class='ocrx_word' id='word_1_1021' title='bbox 922 3589 1019 3627; x_wconf 88' lang='lat' dir='ltr'>fortis</span> <span class='ocrx_word' id='word_1_1022' title='bbox 1033 3592 1153 3628; x_wconf 87' lang='lat' dir='ltr'>restitit</span> <span class='ocrx_word' id='word_1_1023' title='bbox 1171 3615 1184 3635; x_wconf 95' lang='lat'>,</span> <span class='ocrx_word' id='word_1_1024' title='bbox 1211 3592 1431 3640; x_wconf 84' lang='lat' dir='ltr'>articulisque</span> <span class='ocrx_word' id='word_1_1025' title='bbox 1445 3620 1458 3639; x_wconf 92' lang='lat'>,</span> <span class='ocrx_word' id='word_1_1026' title='bbox 1471 3598 1491 3631; x_wconf 75' lang='grc' dir='ltr'>ἐι</span> <span class='ocrx_word' id='word_1_1027' title='bbox 1511 3599 1603 3636; x_wconf 75' lang='lat' dir='ltr'>sacr.</span> <span class='ocrx_word' id='word_1_1028' title='bbox 1627 3599 1908 3644; x_wconf 78' lang='lat' dir='ltr'>congregatione</span> <span class='ocrx_word' id='word_1_1029' title='bbox 1931 3598 1973 3633; x_wconf 87' lang='lat' dir='ltr'>de</span> <span class='ocrx_word' id='word_1_1030' title='bbox 1998 3597 2215 3642; x_wconf 82' lang='lat' dir='ltr'>propaganda</span> <span class='ocrx_word' id='word_1_1031' title='bbox 2232 3595 2311 3631; x_wconf 77' lang='lat' dir='ltr'>Fide</span> 
     </span>
     <span class='ocr_line' id='line_1_70' title="bbox 264 3636 2311 3684; baseline 0.002 -13"><span class='ocrx_word' id='word_1_1032' title='bbox 264 3636 476 3680; x_wconf 70' lang='lat' dir='ltr'>turbabitis,</span> <span class='ocrx_word' id='word_1_1033' title='bbox 489 3650 565 3674; x_wconf 87' lang='lat' dir='ltr'>cum</span> <span class='ocrx_word' id='word_1_1034' title='bbox 579 3639 699 3675; x_wconf 87' lang='lat' dir='ltr'>eodem</span> <span class='ocrx_word' id='word_1_1035' title='bbox 714 3639 978 3675; x_wconf 83' lang='lat' dir='ltr'>Eminentiffimo</span> <span class='ocrx_word' id='word_1_1036' title='bbox 994 3641 1180 3676; x_wconf 84' lang='lat' dir='ltr'>Cardinale</span> <span class='ocrx_word' id='word_1_1037' title='bbox 1198 3640 1338 3684; x_wconf 78' lang='lat' dir='ltr'>Pragam</span> <span class='ocrx_word' id='word_1_1038' title='bbox 1352 3644 1507 3682; x_wconf 84' lang='lat' dir='ltr'>reversus</span> <span class='ocrx_word' id='word_1_1039' title='bbox 1518 3647 1565 3682; x_wconf 83' lang='lat' dir='ltr'>est</span> <span class='ocrx_word' id='word_1_1040' title='bbox 1582 3671 1593 3681; x_wconf 89' lang='lat'><strong><em>.</em></strong></span> <span class='ocrx_word' id='word_1_1041' title='bbox 1619 3647 1751 3682; x_wconf 81' lang='lat' dir='ltr'>Sedulo</span> <span class='ocrx_word' id='word_1_1042' title='bbox 1763 3646 1815 3680; x_wconf 88' lang='lat' dir='ltr'>bic</span> <span class='ocrx_word' id='word_1_1043' title='bbox 1837 3647 1871 3681; x_wconf 87' lang='grc'><strong>8(</strong></span> <span class='ocrx_word' id='word_1_1044' title='bbox 1884 3645 2031 3681; x_wconf 84' lang='lat' dir='ltr'>feliciter</span> <span class='ocrx_word' id='word_1_1045' title='bbox 2049 3645 2237 3681; x_wconf 82' lang='lat' dir='ltr'>Ministerio</span> <span class='ocrx_word' id='word_1_1046' title='bbox 2252 3644 2311 3677; x_wconf 86' lang='lat' dir='ltr'>luo</span> 
     </span>
     <span class='ocr_line' id='line_1_71' title="bbox 265 3684 2310 3736; baseline 0.002 -16"><span class='ocrx_word' id='word_1_1047' title='bbox 265 3684 475 3731; x_wconf 82' lang='lat' dir='ltr'>Apostolico</span> <span class='ocrx_word' id='word_1_1048' title='bbox 492 3686 667 3732; x_wconf 86' lang='lat' dir='ltr'>incubuit,</span> <span class='ocrx_word' id='word_1_1049' title='bbox 688 3687 723 3723; x_wconf 83' lang='grc'>8(</span> <span class='ocrx_word' id='word_1_1050' title='bbox 752 3688 936 3734; x_wconf 87' lang='lat' dir='ltr'>interprete</span> <span class='ocrx_word' id='word_1_1051' title='bbox 951 3689 1247 3725; x_wconf 77' lang='lat' dir='ltr'>Reverendtffimo</span> <span class='ocrx_word' id='word_1_1052' title='bbox 1269 3688 1452 3736; x_wconf 84' lang='lat' dir='ltr'>D·Joanne</span> <span class='ocrx_word' id='word_1_1053' title='bbox 1473 3695 1612 3729; x_wconf 80' lang='lat' dir='ltr'>Ernesto</span> <span class='ocrx_word' id='word_1_1054' title='bbox 1641 3693 1778 3729; x_wconf 80' lang='lat' dir='ltr'>Platilio</span> <span class='ocrx_word' id='word_1_1055' title='bbox 1793 3717 1805 3734; x_wconf 90' lang='lat'>,</span> <span class='ocrx_word' id='word_1_1056' title='bbox 1830 3705 1909 3729; x_wconf 87' lang='lat' dir='ltr'>tunc</span> <span class='ocrx_word' id='word_1_1057' title='bbox 1925 3692 2076 3730; x_wconf 68' lang='lat' dir='ltr'>Ecclesia</span> <span class='ocrx_word' id='word_1_1058' title='bbox 2091 3692 2310 3728; x_wconf 76' lang='lat' dir='ltr'>cathedralis</span> 
     </span>
     <span class='ocr_line' id='line_1_72' title="bbox 265 3733 2310 3788; baseline 0.001 -21"><span class='ocrx_word' id='word_1_1059' title='bbox 265 3733 506 3771; x_wconf 78' lang='lat' dir='ltr'>olomucensis</span> <span class='ocrx_word' id='word_1_1060' title='bbox 519 3735 692 3770; x_wconf 79' lang='lat' dir='ltr'>canonico</span> <span class='ocrx_word' id='word_1_1061' title='bbox 708 3757 721 3778; x_wconf 92' lang='lat'>,</span> <span class='ocrx_word' id='word_1_1062' title='bbox 746 3740 778 3771; x_wconf 83' lang='lat'>&amp;</span> <span class='ocrx_word' id='word_1_1063' title='bbox 792 3735 908 3781; x_wconf 86' lang='lat' dir='ltr'>postea</span> <span class='ocrx_word' id='word_1_1064' title='bbox 922 3735 998 3783; x_wconf 84' lang='lat' dir='ltr'>ejus</span> <span class='ocrx_word' id='word_1_1065' title='bbox 1013 3737 1180 3785; x_wconf 85' lang='lat' dir='ltr'>Episcopo</span> <span class='ocrx_word' id='word_1_1066' title='bbox 1193 3760 1206 3779; x_wconf 96' lang='lat'>,</span> <span class='ocrx_word' id='word_1_1067' title='bbox 1230 3746 1295 3771; x_wconf 90' lang='lat' dir='ltr'>nec</span> <span class='ocrx_word' id='word_1_1068' title='bbox 1309 3747 1379 3772; x_wconf 86' lang='lat' dir='ltr'>non</span> <span class='ocrx_word' id='word_1_1069' title='bbox 1397 3739 1516 3776; x_wconf 85' lang='lat' dir='ltr'>&amp;aliis</span> <span class='ocrx_word' id='word_1_1070' title='bbox 1530 3741 1624 3778; x_wconf 86' lang='lat' dir='ltr'>Viris</span> <span class='ocrx_word' id='word_1_1071' title='bbox 1645 3741 1826 3786; x_wconf 84' lang='lat' dir='ltr'>Religiolis</span> <span class='ocrx_word' id='word_1_1072' title='bbox 1836 3742 2130 3782; x_wconf 84' lang='lat' dir='ltr'>concurrentibus,</span> <span class='ocrx_word' id='word_1_1073' title='bbox 2146 3739 2310 3788; x_wconf 84' lang='lat' dir='ltr'>plurimos</span> 
     </span>
     <span class='ocr_line' id='line_1_73' title="bbox 264 3781 2311 3869; baseline 0 -50"><span class='ocrx_word' id='word_1_1074' title='bbox 264 3783 308 3819; x_wconf 76' lang='lat' dir='ltr'>ad</span> <span class='ocrx_word' id='word_1_1075' title='bbox 325 3781 552 3820; x_wconf 71' lang='lat' dir='ltr'>Orthodoxoe</span> <span class='ocrx_word' id='word_1_1076' title='bbox 568 3782 651 3820; x_wconf 78' lang='lat' dir='ltr'>fidei</span> <span class='ocrx_word' id='word_1_1077' title='bbox 659 3785 855 3831; x_wconf 79' lang='lat' dir='ltr'>amplexum</span> <span class='ocrx_word' id='word_1_1078' title='bbox 870 3784 975 3822; x_wconf 74' lang='lat' dir='ltr'>duxit</span> <span class='ocrx_word' id='word_1_1079' title='bbox 995 3798 1004 3822; x_wconf 72' lang='grc' dir='ltr'><strong>ε</strong></span> <span class='ocrx_word' id='word_1_1080' title='bbox 1031 3786 1145 3823; x_wconf 81' lang='lat' dir='ltr'>Edidit</span> <span class='ocrx_word' id='word_1_1081' title='bbox 1159 3787 1193 3822; x_wconf 87' lang='grc'>8(</span> <span class='ocrx_word' id='word_1_1082' title='bbox 1207 3783 1253 3823; x_wconf 80' lang='lat' dir='ltr'>ibi</span> <span class='ocrx_word' id='word_1_1083' title='bbox 1267 3784 1407 3833; x_wconf 86' lang='lat' dir='ltr'>publico</span> <span class='ocrx_word' id='word_1_1084' title='bbox 1426 3797 1614 3836; x_wconf 82' lang='lat' dir='ltr'>typo-anno</span> <span class='ocrx_word' id='word_1_1085' title='bbox 1634 3789 1734 3827; x_wconf 81' lang='lat'>1628.</span> <span class='ocrx_word' id='word_1_1086' title='bbox 1747 3792 1914 3828; x_wconf 81' lang='lat' dir='ltr'>celebrem</span> <span class='ocrx_word' id='word_1_1087' title='bbox 1943 3791 1982 3828; x_wconf 82' lang='lat' dir='ltr'>de</span> <span class='ocrx_word' id='word_1_1088' title='bbox 1996 3789 2144 3837; x_wconf 83' lang='lat' dir='ltr'>absurda</span> <span class='ocrx_word' id='word_1_1089' title='bbox 2160 3785 2311 3869; x_wconf 68' lang='lat' dir='ltr'>Alcatho-</span> 
     </span>
    </p>

    <p class='ocr_par' dir='ltr' id='par_1_12' title="bbox 2205 3844 2270 3869">
     <span class='ocr_line' id='line_1_74' title="bbox 2205 3844 2270 3869; baseline -0.062 0"><span class='ocrx_word' id='word_1_1090' title='bbox 2205 3844 2270 3869; x_wconf 73' lang='lat' dir='ltr'>sco.</span> 
     </span>
    </p>
   </div>
  </div>
 </body>
</html>
