2658 4256
980 200 1620 320 Tyrolensts.

269 342 430 401 Eidem
446 334 1116 396 Gabrieli,munusconfeffarii
1132 339 1270 408 Regi-

251 437 253 439 ·
331 408 901 477 naeHispaniarum,Mariae
917 413 1056 458 Annae
1068 410 1269 459 laudabi-

331 482 437 530 liter
466 481 521 529 ab
542 498 596 529 eo
623 477 879 547 susceptum
893 476 1003 536 effe,
1046 477 1263 529 rescribit.

258 619 296 662 A
314 626 457 674 tergo:
475 620 628 662 Dilcho
641 619 759 668 Filio,
774 617 954 660 Gabrieli
967 616 1018 658 ab
1029 615 1266 671 Augustam}

321 677 539 735 Glaust'trts,
555 680 709 721 Ordinis
721 678 802 719 FF.
815 679 1018 718 Minorum
1033 677 1206 718 §.Fran-

373 734 465 794 cisti
490 740 774 791 Capacinorum
800 745 1111 786 nuncupatorum
1129 762 1146 784 ,

427 795 586 852 chInae
610 793 820 836 Catholicae
834 790 1086 849 Confi-ffirm-

257 910 871 963 INNOCENTIUS
909 910 1078 958 PAPA
1126 912 1250 959 XII.

371 1037 524 1084 Dllebi‘c
539 1037 625 1082 Fili
632 1035 805 1090 salutem
825 1034 874 1082 ὅ
889 1035 1143 1091 Apostolicam

598 1093 919 1137 Benediffloncm.

361 1213 441 1256 Am
466 1210 658 1268 religiosae
685 1211 900 1266 probitatis
919 1240 933 1262 ,
965 1225 1011 1254 ac
1036 1209 1259 1267 prudentiae

383 1271 545 1315 laudem
559 1272 598 1312 in
611 1270 802 1313 obeundo
815 1269 1199 1325 apudchariffimam
1218 1268 1256 1309 in

256 1330 420 1373 Christo
436 1331 576 1373 Filiam
592 1331 758 1372 nostram
773 1356 787 1380 ,
798 1330 966 1371 Mariam
978 1331 1135 1371 Annam
1149 1356 1163 1379 ,
1178 1328 1254 1369 Hi-

253 1390 474 1443 spaniarum
487 1390 685 1443 Reginam
699 1417 716 1437 ,
737 1386 978 1430 Confeffarii
990 1401 1159 1430 munere
1181 1387 1252 1427 Ti-

214 1477 217 1479 -
253 1447 294 1487 bi
320 1447 518 1503 hucusque
543 1446 776 1502 comparasti
793 1474 808 1497 ,
832 1457 903 1496 ut,
927 1445 1038 1500 quod
1057 1450 1251 1501 gratum.)

179 1545 182 1546 γ
254 1505 476 1547 Catholico
489 1506 593 1560 Regi
609 1534 623 1556 ,
649 1505 765 1560 ipsius
790 1505 896 1558 apud
921 1507 1006 1547 Nos
1031 1507 1250 1547 Oratore,

252 1573 524 1619 praemonente
548 1594 563 1615 ,
596 1562 684 1605 fore
711 1564 892 1608 novimus
920 1591 934 1613 ,
965 1562 1004 1604 id
1037 1573 1249 1618 acceptum

252 1623 409 1677 pariter
426 1624 552 1665 Nobis
564 1620 744 1663 futurum
758 1619 833 1663 effe
844 1624 982 1663 harum
996 1620 1094 1663 serie
1111 1619 1251 1677 fignifi-

254 1679 426 1723 candum
459 1681 551 1722 Tibi
577 1680 835 1730 duxerimus,
869 1679 892 1720 fi
923 1679 1113 1722 videlicet
1140 1682 1250 1733 pium

253 1752 301 1780 ac
337 1739 525 1781 eximium
564 1737 784 1793 hujusmondi
812 1738 1075 1779 Ministerium
1114 1735 1249 1792 prose-r

253 1797 415 1852 quendo
436 1796 693 1839 benemereri
719 1794 760 1835 in
785 1795 871 1836 dies
896 1794 1000 1850 apud
1027 1798 1154 1837 Deum
1171 1825 1186 1845 ‚
1213 1795 1251 1835 &

246 1856 434 1897 homines
454 1868 620 1910 pergas.
650 1855 851 1894 Caeterum
866 1883 881 1904 ,
908 1853 1251 1910 quemadmodum

253 1914 391 1969 Regiae
408 1913 607 1956 voluntati
621 1910 895 1954 obsecundare
912 1913 1105 1967 praecipue
1123 1912 1252 1954 Nobis

258 1972 372 2014 cordi
396 1971 476 2022 est,
504 1973 560 2013 ita
584 1971 760 2013 libenter
786 1970 1012 2014 occasiones
1034 1971 1252 2027 amplecte-

253 2044 369 2082 mur,
393 2030 589 2081 testandi,
611 2042 691 2084 quo
705 2031 764 2070 Te
799 2029 837 2070 in
863 2043 1026 2079 amore,
1050 2045 1093 2071 ac
1121 2029 1252 2072 existi·

254 2088 433 2130 matione
461 2089 695 2137 habeamus,
726 2086 820 2128 dum
839 2089 960 2138 Tibi,
985 2087 1129 2131 dilecte
1147 2088 1252 2139 Fili,

254 2146 528 2201 Apostolicam
550 2145 875 2189 Benedidtionem
901 2158 1154 2202 peramanter
1185 2147 1257 2188 im-

255 2204 478 2261 pertimur.

314 2263 464 2304 Datum
491 2265 630 2305 Romae
653 2261 757 2317 apud
785 2266 825 2306 S.
851 2263 1017 2307 Mariam
1049 2265 1253 2321 Majorem

259 2319 330 2362 sub
345 2321 512 2363 Annulo
527 2318 738 2363 Piscatoris
752 2348 767 2371 ,
790 2322 858 2364 die
882 2323 1039 2367 decima
1061 2338 1161 2367 nona
1182 2328 1255 2367 Fe-

260 2378 405 2422 bruarii
422 2393 552 2423 mocc.
567 2377 829 2424 Pontificatus
848 2382 966 2424 nostri
993 2385 1112 2425 Anno
1134 2396 1255 2424 nono.

482 2494 637 2552 Ulyffes
647 2497 790 2554 Jofeph
806 2499 1061 2542 Gozzadinus
1075 2503 1228 2543 Secret.

311 2616 455 2669 Autog.
467 2616 510 2657 in
524 2617 665 2656 Secret.
678 2618 793 2656 Brev.
810 2614 859 2657 ad
872 2615 1082 2673 Principes
1111 2615 1257 2674 regesto

365 2672 481 2730 meust
497 2673 545 2720 θ’
558 2675 655 2715 anm·
667 2674 798 2727 praed.
810 2668 856 2730 f.
867 2688 960 2719 222.

251 2779 1257 2809 .——'-—-———-—-—-

253 2851 394 2900 Circa
422 2848 619 2898 eundem
651 2853 726 2897 Fr.
744 2850 1008 2900 Gabrielem
1044 2872 1095 2902 ea
1112 2888 1127 2910 ,
1157 2850 1255 2919 quae

323 2919 675 2986 tranquillitati,
700 2936 752 2966 ac
770 2917 922 2966 decori
941 2920 1225 2970 consulerent
1241 2957 1257 2978 ,

318 2987 555 3038 statuenda
588 2986 669 3037 effe
696 3023 712 3045 ,
748 2987 895 3037 eidem
925 2986 1253 3056 Hispaniarum

319 3061 540 3127 Reginae,
567 3055 788 3127 fignificat
808 3094 820 3106 .

247 3187 292 3229 JA
308 3197 449 3240 tergo:
483 3183 717 3242 Charffmae
740 3188 785 3226 in
802 3183 950 3240 Christo
967 3186 1081 3227 Filia·
1093 3185 1231 3242 nostrae
1244 3215 1258 3239 ,

366 3247 517 3287 Mariae
530 3248 671 3293 Annae,
701 3243 1146 3299 HispaniarumReginae

569 3302 779 3344 Catholicae
806 3302 934 3345 Vidua:
948 3329 960 3342 .

254 3422 727 3473 CLEMENS
817 3420 1040 3468 PAPA
1133 3421 1256 3468 XI.
1321 3415 1323 3417 ’

248 3546 488 3604 2Chart'ffima
518 3552 559 3590 in
584 3545 733 3602 Chrsso
761 3547 870 3591 Filia
901 3544 1031 3601 nostra
1049 3544 1226 3603 salutem
1245 3574 1260 3598 ,

427 3607 475 3655 b·
489 3605 744 3664 Apostolicam
760 3604 1063 3648 Benediffiomm
1074 3633 1086 3646 .

375 3721 417 3762 Bi
441 3721 609 3776 primum
624 3723 838 3766 Pontificio
867 3735 1030 3764 munere
1059 3720 1163 3762 aucti
1191 3719 1254 3763 su-

254 3723 359 3837 U
390 3780 690 3836 mus,explicari
705 3782 933 3842 curavimus
945 3779 1143 3838 Majestati
1158 3780 1254 3822 Tuae

1329 337 1644 392 magnitudinem
1670 336 1851 388 paternae
1868 333 2006 377 nostrae
2019 336 2228 379 charitatis
2243 368 2258 389 ,
2282 357 2327 383 ae

1327 396 1550 450 diligenter
1563 391 1716 447 egimus
1731 418 1744 440 ,
1778 401 1822 432 ut
1836 406 2016 449 congrua
2030 394 2239 448 dignitatis
2255 408 2328 440 tuae

1327 455 1432 496 ratio
1457 454 1672 496 haberetur
1688 477 1703 499 ,
1731 458 1850 504 atque
1881 460 1979 493 tunc
2005 453 2178 494 maxime
2196 482 2209 503 ,
2234 468 2328 496 cum

1326 512 1460 555 amilio
1479 514 1592 566 Rege
1610 506 1797 564 Conjuge
1811 535 1825 557 ,
1851 509 2086 552 validiffimo
2099 509 2188 553 sane
2200 516 2329 567 praest-

1326 571 1422 620 dio,
1454 566 1752 611 destituebaris.
1783 566 1915 623 Qam
1928 570 2093 622 quidem
2125 570 2329 616 nostram,

1325 641 1419 682 erga
1438 629 1499 669 Te
1515 625 1769 669 voluntatem
1795 624 2080 679 amplioribus,
2108 629 2175 670 ubi
2191 643 2254 671 res
2268 631 2329 671 fe-

1324 695 1416 733 ret,
1447 683 1797 739 significationibus
1821 682 1977 725 testatri
2001 688 2128 739 parati
2157 687 2321 739 sumuS,

1322 751 1366 785 ut
1389 742 1539 784 nedum
1573 742 1705 792 Tibi,
1740 738 1809 782 sed
1844 742 2024 785 omnibus
2064 745 2323 797 innotescat,

1319 800 1458 856 quanti
1480 801 1656 855 egregias
1673 809 1760 842 tuas
1776 799 1947 840 virtutes
1964 829 1977 851 ,
2003 811 2220 859 ceteraque
2237 813 2326 846 tum

1319 858 1499 913 gradus,
1525 868 1607 899 tum
1635 858 1756 901 animi
1785 857 1843 899 tui
1873 859 2063 912 praeclara
2085 873 2326 905 ornamenta

1319 915 1511 959 faciamus
1526 947 1537 958 .
1571 919 1658 958 Nec
1675 916 1849 959 alienum
1865 916 1914 958 ab
1931 918 2006 958 hoc
2022 919 2156 961 nostro
2174 934 2328 975 propo-

1319 975 1391 1017 sno
1405 973 1483 1017 effe
1504 983 1624 1028 putes
1649 974 1690 1016 id
1706 1001 1719 1023 ‚
1741 974 1850 1029 quod
1870 974 2075 1017 statuimus
2102 978 2208 1019 circa
2228 980 2329 1021 Per-

1316 1034 1448 1077 sonam
1467 1033 1603 1075 dilecti
1622 1032 1925 1087 Filii,Religi0fi
1942 1033 2252 1080 Viri,Gabrielis
2277 1038 2328 1079 ab

1319 1092 1558 1147 Augustanis
1588 1091 1779 1137 clausuris
1803 1121 1816 1143 ,
1850 1089 2088 1135 Confeffarii
2116 1094 2175 1134 tui
2200 1121 2214 1144 ,
2246 1095 2328 1135 imo

1319 1150 1543 1207 persuasum
1560 1151 1652 1192 Tibi
1667 1151 1832 1193 omnino
1849 1146 1923 1192 effe
1941 1150 2123 1193 volumus
2138 1180 2151 1202 ,
2178 1155 2265 1193 Nos
2286 1153 2328 1194 in

1318 1225 1363 1252 ea
1411 1209 1708 1252 deliberatione
1756 1207 2000 1264 suscipienda
2043 1207 2328 1265 tranquillitati

1318 1270 1531 1312 nonminus
1550 1268 1670 1325 quam
1684 1267 1823 1309 decori
1842 1278 1915 1311 tuo
1929 1267 2166 1312 consuluisse
2179 1297 2189 1309 .
2201 1268 2330 1324 Quod

1318 1326 1345 1368 fi
1361 1327 1513 1383 aliquid
1530 1341 1574 1369 ea
1591 1329 1628 1368 in
1645 1342 1687 1370 re
1705 1328 1965 1373 commodum
1982 1327 2205 1369 rationibus
2222 1329 2299 1369 tuis
2313 1354 2328 1378 ‚

1312 1400 1358 1429 ac
1376 1387 1481 1429 votis
1506 1383 2001 1437 consentaneumbefficere
2023 1385 2131 1442 poffe
2149 1387 2330 1435 censebi-

1313 1459 1423 1497 mus,
1450 1444 1488 1486 id
1510 1445 1649 1486 libenti
1667 1446 1803 1486 animo
1826 1445 2118 1501 praestabimus,
2143 1445 2330 1499 &Maje-

1312 1503 1397 1546 stati
1418 1505 1541 1554 Tuae,
1568 1504 1635 1545 cui
1658 1506 1820 1546 uberem
1842 1506 1866 1546 ὲ
1886 1506 1981 1543 Deo
2006 1502 2327 1544 consolationem

1312 1576 1539 1617 precamur,
1556 1561 1827 1616 Apostolicam
1844 1560 2174 1603 Benedictionem
2187 1575 2327 1604 aman-

1310 1620 1450 1662 tiffime
1475 1619 1732 1673 impertimur
1748 1647 1760 1658 .

1373 1681 1522 1720 Datum
1539 1677 1682 1717 Romae
1705 1674 1809 1730 apud
1837 1679 1878 1719 S.
1896 1678 2065 1720 Mariam
2090 1678 2329 1730 Maiorem-³

1311 1734 1382 1778 sub
1407 1734 1571 1778 Annulo
1597 1733 1811 1777 Piscatoris
1835 1765 1850 1785 ,
1887 1736 1954 1778 die
1986 1738 2124 1792 quinta
2149 1739 2327 1780 Februa·

1313 1795 1362 1836 rii
1393 1808 1426 1836 M
1443 1807 1544 1835 occ
1568 1806 1582 1834 1
1608 1806 1640 1834 1.
1670 1791 1935 1837 Pontificatus
1962 1795 2083 1837 nostri
2112 1798 2235 1837 Anno
2269 1793 2331 1838 sei

1315 1851 1476 1896 cundo.

1430 1967 1743 2026 UlyffesJoseph
1759 1971 2051 2022 Gozzadinus‚
2070 1971 2265 2026 Archiep.

1550 2028 1806 2082 Theodofiae,
1817 2029 2091 2073 secretarius.

1377 2149 1522 2202 Autog.
1546 2147 1589 2189 in
1617 2151 1760 2190 secret.
1786 2153 1903 2190 Brev.
1933 2148 1982 2190 ad
2012 2148 2226 2205 Principes
2249 2163 2330 2204 reg.

1433 2204 1550 2262 mens-⁸
1561 2205 1615 2257 &⁴
1628 2208 1855 2260 anm'praed.
1867 2207 1951 2267 fol.
1970 2208 2068 2251 266.

1318 2443 1564 2491 Dolentem
1594 2440 1652 2490 de
1686 2446 1762 2491 Fr.
1781 2441 2010 2492 Gabrielis
2027 2441 2216 2492 disceffu
2240 2443 2329 2492 Hi-

1387 2509 1645 2579 spaniarum
1664 2514 1892 2581 Reginam
1912 2510 2084 2563 solatur
2099 2549 2114 2570 ,
2156 2511 2203 2562 ὅ(
2222 2513 2328 2560 huic

1388 2583 1560 2630 almam
1597 2580 1785 2636 Urbem
1822 2580 2048 2632 accessuro
2082 2582 2330 2650 specialia-

1390 2650 1636 2702 Pontificiae
1694 2652 2022 2704 benevolentiae
2071 2653 2330 2711 testimonia.

1387 2722 1693 2790 adpromittit.
1725 2786 1727 2789 r

1316 2850 1352 2891 A
1368 2851 1509 2904 tergo:
1534 2847 1767 2904 Charffmae
1781 2847 1824 2889 in
1840 2848 1991 2903 Christo
2018 2850 2135 2890 Filia.-
2159 2849 2326 2900 noffrae,

1432 2909 1580 2949 ‘'wi“
1592 2905 2041 3016 {xuifflssss'f'
2053 2910 2212 2964 ’ἔξω

1389 3070 1780 3131 CLEMENS
1853 3086 2071 3157 PAPA
2146 3086 2250 3135 XL

1357 3193 1585 3252 Charifflma
1605 3193 1648 3238 in
1665 3198 1815 3256 Christo
1833 3201 1940 3244 Filia
1953 3201 2081 3255 nostra
2090 3201 2268 3256 sulutem
2280 3230 2296 3251 ‚

1494 3254 1542 3301 θ’
1559 3255 1814 3312 Apostolicam
1829 3259 2130 3302 Benediinonem
2141 3290 2152 3301 .
2231 3260 2235 3265 '

1467 3372 1546 3414 ΟΝ
1562 3369 1672 3414 secus
1689 3403 1703 3425 ,
1733 3391 1777 3418 ac
1795 3389 1872 3431 pro
1897 3384 2065 3427 paterna
2086 3377 2329 3421 charitate)

1439 3486 1446 3494 .
1485 3428 1611 3473 nostra
1628 3431 1819 3477 debemus
1832 3463 1845 3485 ,
1861 3433 2056 3477 afficimur
2071 3433 2120 3476 ea
2135 3435 2329 3485 molestia,

1322 3500 1398 3542 qua
1435 3487 1579 3530 intime
1605 3488 1642 3531 se
1671 3494 1780 3547 tangi
1814 3493 1984 3534 testatur
2016 3492 2199 3548 Maiestas
2213 3495 2328 3542 Tua,

1321 3554 1562 3602 propterea,
1596 3549 1706 3603 quod
1733 3550 1927 3605 spirituali
1953 3549 2097 3592 solatio
2121 3580 2135 3602 ,
2166 3552 2275 3607 quod
2304 3554 2326 3591 a

1317 3604 1494 3659 pietate,
1526 3620 1572 3647 ac
1591 3606 1826 3650 salutaribus
1845 3609 2006 3650 monitis
2028 3611 2220 3665 Religiofi
2241 3609 2327 3650 Viri

1318 3659 1555 3707 Confeffarii
1585 3662 1639 3704 sui
1667 3667 1939 3721 percipiebat,
1970 3668 2008 3709 in
2029 3672 2190 3723 praesens
2205 3667 2327 3711 desti-

1316 3721 1469 3762 tuitur.
1500 3720 1755 3765 Confidimus
1784 3734 1919 3767 tamen
1936 3727 1995 3768 Te
2022 3729 2174 3782 semper
2198 3727 2325 3778 magis

1312 3778 1613 3822 intellecturam
1631 3779 1746 3836 effe,
1763 3785 1849 3827 Nos
1864 3784 1990 3838 nihil,
2021 3799 2068 3829 ea
2099 3788 2138 3829 in
2165 3784 2328 3827 delibe-

2214 3855 2276 3882 ra-
