2638 4204
471 225 640 322 312'

415 348 664 397 Divifionis
679 347 991 398 executionem
1003 381 1018 403 ,
1033 347 1084 395 Ρ.
1099 340 1313 393 Ministro
1327 345 1417 392 Ge-

481 419 621 466 nerali‘
645 418 866 484 impedito
882 454 898 476 ,
929 422 1003 466 Fr.
1023 413 1258 466 Prothasio
1273 414 1298 461 ὲ
1314 416 1414 463 Me·

478 486 661 536 diolano
694 490 950 539 committit
967 523 980 537 .

406 613 442 657 A
457 622 588 668 tergo:
606 615 759 656 1)ίὶεὲἶο
781 615 902 668 Filio,
918 612 1115 670 Pr0tbasio
1136 612 1163 653 a*
1177 612 1413 666 Mediolano,

495 671 652 715 Ordinis
677 676 871 716 Fratrum
906 676 1112 716 Minorum
1139 674 1179 712 s.
1195 673 1327 726 Franff

550 728 642 788 cisci
654 735 940 787 Capacinorum
955 738 1266 785 nuncupatorum

797 788 1029 847 Proflffbri.

445 920 917 970 CLEMENS
991 921 1208 969 PAPA
1280 921 1373 968 IX.

502 1044 661 1090 Dileffe
689 1045 773 1091 Fili
792 1045 971 1104 filutem
993 1045 1047 1097 ὦ*
1061 1045 1318 1103 Apostolicam

748 1106 1064 1148 Benediblionem.

529 1223 620 1268 Liris
636 1238 707 1279 pro
722 1233 834 1279 parte
846 1223 1081 1266 dileetorum
1097 1222 1291 1266 Filiorum
1303 1225 1399 1265 Fra-

555 1293 661 1325 trum
687 1284 910 1326 Provinciae
926 1284 1160 1331 Rhenanae,
1190 1279 1252 1324 seu
1275 1281 1405 1324 Colo·

402 1343 547 1384 nienlis
563 1369 577 1391 ,
601 1340 768 1383 Ordinis
797 1342 1001 1383 Minorum
1029 1348 1069 1387 S.
1093 1340 1292 1383 Francisci
1321 1345 1403 1382 Ca-

402 1401 641 1455 pucinorum
671 1409 989 1453 nuncupatorum
1005 1427 1019 1450 ,
1036 1399 1166 1443 Nobis
1203 1400 1381 1453 exposito
1394 1427 1410 1449 ,

401 1458 518 1514 quod
541 1458 579 1498 in
607 1455 802 1511 Capitulo
817 1458 1010 1499 Generali
1037 1457 1133 1499 dieti
1150 1456 1314 1497 Ordinis
1337 1470 1409 1497 no-

402 1516 555 1559 viffime
585 1516 623 1557 in
641 1517 712 1557 hac
727 1514 845 1556 Alma
863 1517 978 1558 Urbe
999 1518 1141 1558 Romae
1171 1513 1380 1557 celebrato
1394 1542 1407 1565 ‚

401 1572 612 1617 Diffinitio
626 1573 835 1616 Generalis
861 1574 963 1616 bene
985 1574 1233 1630 perspestam
1260 1574 1410 1615 habens

401 1633 628 1678 Provinciae
657 1633 847 1687 praedit‘tae
884 1634 1047 1676 nimiam
1075 1632 1300 1675 vastitatem
1317 1660 1331 1682 ,
1355 1632 1408 1673 ob

400 1706 521 1749 quam
536 1692 601 1734 uni
623 1689 694 1733 soli
712 1691 903 1734 Ministro·
914 1692 1162 1735 Provinciali
1179 1691 1338 1747 penitus
1354 1691 1409 1733 est

398 1750 650 1806 impoffibilis
668 1749 843 1792 visitatio
868 1750 1057 1794 consueta
1074 1779 1088 1802 ,
1110 1751 1251 1804 vigore
1269 1753 1389 1806 Regu

400 1810 450 1852 1ae
463 1811 501 1850 δι
517 1808 866 1851 Constitutionum
882 1810 1146 1853 Generalium
1161 1810 1326 1850 omnino
1345 1823 1409 1850 re-

400 1866 544 1924 quisita
570 1867 620 1911 ad
647 1867 962 1910 conservandam
982 1867 1247 1924 Disciplinam
1270 1869 1407 1921 Regu-

400 1927 560 1977 larem,
586 1925 750 1982 aliisque
777 1926 1011 1982 graviffimis
1033 1926 1157 1969 caufis
1184 1926 1407 1968 considera-

401 1982 688 2034 tis,censuerat
703 1985 840 2026 eidem
854 1986 1073 2029 Provinciae
1091 1983 1407 2028 subveniendum

398 2043 477 2086 effe
504 2058 576 2098 per
600 2044 917 2085 convenientem
933 2043 1192 2095 divffionem,
1209 2042 1260 2085 de
1288 2042 1405 2096 hujus

400 2105 444 2145 S.
460 2101 574 2145 Sedis
592 2100 832 2155 Apostolicae
847 2101 1012 2144 licentia
1037 2100 1290 2145 faciendam:
1320 2105 1407 2144 Nos

400 2159 762 2215 supplicationibus
786 2160 987 2204 diciorum
1009 2162 1310 2217 Exponentium
1334 2175 1407 2203 no-

403 2220 516 2262 mine
530 2218 659 2261 Nobis
685 2216 803 2273 super
817 2220 894 2262 hoc
911 2219 1122 2262 humiliter
1137 2219 1334 2275 pori-cetis
1350 2220 1408 2261 in-

402 2276 545 2322 clinati
565 2306 578 2328 ,
593 2276 744 2319 dilecto
762 2276 863 2321 Filio
879 2278 1067 2321 Ministro
1079 2280 1271 2322 Generali
1285 2279 1413 2321 Ordid

401 2337 462 2380 nis
481 2335 653 2390 praedieti
669 2363 683 2387 ‚
706 2336 803 2377 utin
820 2339 907 2379 aetii
927 2337 1161 2380 visitationis
1179 2350 1411 2381 memoratae

402 2394 629 2439 Provinciae
641 2395 691 2435 ab
702 2407 754 2437 eo
765 2394 957 2438 facienda·
971 2397 1142 2439 eandem
1155 2399 1410 2440 Provinciam

402 2454 446 2495 in
473 2451 598 2504 duas,
622 2465 740 2493 unam
766 2454 931 2509 quidem
964 2455 1281 2507 Coloniensem,
1310 2456 1411 2499 alte-

402 2525 488 2553 ram
520 2510 622 2552 vero
638 2510 879 2553 Rhenanam
894 2541 910 2562 ‚
939 2512 1160 2568 respective
1179 2527 1411 2568 nuncupan-

401 2569 473 2613 das
487 2598 503 2620 ,
526 2565 785 2612 Auctoritate
801 2570 933 2612 nostra
948 2571 1180 2626 Apostolica
1196 2571 1384 2614 dividere
1397 2602 1411 2624 ‚

405 2638 529 2684 atque
559 2627 724 2682 utrique
742 2629 966 2671 Provincia:
982 2629 1206 2685 hujusmodi
1225 2634 1412 2673 Conven-

407 2697 500 2736 tus,
534 2688 688 2727 Domos
714 2686 753 2726 δε
783 2685 965 2740 Hospitia
995 2689 1216 2730 Provinciae
1243 2688 1294 2730 fic
1309 2689 1412 2731 divi·

405 2743 549 2788 dendae
580 2740 800 2798 respective
826 2743 1014 2800 affignare
1038 2776 1056 2797 ‚
1087 2756 1312 2802 caeteraque
1339 2748 1412 2791 in.‚

405 2801 606 2861 praemissis
620 2831 633 2852 ‚
660 2803 700 2843 &
722 2802 831 2843 circa
855 2816 904 2844 ea
924 2803 1141 2847 necessaria
1158 2805 1414 2861 quomodoli«

409 2865 477 2905 bet
492 2863 532 2903 δι
546 2870 775 2917 opportuna
790 2858 926 2904 facere
941 2890 955 2914 ,
986 2865 1026 2904 δι
1042 2864 1188 2921 exequi
1205 2865 1333 2907 liber'e
1349 2895 1363 2915 ‚
1376 2866 1413 2906 &

407 2920 523 2964 licit'e
538 2918 662 2975 polset
676 2947 690 2970 ‚
720 2920 762 2959 ¹&
777 2919 958 2972 valeret,
982 2922 1225 2966 facultatem
1239 2926 1279 2968 δι
1293 2923 1418 2965 licen.

408 2981 506 3023 tiam
540 2978 682 3020 eadem
717 2978 964 3039 austeritate
992 2982 1206 3025 tribuimus
1226 3011 1240 3033 ‚
1277 2984 1316 3024 δι
1340 2983 1419 3023 im-

406 3037 550 3096 partiti
576 3036 735 3088 sumus;
765 3033 813 3077 ea
831 3046 965 3080 tamen
982 3038 1102 3095 lege,
1127 3051 1172 3084 ut
1196 3055 1269 3096 per
1288 3040 1422 3096 hujus·

407 3095 521 3139 modi
538 3093 783 3138 divifionem
808 3094 988 3152 suffragia
1008 3098 1048 3140 in
1065 3100 1268 3157 Capitulis
1283 3102 1422 3144 Gene-

407 3154 561 3199 ralibus
582 3153 750 3196 Ordinis
764 3155 945 3209 praedieti
967 3159 1103 3213 augeri
1136 3174 1215 3202 non
1239 3157 1393 3216 possent
1409 3189 1423 3211 ,

409 3212 480 3256 sed
510 3210 700 3269 cujusque
728 3213 954 3257 Provinciae
986 3215 1036 3257 fic
1059 3217 1215 3269 divisae,
1251 3218 1425 3262 Ministri

407 3271 690 3315 provinciales
716 3271 794 3314 una
823 3287 916 3315 cum
939 3273 1119 3319 Custode
1151 3277 1425 3322 alternatim..

411 3329 605 3385 eligendo
621 3331 662 3372 in
678 3331 787 3374 dicto
810 3331 1009 3387 Capitulo
1028 3333 1283 3378 intervenire
1297 3336 1425 3379 debe-

412 3400 502 3433 rent
521 3417 536 3441 ‚
556 3389 613 3430 ita
627 3417 642 3440 ,
665 3399 709 3432 ut
726 3390 803 3432 tria
822 3391 981 3433 tantum
998 3402 1091 3435 vota
1108 3422 1122 3444 ,
1148 3408 1297 3451 nempe
1319 3395 1427 3438 duo--⁸

411 3463 504 3491 rum
523 3447 798 3492 Ministrorum
813 3449 1196 3504 Provincialium‚&
1209 3455 1323 3496 unius
1339 3460 1426 3500 Cu-

1173 205 1766 297 Provincia

1476 346 1605 384 etiam
1639 344 1676 385 in
1707 344 1833 385 forma
1849 340 1986 384 Brevis
2007 340 2076 385 die
2100 355 2194 384 vii.
2226 345 2480 402 Septembris

1472 402 1656 458 proxime
1671 402 1864 457 praeteriti
1882 400 2082 453 expeditis
2097 400 2255 444 litteris
2273 429 2288 452 ς
2312 418 2482 461 quarum

1474 471 1658 503 tenorem
1676 461 1937 514 praesentibus
1954 474 2027 513 pro
2044 459 2165 514 plene
2183 488 2196 511 ,
2224 461 2261 502 &
2285 459 2484 506 sufficien-

1474 529 1515 562 te
1542 518 1753 575 expresso,
1779 533 1826 560 ac
1852 519 1902 561 de
1920 519 2046 560 verbo
2070 518 2120 559 ad
2147 519 2313 573 verbum
2329 519 2481 564 inserto

1473 578 1611 622 haberi
1628 578 1814 619 volumus
1827 604 1841 628 ,
1854 578 1934 619 ube
1944 576 2024 619 rius
2041 577 2276 619 continetur
2290 606 2302 619 .

1531 639 1785 680 Ci'imaurem
1803 661 1816 684 2
1850 634 1950 678 licut
1981 638 2140 678 Fratres
2167 635 2340 692 praedic'ti
2357 638 2483 679 Nobis

1471 695 1607 738 denuo
1634 709 1760 749 nuper
1804 695 1955 747 exponi
1984 692 2164 737 fecerunt
2190 721 2204 742 ³
2239 704 2484 739 memoratus

1469 752 1882 797 MinillerGeneralvs
1917 754 2159 807 peragendis
2189 751 2413 795 neceffariis
2431 755 2486 797 vi.

1469 812 1721 855 litationibus
1737 813 1775 852 in
1793 812 1970 866 partibus
1989 813 2114 854 ltaliae
2129 811 2178 854 ad
2197 812 2363 866 longum
2380 822 2486 855 tem·

1471 886 1542 927 pus
1567 870 1605 911 se
1622 872 1945 925 prorrabentibus
1969 871 2147 926 legitime
2163 869 2206 912 lit
2229 869 2448 926 impeditus
2469 897 2485 922 ,

1457 933 1621 987 'interea
1651 931 1748 971 vero
1775 930 1998 984 pei-'iculum
2027 929 2099 981 sit,
2128 942 2177 971 ne
2193 928 2452 970 incommoda
2471 956 2486 980 ,

1468 989 1609 1046 quibus
1630 989 1839 1030 Provincia
1871 985 2090 1043 supradicta
2117 998 2289 1043 propter
2316 987 2482 1030 nimiam

1468 1048 1553 1103 ejus
1571 1048 1789 1089 vastitatem
1808 1048 2002 1101 premitur
2015 1075 2029 1098 ,
2046 1050 2173 1102 magis
2186 1043 2480 1103 ingravescant.

1469 1106 1599 1149 Nobis
1625 1116 1867 1160 propterea,
1895 1105 2013 1146 iidem
2031 1108 2288 1160 Exponent'es
2320 1103 2484 1147 humili-

1467 1175 1530 1206 ter
1543 1163 1757 1218 supplicari
1772 1162 1954 1205 fecerunt
1971 1191 1985 1213 ‚
2000 1173 2042 1204 ut
2059 1164 2099 1204 in
2116 1162 2314 1217 praemiffis
2328 1176 2485 1219 oppor-

1467 1223 1562 1266 tune
1579 1222 1791 1275 providere
1815 1219 1869 1262 de
1890 1219 2144 1275 benignitate
2161 1221 2393 1275 Apostolica
2416 1219 2483 1263 di-

1466 1295 1704 1338 gnaremur.
1739 1284 1824 1321 Nos
1853 1278 1975 1333 igitur
1998 1278 2123 1322 dictos
2158 1281 2322 1321 Fratres
2350 1281 2488 1334 Expo-

1470 1349 1607 1382 nentes
1622 1338 1803 1395 specialis
1828 1334 1972 1382 favore
1988 1337 2126 1393 gratiae
2140 1338 2321 1394 prosequi
2338 1336 2488 1379 volen-

1470 1410 1530 1441 tes
1544 1427 1558 1450 ‚
1589 1400 1628 1439 &
1642 1411 1778 1441 eorum
1795 1395 2014 1451 singulares
2036 1396 2221 1450 personas
2237 1425 2253 1447 ,
2283 1397 2304 1438 a
2325 1393 2487 1451 quibust

1471 1459 1534 1500 vis
1560 1455 1988 1498 excommunicationis
2012 1455 2089 1497 &c.
2121 1457 2267 1498 harum
2297 1454 2396 1499 serie
2416 1455 2488 1497 ab·

1470 1514 1693 1565 solventes,
1718 1515 1757 1555 &
1773 1513 1974 1556 absolutas
2000 1512 2090 1556 fore
2106 1515 2332 1565 censentes,
2351 1512 2488 1568 hujus-

1471 1575 1579 1616 modi
1602 1573 1959 1629 supplicationibus
1987 1573 2201 1624 inclinati,
2232 1587 2276 1615 ac
2299 1572 2351 1615 de
2378 1581 2482 1616 tua...

1471 1633 1579 1685 fide,
1610 1632 1824 1687 prudentia
1852 1660 1865 1682 ,
1895 1645 2030 1674 rerum
2058 1631 2225 1674 Ordinis
2251 1629 2351 1682 usu,
2381 1631 2488 1674 inte-

1469 1693 1670 1749 gritate&
1684 1690 1911 1745 Religionis
1929 1690 2022 1732 zelo
2047 1690 2267 1746 plurimum
2283 1690 2324 1731 'in
2346 1690 2487 1733 Domi-

1470 1766 1522 1795 no
1537 1747 1670 1793 confisi
1691 1777 1704 1799 ,
1732 1750 1792 1791 Te
1818 1748 2046 1804 supradiaae
2081 1748 2298 1791 Provinciae
2313 1750 2486 1792 Rhena-

1472 1823 1526 1852 nae
1541 1839 1554 1860 ,
1583 1810 1647 1851 seu
1674 1807 1924 1850 Colonienfls
1953 1807 2278 1851 Commiffarium
2292 1835 2306 1859 2
2325 1810 2365 1849 δι
2384 1805 2490 1850 Vifi-

1470 1879 1651 1912 tatorem
1664 1868 1920 1909 Austoritate
1938 1868 2169 1918 Apostolica
2183 1896 2198 1919 ‚
2225 1877 2490 1922 tenoreptae·

1469 1924 1642 1970 sentium
1667 1925 1944 1969 constituimus
1961 1927 2252 1982 &deputamus
2269 1955 2284 1977 ‚
2316 1926 2489 1981 Tibique

1468 1985 1762 2029 committimus
1789 1987 1829 2027 &
1854 1986 2118 2032 mandamus«,
2146 1997 2190 2027 ut
2207 1983 2364 2038 peraeta
2385 1987 2488 2026 Pro-

1471 2046 1605 2087 vinciae
1622 2043 1846 2098 hujusmodi
1862 2043 2123 2095 Vifitatione,
2149 2041 2421 2085 incommodis
2435 2054 2491 2083 ex·

1467 2105 1588 2147 nimia
1599 2103 1705 2145 illius
1719 2104 1900 2145 vastitate
1912 2104 2246 2159 provenientibus
2263 2098 2489 2143 secundum

1468 2162 1605 2204 datam
1634 2163 1708 2204 tibi
1740 2165 1763 2205 a
1785 2163 1968 2204 Domino
1995 2162 2254 2218 prudentiam
2282 2159 2495 2202 consulere

1469 2221 1624 2277 satagas
1640 2249 1654 2271 ‚
1670 2221 1725 2272 &‚
1739 2231 1938 2276 quatenus
1954 2235 2052 2276 opus
2074 2222 2119 2262 fii
2139 2249 2154 2270 ,
2189 2221 2240 2263 ad
2258 2220 2491 2262 divisionem

1471 2280 1653 2337 ejusdem
1672 2280 1889 2322 Provincia
1903 2280 2025 2322 modo
2051 2280 2091 2319 ἃ.
2113 2276 2241 2321 forma
2255 2275 2454 2333 praemiffis
2469 2305 2485 2329 ,

1471 2353 1517 2381 ac
1534 2337 1669 2387 salva,
1696 2338 1736 2378 δι
1763 2346 1997 2379 remanente
2029 2336 2067 2377 in
2090 2335 2257 2391 reliquis
2277 2335 2491 2382 omnibus,

1471 2400 1511 2441 δε
1537 2396 1696 2451 lingulis
1723 2396 2042 2449 supradinarum
2075 2394 2299 2437 nostrarum
2334 2395 2493 2436 littera-

1472 2471 1563 2499 rum
1579 2453 1838 2509 dispositione
1855 2454 2053 2509 procedas
2067 2482 2078 2494 .
2113 2455 2201 2494 Nos
2219 2452 2328 2495 enim
2348 2466 2495 2508 quam-

1472 2528 1645 2568 cumque
1674 2510 1932 2556 necessariam
1956 2542 1971 2563 ,
2001 2514 2041 2554 δε
2065 2521 2338 2566 opportunam
2367 2510 2419 2553 ad
2451 2509 2496 2553 id

1474 2572 1707 2616 facultatem
1737 2571 1861 2624 Tibi,
1895 2574 2038 2613 harum
2073 2568 2176 2612 serie
2197 2598 2212 2621 ,
2238 2570 2381 2611 eadem
2405 2571 2496 2612 Au-

1472 2632 1663 2675 storitate
1678 2631 1918 2682 tribuimus,
1941 2631 1979 2671 δι
2004 2629 2286 2684 impartimur:
2323 2642 2403 2670 non
2420 2628 2494 2670 ob.

1474 2691 1666 2733 stantibus
1692 2689 1919 2746 praemissis,
1950 2702 1996 2731 ac
2013 2686 2225 2737 omnibus,
2262 2700 2303 2728 ac
2329 2685 2492 2741 singulis

1473 2750 1582 2799 illis,
1614 2764 1698 2805 quae
1716 2750 1752 2791 in
1767 2746 2076 2790 eisdemlitteris
2111 2743 2378 2789 conceffimus
2409 2758 2492 2787 non

1475 2809 1630 2850 obstare
1647 2808 1902 2862 ,caeteriffiue
1916 2806 2132 2848 contrariis
2152 2803 2500 2861 quibuscumque.>

1537 2869 1688 2910 Datum
1715 2869 1853 2908 Romae
1868 2864 1971 2919 apud
1999 2867 2038 2906 S.
2057 2866 2220 2906 Petrum
2236 2862 2306 2905 sub
2323 2863 2493 2904 Annulo

1480 2923 1694 2968 Piscatoris
1711 2954 1723 2975 ,
1743 2926 1810 2970 die
1827 2938 1925 2967 xxv.
1955 2923 2051 2966 Maii
2078 2924 2195 2966 Anno
2211 2933 2433 2965 mocrxvii
2448 2933 2488 2962 i.

1478 2984 1747 3029 Pontificatus
1763 2983 1887 3027 nostri
1902 2986 2022 3028 Anno
2035 2982 2179 3039 primo.

1849 3164 1913 3220 Jo.
1929 3160 2174 3204 Gualterius
2201 3156 2349 3203 Slufius
2362 3187 2375 3201 .

1546 3345 1691 3398 Autog.
1717 3342 1795 3383 loco
1811 3340 2003 3395 praedmo
2035 3339 2133 3395 ch.
2163 3336 2285 3395 mens-⁸
2321 3334 2374 3388 ῥα
2402 3332 2500 3375 anni

1602 3402 1732 3445 notati
1751 3396 1834 3462 fol.
1847 3399 1919 3448 65.

411 3507 536 3551 nodis
551 3507 872 3561 constituerent3
902 3518 1033 3565 utque
1049 3511 1088 3552 in
1107 3511 1307 3565 praediffls
1326 3515 1430 3558 Pro-

412 3565 560 3608 vinciis
590 3567 723 3609 divifis
752 3568 845 3610 novi
857 3571 1102 3614 Conventus
1127 3571 1225 3625 erigi
1240 3571 1430 3627 imposte-

415 3638 506 3669 rum
521 3624 752 3669 nullatenus
768 3625 927 3682 possent
955 3626 1037 3671 fine
1066 3628 1241 3684 exprefla
1265 3628 1432 3675 licentia

414 3683 528 3726 dietae
544 3683 686 3735 Sedis,
713 3699 786 3740 per
802 3686 965 3728 litteras
994 3687 1033 3730 in
1052 3687 1166 3730 simili
1190 3684 1319 3731 forma
1334 3692 1432 3733 Bre-

413 3743 473 3785 vis
500 3742 783 3796 expedienda,
813 3759 902 3801 quae
930 3745 1157 3804 derogaret
1179 3746 1271 3790 huic
1286 3748 1427 3802 prohi-

411 3801 555 3858 bitioni
573 3828 588 3854 ,
615 3802 655 3844 Bc
682 3802 780 3845 alias
812 3832 830 3855 ,
857 3813 982 3860 prout
1013 3805 1053 3849 in
1085 3805 1225 3849 nostris
1252 3805 1424 3865 desuper
2362 3859 2402 3901 N

2405 3870 2446 3900 ο·
