2658 4256
916 231 998 318 Ζ
1027 227 1541 342 eodiensts.·

211 389 254 418 re
265 366 310 417 κ’
322 368 499 424 graveris
515 398 525 409 .
557 371 640 412 Has
656 367 791 412 literas
804 367 849 408 Ρ.
864 366 1080 408 Βεηεάῆέὶο
1095 369 1196 409 Leo-

209 431 326 476 diensi
350 456 365 479 ,
396 442 444 470 ex
467 429 621 470 Ordine
646 425 970 483 Capucinorum‚
998 426 1193 466 Rnenanae

195 489 422 536 'Provinciae
439 489 678 543 Praeposito,
708 487 750 527 in
779 483 947 525 Patrium
982 481 1197 531 redeunti,

205 549 254 591 ad
271 549 332 589 Te
352 546 531 587 dedimus
546 576 561 596 ,
592 555 636 588 ut
650 573 664 595 ‚
691 543 758 598 qui
773 539 909 582 multis
924 539 960 579 in
976 539 1193 579 Germania

203 603 505 651 catholicorum
520 601 810 646 calamitatibus
838 593 1019 640 interfuit
1033 623 1047 646 ,
1069 595 1195 651 pluri-

201 665 387 718 mumque
412 663 449 704 in
467 663 512 704 iis
530 659 780 703 sublevandis
796 654 1004 704 laboravit,
1020 664 1194 708 paternas

201 723 338 766 nostrae
363 722 570 763 charitatis
587 747 603 768 ,
628 718 668 757 δι
692 714 878 756 benevoli
901 713 960 755 tui
982 726 1075 768 erga
1102 710 1195 752 illos

198 782 319 824 animi
335 778 441 820 testis
455 779 596 832 ubique
609 771 784 826 locuples
798 770 873 812 esse
895 768 1008 824 poffit
1020 776 1034 808 .‘
1064 767 1191 825 Maje-

198 840 285 882 stati
312 838 403 879 I'uae
419 833 681 890 Apostolicam
705 828 1029 871 Benedictionem
1054 839 1191 868 aman-

201 895 344 939 tiffime
359 892 606 948 impertimur
626 919 639 932 .

255 957 404 996 Datum
432 953 564 992 Romae
584 944 688 998 apud
711 946 893 987 Sanctam
920 943 1089 985 Mariam
1102 944 1198 984 Ma—

196 1013 358 1070 iorem,
384 1009 459 1050 Die
469 1017 586 1047 xxxi.
604 1002 700 1044 Maii
722 1015 993 1044 Mncxxxtlt.
1018 997 1190 1051 Pontifif

198 1080 309 1127 catus
334 1065 450 1121 nostri
462 1067 581 1107 Anno
595 1058 776 1103 decimo.

492 1178 723 1223 Franciscus
738 1179 912 1219 Herrera
927 1177 1080 1218 Secret.

259 1302 400 1350 Autog.
427 1297 470 1339 in
495 1299 637 1337 Secret.
666 1296 779 1336 Brev.
803 1292 854 1334 ad
883 1292 1087 1346 Principes
1109 1303 1192 1345 reg.

308 1351 724 1411 menſs&annipraed.
740 1351 785 1410 s.
801 1353 866 1394 82.
891 1353 1050 1405 eitergo.

198 1593 284 1645 Per
314 1587 504 1638 eundem
540 1591 613 1635 Fr.
644 1583 938 1634 Beneditstum
969 1580 1191 1649 Episcopo

264 1654 583 1723 Herbipolensi
600 1654 655 1704 de
672 1657 878 1710 aerumnis
894 1649 1186 1718 Episcopatus

268 1726 481 1775 condolet
509 1760 525 1783 ,
566 1723 614 1775 ὅ(
645 1728 820 1776 Fratres
855 1721 1027 1770 nostros
1063 1736 1188 1767 com-

264 1795 477 1845 mendat.
533 1828 537 1833 -

278 1924 317 1965 A
333 1931 477 1978 tergo:
514 1918 726 1964 Venerabili
757 1920 897 1962 Fratri
921 1916 1100 1975 Episcopo

266 2012 268 2015 «
547 1977 831 2035 Herbzpolensi.

249 2096 673 2151 URBANUS
726 2096 949 2142 PAPA
986 2093 1137 2140 VIII.

234 2219 460 2267 Venerabilis
485 2225 634 2264 Frater
641 2217 818 2274 sblutem
837 2219 885 2268 δ’
911 2217 1160 2276 Apostolieam

535 2276 848 2333 Benedzffionem.
1062 2317 1066 2320 Δ

311 2394 481 2449 Apucini
499 2397 660 2437 Fratres
676 2423 690 2446 ‚
702 2394 767 2449 qui
782 2393 1054 2436 calamitatum
1073 2399 1190 2446 atque

328 2461 585 2496 aerumnarum
598 2454 814 2508 participes
829 2451 944 2493 fuere
957 2480 969 2502 ,
984 2452 1190 2506 quas-Fra-

197 2513 364 2553 ternitas
381 2513 464 2553 Tua
482 2511 555 2554 una
571 2525 662 2553 cum
675 2511 846 2566 populis,
857 2509 961 2551 istius
977 2509 1191 2564 Episcopa-

196 2567 258 2612 ttis
272 2569 414 2611 ditioni
428 2567 605 2626 subjectis
624 2596 639 2619 ‚
649 2567 749 2624 paisa
763 2569 832 2619 est,
845 2568 1093 2609 occasionem
1109 2569 1195 2608 No-

197 2628 257 2669 bis
274 2629 448 2681 praebent
462 2657 478 2679 ,
499 2638 545 2671 ut
559 2627 644 2683 ipsis
659 2630 697 2669 in
711 2626 969 2669 Germaniam
986 2625 1194 2667 redeunti·

195 2685 268 2725 bus
284 2685 437 2727 litteras
454 2686 502 2728 ad
516 2688 574 2728 Te
587 2685 821 2736 demuS,non
834 2695 916 2726 tam
932 2683 1138 2726 charitatis
1154 2684 1194 2723 in

197 2744 258 2784 Te
272 2741 424 2792 nostrae,
437 2756 481 2784 ac
494 2742 753 2785 miserationis
769 2743 1054 2798 indices‚quam
1074 2740 1195 2782 testes

197 2798 423 2854 Religionis
435 2800 475 2839 δι
490 2800 707 2841 constantiae
722 2802 977 2842 tuae.Noi·unt
993 2813 1195 2847 omnes2ac

195 2855 406 2912 prasertim
418 2857 462 2896 P.
478 2856 712 2898 Benedictus
727 2856 951 2898 Leodienfis
964 2883 978 2904 2
995 2858 1198 2897 Rhenanae

196 2914 416 2956 Provinciae
432 2913 659 2968 Praepofitus
670 2941 683 2964 ‚
708 2925 881 2966 quocum
897 2914 968 2953 hac
995 2913 1047 2953 de
1061 2927 1103 2953 re
1119 2913 1198 2954 ser-

195 2985 354 3015 monem
368 2971 571 3013 habuimus
581 2999 595 3021 ,
614 2984 730 3025 quem
746 2970 787 3011 in
803 2970 927 3012 Nobis
941 2968 1094 3009 doloris
1110 2970 1197 3010 sen-

197 3032 279 3072 sum
292 3030 421 3085 gregis
435 3030 492 3071 tui
506 3029 650 3070 damna
672 3055 686 3079 ,
705 3038 823 3082 atque
840 3027 1073 3070 vexationes
1088 3025 1197 3067 exci-

199 3087 354 3141 tfirint3
383 3088 472 3130 satis
497 3089 721 3142 cuicunque
752 3095 933 3140 apertum
959 3083 1012 3126 est
1027 3112 1040 3135 ‚
1070 3096 1196 3138 quan-

199 3148 284 3188 tum
306 3145 533 3188 affiduitatis
549 3173 563 3195 ‚
594 3159 639 3186 ac
664 3143 884 3199 diligentiae
910 3143 949 3183 in
975 3143 1022 3184 iis
1050 3155 1194 3197 praeca-

200 3202 338 3245 vendis
359 3205 398 3244 &
414 3201 685 3258 propulsandis
707 3200 1018 3258 impenderimus
1032 3227 1046 3250 ‚
1076 3209 1195 3254 atque

198 3261 237 3303 in
253 3261 454 3316 praesentia
466 3260 765 3316 impendamus?
792 3263 885 3302 Non
901 3260 1005 3302 enim
1029 3266 1195 3311 paterna

202 3320 372 3363 charitas
399 3321 438 3361 in
463 3329 545 3361 tam
562 3318 704 3359 acerba
728 3317 918 3358 Filiorum
942 3316 1195 3358 afflictatione

204 3375 282 3420 sine
307 3393 401 3420 cura
428 3379 630 3432 quiescere
647 3380 731 3418 Nos
757 3376 934 3430 patitur.
966 3373 1124 3415 Idcirco
1147 3386 1193 3414 ea

205 3436 366 3489 aggredi
393 3449 472 3478 non
497 3434 796 3478 intermittimus
809 3459 822 3481 a
849 3446 933 3487 quae
950 3430 1116 3473 illorum
1129 3445 1195 3478 re-

204 3490 279 3532 bus
293 3493 419 3548 aliqua
432 3494 583 3536 ratione
598 3490 805 3547 profutura
818 3490 1030 3533 videantur
1042 3517 1053 3528 .
1070 3486 1194 3545 Quod

205 3549 363 3592 fratres
375 3552 601 3606 Capucinos
626 3551 663 3591 in
692 3559 760 3593 tua
775 3549 948 3591 Dioecefi
971 3546 1198 3588 humaniter

208 3605 320 3647 foves
334 3635 347 3656 α
369 3619 592 3663 pergratum
607 3608 735 3650 Nobis
751 3608 805 3651 est
818 3636 831 3658 2
862 3608 945 3649 tum
960 3634 974 3656 ‚
987 3606 1093 3659 quod
1114 3606 1197 3646 Re-

206 3663 381 3718 ligiofam
395 3665 638 3722 disciplinam
652 3665 788 3709 sedule
801 3665 1027 3707 custodiunt
1042 3691 1055 3712 ,
1082 3672 1167 3704 tum
1181 3694 1196 3715 ,

205 3721 313 3775 quod
329 3722 483 3777 impigri
504 3725 541 3767 in
557 3725 787 3767 Animarum
802 3722 927 3766 salute
940 3719 1189 3777 procuranda

203 3781 386 3836 Operarii
403 3779 511 3822 sunt.
533 3785 682 3840 Eorum
695 3797 757 3827 res
779 3782 806 3825 si
820 3782 910 3839 Tibi
921 3780 1031 3825 cordi
1045 3788 1161 3824 erunt
1179 3807 1195 3832 2

321 3841 421 3880 Tom-
438 3842 456 3879 1
467 3841 499 3882 V.

2032 259 2068 313 1
2090 271 2116 312 1

1254 363 1426 414 optimos
1443 355 1604 406 habebis
1625 355 1663 397 fn
1692 362 1762 395 tuo
1773 357 1995 402 Ministerio
2018 272 2250 416 adjutOSi-es:

1253 418 1514 462 Fraternitati
1552 417 1645 457 Tuae
1691 416 1960 467 Apostolicam
1999 418 2252 472 Benedietiof

1256 491 1349 520 nem
1371 483 1620 529 peramanter
1634 473 1887 526 impertimur
1897 504 1909 516 .

1312 538 1462 576 Datum
1488 542 1535 576 ut
1545 532 1702 590 sttpra.

1539 644 1770 693 Franciscus
1786 647 1962 690 Herrera
1985 651 2140 693 Secret.'

1313 766 1457 817 Autog.
1482 762 1525 803 in
1551 767 1693 804 secret.
1718 765 1835 802 Brea.
1863 764 1912 804 ad
1939 765 2143 822 Principes
2166 771 2251 821 regg

1368 819 1486 876 mensi
1498 819 1551 870 ὠ·
1564 820 1789 877 annipraed.
1800 818 1883 878 sol.
1899 824 1967 878 83.

1508 1052 1659 1104 Simili
1688 1068 1961 1125 argumento
1978 1089 1992 1103 .

1253 1172 1289 1213 A
1306 1178 1452 1226 tergo:
1492 1171 1577 1215 Vcn.
1605 1173 1751 1215 Fratri
1779 1171 1958 1229 Epistopo
1990 1170 2250 1228 Vormatt'enst'.

1252 1290 1665 1343 URBANUS
1753 1292 1970 1340 PAPA
2054 1290 2252 1338 VIII.

1288 1405 1519 1449 Venerabilis
1540 1409 1690 1450 Frater
1701 1405 1878 1463 salntem
1899 1407 1952 1457 ῤ’
1967 1405 2223 1463 Apostolicam

1600 1465 1913 1507 Bencdmzoncm.

1350 1578 1533 1627 Iliorum,
1543 1578 1609 1634 qui
1623 1577 1847 1634 Episcopali
1861 1577 2137 1621 Fraternitatis
2156 1580 2252 1620 Tuae

1370 1649 1472 1677 curae
1495 1635 1639 1678 crediti
1667 1635 1780 1688 sunt,
1808 1636 1952 1679 damna
1983 1638 2022 1678 &
2050 1636 2256 1679 calamita-

1248 1704 1308 1734 tes
1333 1719 1347 1743 ,
1378 1703 1531 1736 tantam
1560 1695 1598 1734 in
1623 1695 1756 1736 animo
1782 1697 1914 1737 nostro
1939 1693 2257 1738 commiseratio-

1247 1765 1338 1794 nem
1366 1749 1615 1806 jampridiem
1641 1752 1870 1795 excitarunt
1893 1781 1907 1801 a
1936 1764 1978 1795 ut
2003 1768 2069 1796 eas
2098 1767 2176 1795 non
2202 1766 2254 1793 ex

1250 1809 1473 1864 longinquo
1486 1810 1655 1859 audire,
1685 1810 1751 1852 sed
1778 1811 1866 1866 ipfis
1894 1811 2010 1867 plane
2027 1809 2252 1854 interesse,

1246 1867 1377 1912 Nobis
1393 1868 1619 1920 videamur3
1640 1883 1787 1924 neque,
1803 1872 1909 1924 quod
1924 1882 2007 1911 tam
2020 1870 2113 1912 dirae
2138 1882 2256 1911 acer-

1247 1925 1383 1969 bitatis
1409 1927 1588 1981 procella
1605 1926 1729 1968 saeviet
1743 1958 1759 1978 ,
1784 1930 1821 1970 in
1838 1930 1967 1971 nostra
1982 1929 2062 1970 erit
2077 1927 2256 1981 potesta·

1247 1996 1318 2036 te,
1339 1994 1381 2024 ut
1407 1985 1520 2027 anxia
1536 1986 1754 2028 vestrorum
1781 1987 2048 2041 periculorum
2071 1983 2253 2028 solicitu-

1247 2044 1341 2086 dine
1356 2056 1568 2087 careamus.
1578 2046 1670 2087 Haec
1678 2046 1865 2088 nimirum
1879 2050 1964 2088 Nos
1977 2045 2147 2090 antehac
2160 2057 2255 2099 per·

1249 2101 1380 2158 pulit,
1405 2102 1443 2143 δι
1458 2102 1643 2157 quotidie
1657 2105 1779 2158 magis
1794 2105 1963 2160 impellit
1978 2132 1990 2154 ‚
2009 2115 2054 2150 ut
2069 2115 2253 2158 quaecun-

1250 2173 1327 2216 que
1341 2159 1391 2200 ad
1408 2161 1571 2203 vestram
1586 2160 1806 2204 utilitatem
1822 2161 1953 2206 facere
1966 2162 2250 2205 existimamus,

1250 2217 1467 2272 diligenter
1499 2235 1545 2261 ac
1572 2219 1710 2262 sedulo
1738 2234 1994 2275 procuremus
2009 2248 2021 2260 .
2054 2220 2099 2258 In
2128 2218 2253 2259 tantis

1251 2285 1386 2318 tamen
1412 2278 1527 2320 malis
1549 2278 1691 2333 ingens
1706 2280 1832 2321 Nobis
1860 2279 2042 2321 relietum
2074 2275 2129 2316 est
2154 2274 2257 2316 sola-

1253 2334 1380 2383 tium,
1408 2346 1474 2377 tua
1489 2362 1504 2384 a
1530 2337 1669 2389 tuique
1684 2339 1830 2390 Gregis
1859 2335 2104 2382 constantia,
2133 2344 2256 2386 atque

1250 2392 1472 2434 Catholicae
1503 2392 1772 2436 custodiendae
1797 2394 2021 2448 Religionis
2054 2391 2253 2433 studium:

1248 2459 1392 2506 quae2ut
1407 2453 1591 2493 omnibus
1605 2453 1793 2507 exemplo
1807 2450 1894 2493 sunt
1908 2481 1922 2501 ,
1935 2451 1989 2494 ita
2005 2462 2223 2492 moerorem
2235 2475 2250 2498 ,

1253 2522 1369 2563 quem
1394 2522 1446 2550 ex
1459 2509 1689 2563 graviffimis
1717 2510 1852 2551 vestris
1877 2510 2060 2552 aerumnis
2080 2506 2254 2563 percipi-

1253 2580 1367 2614 ωας,
1392 2579 1472 2608 non
1503 2567 1767 2611 mediocriter
1791 2569 1972 2610 leniunt.
2005 2569 2087 2609 Has
2112 2565 2254 2606 literas

1254 2625 1275 2666 a
1305 2627 1346 2667 P.
1365 2626 1582 2667 Benedicto
1607 2626 1813 2669 Leodienfi
1828 2654 1842 2676 ‚
1871 2641 1920 2668 ex
1933 2625 2088 2668 Ordine
2112 2627 2255 2678 Capu-

1253 2683 1436 2724 cinorum
1449 2711 1463 2734 ,
1493 2686 1696 2726 Rhenanae
1710 2686 1934 2727 Provinciae
1950 2681 2162 2737 Praepofito
2185 2694 2254 2721 ac·

1255 2741 1375 2795 cipies
1387 2767 1402 2789 ‚
1427 2742 1494 2796 qui
1523 2752 1692 2796 paternae
1704 2742 1845 2783 nostrae
1858 2756 1951 2794 erga
1968 2743 2030 2782 ‘re
2044 2738 2254 2791 charitatis

1256 2799 1363 2840 testis
1378 2800 1469 2840 erit.
1483 2798 1605 2840 Illum
1622 2827 1635 2849 ‚
1650 2813 1887 2853 quamquam
1907 2797 1998 2838 Tibi
2014 2797 2253 2849 percharum

1257 2854 1332 2898 effe
1345 2855 1633 2907 scimus,tamen
1649 2856 1723 2896 una
1737 2869 1829 2897 cum
1842 2854 1926 2911 ejus
1940 2853 2148 2908 Religiosss
2161 2856 2252 2895 Fra.

1256 2914 1382 2954 tribus
1402 2913 1574 2955 libenter
1586 2913 1939 2963 commendamus,
1953 2912 2060 2967 quod
2075 2915 2163 2954 Nos
2179 2911 2253 2956 mi.-

1256 2969 1360 3010 nime
1382 2969 1505 3011 lateat
1520 2997 1534 3019 ‚
1558 2979 1712 3023 quanto
1731 2971 1769 3010 in
1783 2970 1995 3013 Catholica
2011 2970 2109 3013 Fide
2133 2980 2254 3011 tuen-

1254 3025 1305 3067 da
1319 3053 1333 3074 ‚
1346 3033 1463 3079 atque
1476 3028 1698 3069 animarum
1715 3026 1839 3070 salute
1854 3028 2027 3071 curanda
2042 3027 2250 3082 adjumen-

1255 3092 1299 3124 to
1314 3083 1401 3124 Tibi
1415 3083 1491 3126 effe
1506 3083 1656 3137 poffint.
1670 3087 1927 3129 Fraternitati
1944 3089 2036 3129 Tuae
2050 3085 2253 3141 Apostoli-

1255 3155 1340 3183 cam
1355 3142 1672 3185 Benedistionem
1686 3156 1939 3200 peramanter
1954 3145 2220 3199 impertimur.

1314 3201 1464 3242 Datum
1485 3210 1531 3243 ut
1538 3201 1683 3257 snpra.

1542 3317 1769 3360 Franciscus
1784 3322 1961 3362 Herrera
1975 3321 2133 3362 Secret-

1314 3434 1457 3487 Autog.
1486 3406 1685 3477 insat-et.
1699 3441 1814 3478 Brev.
1826 3436 1874 3478 ad
1890 3433 2093 3489 Principes
2108 3431 2248 3490 regesto

1370 3489 1487 3548 mensi
1501 3492 1548 3542 (9·
1561 3494 1656 3536 anni
1672 3493 1879 3551 praed.sol.
1892 3495 1958 3547 83.
1973 3491 1999 3533 a*
2009 3502 2133 3547 tergo.

1639 3839 1724 3879 1²2
