2658 4256
374 181 477 236 10
529 210 533 214 -
1075 154 1699 240 Monumeuta

300 281 447 335 silesiae,
471 285 514 327 <⁹9⁶
528 285 798 324 Marehionatiis
821 288 995 324 Moraviae
1019 288 1179 326 extendit
1196 309 1209 330 ‚
1234 296 1370 324 tantam
1393 288 1433 322 in
1449 285 1489 333 se
1509 282 1740 330 complefiitur
1758 282 2014 332 amplitudinem
2029 313 2041 334 ,
2067 290 2107 330 ut
2122 295 2205 330 bina
2225 302 2287 343 per
2314 307 2443 333 annum

299 330 448 383 vffsitatio
470 335 574 383 juxta
599 335 743 384 ejusdem
758 336 911 372 Ordinis
924 338 1073 373 Statuta
1095 334 1297 382 peragenda
1313 333 1491 382 Ministris
1516 330 1803 387 Provincialibus
1817 334 1941 382 abfique
1966 340 2134 390 manifesta
2141 344 2312 391 sanitatis
2329 345 2441 394 jaciu-

297 388 339 413 ra
352 406 365 426 ,
390 383 553 432 ipsiust1ue
575 387 695 421 mortis
721 383 948 420 acceleranda
970 383 1124 433 periculo
1141 384 1220 432 sere
1241 382 1443 430 impofflbilis
1467 379 1630 416 accidat:
1653 378 1772 415 Solita
1794 392 1908 418 autem
1937 383 2141 431 vifitationes
2155 417 2164 431 ,
2191 391 2211 428 ἂ
2234 395 2358 440 quibus
2373 393 2442 430 Re.

291 432 431 474 gularis
447 431 775 480 observantiaesalus
809 430 971 469 lurimum
985 432 1150 480 dependet
1165 454 1176 473 ,
1192 430 1265 477 fine
1290 429 1496 466 detrimento
1522 425 1711 475 distiplt'nae
1736 428 1960 479 &monastica
1984 433 2170 476 intermina·
2202 452 2269 476 non
2295 442 2412 490 possint
2429 466 2441 478 .

295 479 349 517 Ea
368 481 409 517 de
432 482 533 529 causa
556 480 750 530 P.‘Jovita,
788 479 857 516 iflae
872 481 1065 518 Provincia
1078 479 1240 527 Minister
1253 476 1522 520 Provincialis,
1533 485 1596 524 pro
1613 476 1831 524 impetranda
1847 476 1868 513 ὰ
1885 477 1973 514 Sede
1987 480 2173 530 Apostolica
2196 488 2339 538 ejusdem
2355 490 2442 527 Pro.

298 531 425 566 vinciae
453 530 616 580 divifione
633 553 646 573 ‚
670 528 770 565 velut
787 529 889 565 unico
907 529 1174 577 praememoratis
1186 527 1403 563 incommodis
1427 525 1596 562 obviandi
1622 525 1768 561 remedio
1784 548 1797 568 ‚
1822 526 1949 576 nostras
1969 527 2014 562 ad
2027 540 2101 566 eum
2117 533 2222 579 finem
2238 549 2443 575 recommen-

298 576 447 615 datitias
474 579 634 617 exoravit
649 602 658 610 .
685 577 861 614 Praeterea
887 589 1018 626 quoque
1044 574 1119 619 unu
1144 576 1219 612 cum
1243 575 1325 611 aliis
1349 574 1526 614 Nationis
1556 573 1751 610 Teutonicae
1775 573 1951 623 Minislris
1978 576 2260 621 Provincialibus
2296 586 2442 635 ejusdem

297 627 448 663 Ordinis
468 625 708 676 perhumiliter
735 625 887 674 institit,
909 635 1079 675 quatenus
1104 625 1265 674 occasione
1285 624 1490 671 partitionis
1518 623 1793 661 Provinciarum
1818 623 2036 668 Germania,
2054 635 2119 663 aut
2137 629 2209 675 jam
2229 633 2442 683 divisarum,

295 686 358 713 aut
388 678 595 725 imposterum
622 673 922 717 dividendarum,
947 676 997 711 eis
1027 675 1186 723 consueta
1211 675 1251 709 in
1278 671 1455 722 Capitulis
1475 670 1701 720 generalibus
1718 668 1892 720 suffragia
1911 697 1925 719 ‚
1952 674 1994 715 ὁ
2016 674 2172 724 Custodes
2207 679 2251 713 ad
2272 685 2443 720 comma-²

289 725 470 774 generalia
495 721 686 772 destinandi
720 733 790 757 non
816 722 1036 773 aufferantur
1051 747 1063 766 ‚
1092 735 1201 771 neque
1226 722 1411 759 communis
1436 721 1480 763 ἐς·
1503 721 1624 770 uſstata
1649 719 1805 755 omnibus
1830 721 1914 758 aliis
1936 722 2221 761 Mendicantium
2249 726 2442 768 Ordinibus

295 775 471 823 impertita
501 772 644 807 licentia
667 770 826 817 erigendi
852 783 957 807 novos
979 771 1187 808 Conventus
1215 771 1420 808 melioribus
1443 768 1606 817 clausulis
1631 767 1674 809 &¹
1695 767 1952 808 conditionibus
1973 771 2231 821 constringatur
2250 786 2259 810 ε
2284 781 2442 823 quemad-

293 823 428 860 modum
454 819 580 869 desafiio
615 819 842 863 Provincia,
871 819 1057 869 Tyrolensis
1080 843 1093 864 ‚
1118 820 1309 857 Helvetico
1337 821 1379 861 ὠ·
1410 817 1613 867 Colonienfis
1645 827 1721 854 cum
1743 815 1824 853 aliis
1850 820 1894 856 ab
1924 819 2046 868 eisdem
2069 830 2180 871 nuper
2205 822 2322 873 divisis
2338 824 2444 874 super

295 870 456 921 ejusmodi
480 866 649 918 clausulas
667 867 739 916 sese
762 868 950 916 plurimum
967 878 1141 917 gravatas
1159 870 1349 919 sentiunt.

339 917 343 923 ⁴
393 917 472 958 Nos
491 920 604 966 igitur
627 916 749 966 justam
764 929 879 954 eorum
897 916 1158 967 postulationem
1171 919 1388 956 attendentes
1402 944 1412 960 ‚
1439 917 1483 960 (θ’
1507 916 1675 965 imprimis
1697 916 1819 964 optime
1839 918 2042 968 perspeflam
2067 918 2230 958 habentes
2247 930 2296 958 va
2323 921 2446 959 itatem

292 969 503 1006 ‘Provinciae
525 966 699 1004 “Bohemiae
721 966 946 1014 praefatorum
968 965 1135 1004 Fratrum
1163 969 1419 1016 Capucinorum
1441 991 1454 1011 ‚
1479 977 1580 1015 quam
1615 967 1669 1002 bis
1686 973 1750 1014 per
1776 978 1905 1004 annum
1933 968 2035 1016 pedes
2058 968 2198 1017 visitare
2219 970 2284 1019 pal
2304 982 2337 1006 m
2362 982 2445 1007 con-

283 1019 439 1068 spicitur
455 1044 464 1059 ,
490 1019 583 1053 vires
609 1015 774 1053 humanas
795 1014 963 1064 superare
983 1028 994 1052 z
1015 1023 1184 1064 praterea
1211 1028 1344 1065 quoque
1373 1016 1620 1065 considerantes
1643 1037 1657 1059 ,
1681 1015 1772 1063 quod
1787 1017 1961 1064 aequitatis
1983 1018 2075 1054 ratio
2106 1029 2174 1054 non
2196 1021 2385 1062 admittat,
2404 1029 2447 1056 ut

289 1069 438 1102 membra
459 1067 603 1116 ejusdem
628 1065 790 1112 Corporis
808 1065 873 1113 seu
902 1064 1055 1101 Ordinis
1085 1066 1269 1114 Seraphici
1304 1065 1452 1114 aqualia
1476 1089 1489 1109 ‚
1510 1064 1622 1112 quoad
1647 1075 1826 1101 numerum
1854 1064 2036 1116 Custodum
2065 1078 2104 1103 ac
2122 1066 2371 1118 suffiagiorum
2401 1068 2448 1104 ad

297 1115 464 1162 Capitula
494 1113 680 1163 generalia
715 1112 994 1162 destinandorum
1019 1115 1239 1163 inaequaliter
1261 1116 1456 1152 trafientur
1483 1126 1492 1148 ε
1519 1123 1583 1150 aut
1616 1112 1817 1151 Provincia
1841 1111 2016 1152 Nationis
2041 1116 2257 1154 Germanica
2284 1118 2445 1154 omnibus

289 1163 372 1198 aliis
395 1163 547 1201 aliarum
575 1161 774 1202 Nationum
803 1163 1007 1201 Provinciis
1028 1187 1040 1207 ‚
1067 1166 1193 1213 quibus
1215 1163 1264 1199 hae
1287 1165 1421 1201 meritis
1444 1163 1488 1204 &⁶
1512 1162 1712 1199 virtutibus
1736 1161 1827 1199 nulli
1846 1162 2007 1211 secundae
2018 1165 2109 1214 sunt
2127 1189 2142 1209 ,
2168 1166 2352 1215 inferiores
2387 1166 2448 1203 ha.

288 1211 466 1256 beantur,
490 1223 744 1259 onerenturque
772 1211 901 1249 talibus
927 1211 1091 1260 clausulis
1111 1213 1154 1255 ὠ·
1177 1212 1435 1250 conditionibus
1446 1235 1459 1255 ,
1489 1211 1617 1259 quibus
1634 1209 1711 1247 aliae
1734 1211 1873 1248 minime
1898 1222 2045 1250 oneratae
2069 1214 2343 1262 cognoscuntur:
2362 1225 2449 1263 qua-

285 1269 383 1359 :21²2ss
389 1262 432 1303 &¹
452 1261 514 1298 illa
535 1287 546 1306 ,
573 1272 647 1308 quae
673 1272 840 1299 novorum
865 1261 1064 1300 ereiiionem
1091 1263 1336 1301 Conventuum
1359 1260 1546 1300 interdicit
1561 1283 1575 1305 ,
1596 1260 1842 1309 propagationi
1857 1260 1946 1308 fidei
1972 1261 2157 1300 Catholicae
2180 1275 2248 1300 non
2283 1273 2447 1313 parum-a

331 1321 349 1344 e
374 1321 392 1345 e
447 1323 484 1348 er
523 1321 635 1346 scitur
651 1338 659 1346 .

386 1313 697 1405 Zelasqeeligionis
711 1382 725 1402 ‚
753 1361 818 1407 qnb'
846 1361 1102 1409 Capacinorum
1126 1363 1298 1401 Ordinem
1324 1360 1442 1400 teneri
1463 1358 1711 1409 complefiiimur
1724 1385 1738 1404 ,
1766 1360 1810 1402 (ς’
1829 1359 1936 1409 causae
1957 1385 1972 1404 ‚
1999 1372 2076 1410 qua
2097 1361 2287 1410 praefertur
2307 1385 2322 1407 ,
2344 1361 2448 1410 aequi-

287 1416 360 1444 tate
387 1408 479 1444 duffii
493 1432 507 1451 ‚
519 1406 844 1458 Reverendiffimam
859 1411 1103 1450 ‘Pateritatem
1128 1411 1280 1462 Vestram
1306 1410 1379 1449 una
1404 1423 1481 1448 cum
1493 1411 1576 1449 Sac.
1593 1410 1871 1456 congregatione
1890 1410 2004 1457 supra
2019 1409 2214 1456 Regulares
2227 1435 2242 1454 ,
2261 1410 2308 1446 ad
2321 1421 2447 1458 quam,

285 1457 345 1492 vel
359 1456 485 1505 saltem
500 1466 616 1493 eorum
640 1455 773 1502 aliquos
794 1467 1084 1505 praememoratam
1099 1461 1232 1509 causam
1248 1461 1468 1509 deferendam
1494 1458 1666 1496 credimus
1678 1483 1688 1498 ,
1697 1458 1925 1542 prqbsentibus
1934 1457 2091 1506 gratiose
2110 1460 2324 1507 requirimus
2337 1474 2346 1501 ς
2361 1470 2450 1495 com·

281 1505 423 1554 placeat
438 1505 505 1554 sibi
527 1504 662 1552 potenti
679 1504 748 1550 sua
772 1506 1025 1555 interpositione
1049 1510 1086 1545 eo
1112 1510 1294 1557 efficaciter
1318 1511 1520 1557 cooperari,
1544 1517 1719 1554 quatenus
1751 1507 1762 1510 '
1785 1508 1945 1543 rovincia
1973 1507 2148 1544 ‘Bo'hemiae
2171 1507 2339 1545 differunt
2362 1505 2449 1543 Fra·

284 1561 384 1590 trum
406 1553 664 1600 Capacinorum
683 1559 747 1598 pro
772 1553 1010 1601 conservanda
1036 1557 1136 1592 Mina·
1164 1568 1281 1592 rorum
1307 1553 1594 1594 Provincialium
1616 1555 1880 1599 incolumitate,
1904 1568 1945 1592 ac
1961 1556 2219 1594 manutenenda
2241 1555 2446 1593 commodius

279 1610 345 1651 per
367 1601 507 1638 crebras
522 1599 732 1648 vifitatioues
744 1599 918 1648 Regulam·
938 1602 1159 1649 observantia
1179 1604 1220 1639 in
1233 1604 1322 1640 duas
1347 1605 1466 1639 dividi
1480 1617 1494 1643 ε
1523 1615 1631 1651 eaque
1645 1602 1715 1653 post
1734 1603 1930 1652 divisionem
1942 1627 1956 1648 ‚
1969 1616 2099 1640 necnon
2118 1604 2161 1646 ὼ·
2185 1604 2260 1640 alia
2276 1613 2340 1653 per
2359 1605 2449 1642 Ger-

284 1650 440 1687 maniam
469 1657 579 1698 nuper
612 1647 732 1697 divisae
757 1650 872 1696 quoad
896 1650 1105 1701 Custodum,
1118 1650 1436 1701 sufflagiorumque
1463 1661 1644 1688 numerum
1669 1651 1754 1687 aliis
1781 1651 1928 1701 eJ‘usden
1949 1651 2101 1690 Ordinis
2131 1651 2336 1689 Provinciis
2372 1663 2451 1690 coae·

289 1699 399 1747 quari
414 1711 427 1740 ς
446 1710 486 1735 ac
514 1701 610 1734 circa
634 1707 801 1734 uovorum
819 1699 1064 1737 Conventuum
1086 1701 1362 1750 erefiionemfine
1384 1698 1593 1747 reslrifflione
1607 1698 1816 1748 infecunda
1837 1699 1992 1747 clausula
2017 1700 2254 1749 comprehensa
2267 1724 2279 1744 ,
2298 1702 2448 1750 paribus

284 1756 357 1786 tam
371 1747 475 1796 hujus
486 1774 495 1790 ‚
512 1744 614 1796 qutim
628 1743 777 1783 aliorum
787 1746 1069 1786 Mendicantium
1086 1749 1286 1786 Ordinibus
1302 1749 1451 1798 conceffis
1468 1746 1671 1797 privilegiis
1690 1746 1831 1795 perfrui
1846 1746 2042 1797 jubeantur
2068 1760 2108 1784 ac
2154 1750 2385 1787 ermittantur
2399 1776 2410 1787 .

386 1797 676 1838 Praeterea‚cum
692 1795 947 1845 Capucinorum
971 1797 1110 1846 Religio
1137 1800 1177 1834 in
1198 1798 1252 1834 his
1271 1797 1376 1848 vastis
1403 1797 1599 1835 Germania
1625 1795 1841 1844 Regionibus
1858 1804 1924 1844 pro
1947 1795 2089 1846 Ecclesia
2167 1797 2220 1841 ei,
2247 1800 2453 1837 animarum.

285 1846 383 1884 lucro
399 1869 413 1889 ‚
430 1857 470 1882 ac
493 1844 730 1882 hoereticorum
743 1869 755 1888 ,
779 1843 996 1894 aliarumque
1019 1847 1265 1884 aberrantium
1289 1848 1406 1884 ovium
1427 1845 1623 1882 redub'iione
1642 1845 1838 1892 plurimum
1858 1844 2100 1890 laboraverit,
2125 1855 2231 1893 atque
2253 1849 2445 1886 etiamnum

286 1897 419 1934 laboret
433 1919 445 1939 ‚
459 1894 559 1944 cujus
573 1891 783 1942 sruffiuosam
806 1901 940 1941 operam
963 1904 1035 1933 tam
1060 1893 1140 1934 Nos
1158 1918 1170 1938 ‚
1189 1894 1292 1943 quam
1315 1892 1551 1946 Anteceslbres
1566 1892 1717 1944 Nostri,
1741 1906 1818 1931 cum
1834 1895 1937 1931 uberi
1951 1894 2146 1943 fertilitate
2158 1919 2171 1939 ,
2196 1895 2240 1936 ὠ·
2254 1895 2442 1934 multorum

287 1943 440 1983 millium
456 1941 668 1991 conversione
684 1942 729 1978 ad
753 1942 972 1980 orthodoxam
992 1943 1099 1991 fidem
1114 1943 1274 1993 feliciter
1308 1945 1441 1992 experti
1457 1944 1578 1992 sumus
1594 1956 1603 1978 ε
1622 1956 1663 1980 ac
1679 1943 1829 1992 proinde
1852 1943 2069 1993 aspostolicis
2095 1945 2286 1993 favoribus
2307 1945 2446 1983 omnino

286 1995 430 2041 dignam
449 1991 674 2042 existimamus
693 2015 705 2035 ,
729 2004 802 2029 eam
827 1989 1122 2043 Reverendiffimae
1134 1990 1366 2029 ‘Paternitati
1382 1990 1506 2041 Vestra
1521 2015 1533 2035 ‚
1548 1993 1732 2040 Sacraque
1749 1992 2021 2040 congregationi
2043 2005 2112 2030 nou
2128 1992 2239 2042 solum
2258 1995 2298 2030 in
2311 1995 2440 2043 supra-

287 2043 388 2080 dietis
403 2067 415 2086 :
430 2041 493 2090 fied
518 2040 623 2077 etiam
647 2039 727 2076 aliis
748 2039 847 2091 justis
877 2039 1162 2089 postulationibus
1176 2063 1190 2084 ‚
1216 2040 1368 2078 durante
1396 2040 1560 2088 Capitulo
1587 2039 1755 2079 Generali
1779 2043 2042 2080 occurrentibus
2067 2042 2215 2090 impense
2232 2045 2372 2090 pariter
2396 2056 2441 2079 ac

280 2099 503 2142 peramanter
522 2090 849 2126 recommendamus.
876 2089 997 2126 Eidem
1018 2090 1060 2126 de
1081 2088 1214 2137 reliquo
1228 2112 1241 2133 ,
1263 2101 1303 2125 ac
1326 2089 1422 2125 dista
1435 2089 1553 2126 Sacra
1567 2089 1840 2136 Congregationi
1857 2098 2097 2140 praegnantem
2110 2090 2262 2141 affiiium
2283 2091 2435 2141 nostrum

287 2138 526 2191 confirmantes
548 2138 622 2178 (τε.
673 2138 776 2180 Datae
803 2135 948 2181 Vienna
961 2139 1019 2189 die
1050 2147 1103 2188 17.
1124 2137 1312 2177 Februarii
1337 2138 1447 2187 Anno
1477 2136 1579 2185 1671.
1862 2142 1865 2143 ⁷

424 2234 691 2308 Leopoldus
706 2272 719 2288 .

1830 2357 2126 2418 Christophorus
2163 2360 2281 2406 Abcle
2301 2366 2316 2406 .’

287 2501 438 2554 Epistola
464 2501 531 2540 alia
552 2503 597 2541 ad
624 2503 956 2544 Reverendiffimum
973 2506 1113 2545 Patrem
1136 2508 1345 2548 Generslem
1359 2534 1372 2557 ‚
1395 2518 1579 2560 totumque
1605 2512 1784 2550 Generale
1808 2507 2058 2548 Definitorium
2080 2511 2343 2559 capucinorum
2359 2535 2371 2546 .

758 2629 1729 2689 LEOPOLDUS
1873 2632 1967 2684 ἃς.

386 2744 591 2785 Reverende
604 2745 713 2784 Pater
726 2771 737 2783 .
776 2743 1000 2796 Amplitudo
1020 2747 1221 2787 Provincia
1243 2749 1418 2788 OEohemiae
1437 2774 1451 2795 ,
1468 2763 1542 2800 quae
1554 2752 1595 2802 se
1619 2752 1667 2789 ad
1692 2762 1885 2791 trecentum
1906 2750 2075 2789 milliaria
2089 2752 2297 2790 Germanica
2312 2750 2351 2785 in
2366 2762 2439 2787 una

298 2794 491 2844 visitatione
510 2795 747 2843 percurrenda
765 2796 923 2833 extendit
934 2821 949 2841 ,
972 2796 1016 2838 &³
1042 2798 1284 2848 impoffibilitas
1298 2801 1387 2836 binae
1409 2801 1615 2850 visitationis
1634 2802 1738 2851 juxta
1761 2802 1911 2839 Ordinis
1931 2800 2198 2850 Constitutiones
2220 2803 2325 2836 unius
2349 2801 2437 2835 anni

258 2863 261 2869 ν
300 2844 475 2880 curriculo
491 2843 689 2891 peragenda
704 2868 717 2888 ‚
737 2844 882 2882 induxit
903 2844 1046 2883 Patrem
1068 2847 1338 2886 ‘Provincialem
1357 2861 1434 2886 cum
1451 2850 1622 2888 Patribus
1645 2851 1791 2900 ejusdem
1817 2851 2015 2888 Provincia
2042 2849 2164 2897 nostras
2187 2851 2232 2884 ad
2256 2847 2436 2896 vestram-e

293 2893 549 2933 Paternitatem
564 2914 577 2933 ,
600 2900 773 2939 totumque
789 2891 1035 2939 Definitorium
1061 2895 1233 2935 Generale
1250 2909 1392 2936 exorare
1408 2898 1672 2947 promotionales
1689 2925 1703 2943 ,
1728 2910 1898 2949 quatenus
1921 2908 1982 2945 per
2006 2898 2199 2947 divisionem
2223 2898 2318 2932 difzae
2348 2897 2437 2932 Pro-

289 2942 418 2979 vincia
433 2964 445 2985 ‚
469 2938 704 2976 incolumitati
727 2939 967 2990 Minislrorum
991 2942 1299 2992 Provincialium,
1324 2949 1385 2995 qui
1400 2971 1415 2990 ,
1441 2958 1484 2985 ut
1504 2950 1719 2998 experientia
1748 2949 1843 2984 docet
1861 2974 1871 2988 ,
1895 2947 1965 2995 sub
1987 2956 2092 2982 tantae
2123 2945 2296 2993 vastitatis
2322 2942 2435 2979 mole)

284 2990 515 3041 succumbunt
529 3014 541 3031 ‚
557 2986 658 3039 simul
684 3000 725 3024 ac
745 2989 969 3037 observantia
990 2991 1172 3038 regulari,
1196 3006 1271 3043 quae
1295 2995 1427 3043 desefiu
1448 2999 1687 3045 consuetarum
1708 2997 1942 3047 vifitationum
1959 2993 2148 3042 plurimum
2176 2992 2404 3042 periclitatur
2418 3016 2432 3035 2

286 3037 435 3089 providi
459 3038 682 3088 consulatur,
707 3037 751 3079 ὠ·
765 3038 964 3088 Monostica-
977 3038 1161 3088 disciplina
1183 3044 1223 3078 in
1237 3043 1302 3092 suo
1324 3045 1445 3091 vigore
1472 3046 1720 3094 conservetur.

388 3086 503 3136 Rogat
526 3096 639 3125 autem
646 3086 728 3145 suae
749 3086 947 3137 Provinciae
968 3088 1008 3122 in
1028 3088 1192 3137 divisione
1208 3104 1276 3127 non
1291 3093 1419 3138 imponi
1447 3092 1645 3140 Clausulam
1667 3091 1761 3130 illam
1786 3092 1807 3129 ὰ
1835 3090 2007 3130 Clemente
2036 3090 2103 3127 IX.
2130 3089 2210 3127 aliis
2235 3091 2437 3129 Provinciis

292 3144 402 3185 nuper
429 3137 467 3171 in
490 3136 679 3174 Germania
702 3135 817 3184 divisis
836 3135 1016 3184 impositam
1033 3158 1046 3178 ‚
1074 3140 1144 3184 qud
1166 3139 1309 3186 usitatus
1329 3138 1411 3174 aliis
1433 3138 1583 3177 aliarum
1598 3138 1798 3180 Nationum
1821 3141 2022 3179 Provinciis
2047 3139 2226 3189 Custodum
2248 3153 2286 3175 ac
2303 3140 2437 3190 Sassia.

288 3187 427 3235 giorum
453 3196 610 3222 numerus
631 3183 703 3221 illis
717 3183 947 3234 subtrahitur
962 3206 973 3220 ·
999 3183 1114 3234 Quem
1138 3199 1270 3236 quoque
1290 3186 1367 3225 PP.
1393 3186 1635 3226 Provinciales
1653 3191 1694 3226 in
1714 3190 1835 3241 nostris
1854 3189 2085 3227 hereditariis
2100 3213 2112 3231 ‚
2135 3201 2174 3224 ac
2195 3188 2345 3225 Romani
2375 3189 2438 3223 lm·

286 3234 380 3282 perii
396 3234 585 3270 ditionibus
607 3232 782 3283 existentes
800 3233 967 3270 amarum
976 3231 1247 3273 Provinciarum
1268 3235 1463 3284 divisarum
1492 3238 1538 3274 tbi
1560 3239 1670 3276 denuo
1685 3239 1846 3290 restitui,
1871 3240 1914 3280 ἶς’
1936 3238 2047 3287 quoad
2066 3238 2251 3284 paritatem
2277 3248 2434 3273 votorum

286 3284 393 3334 juxta
409 3284 544 3341 vrbani
566 3280 664 3320 VIII.
686 3281 952 3332 dispositionem,
973 3281 1173 3335 &ejusdem
1194 3284 1346 3323 Ordinis
1368 3286 1471 3334 appi-o
1495 3296 1572 3324 atas
1591 3287 1612 3324 a
1632 3289 1722 3327 Sede
1736 3287 1927 3339 Apostolica
1951 3286 2215 3336 Constitutiones
2230 3310 2242 3331 ,
2260 3287 2331 3335 sese
2355 3285 2435 3322 aliis

288 3342 355 3369 eoae
380 3342 459 3368 uari
481 3344 498 3367 e
532 3343 551 3366 a
575 3334 694 3372 itant.
1419 3369 1426 3375 .

358 3343 377 3379 q
405 3332 666 3429 Insupfbirgetiam
688 3380 887 3430 obsecrant,
915 3380 1059 3418 alteram
1082 3383 1122 3418 in
1141 3386 1392 3432 praememorati
1414 3385 1603 3424 Clementis
1626 3386 1693 3423 IX.
1716 3386 1863 3426 Decreto
1883 3393 1948 3435 pro
1972 3384 2133 3434 divisione
2160 3383 2328 3420 diffarnm
2349 3385 2435 3422 Pro.

297 3429 499 3466 vinciarum
523 3430 611 3467 edito
628 3430 792 3479 insertam
814 3429 1013 3479 clausulam,
1025 3431 1202 3470 erefiiionis
1228 3445 1396 3472 novorum
1420 3435 1664 3474 Conventuum
1675 3435 1750 3494 sine'
1770 3435 1872 3476 Sedis
1884 3433 2079 3483 Apostolicae
2100 3432 2242 3469 licentia
2265 3434 2433 3469 inhibito-

294 3479 400 3522 riam,
414 3480 540 3515 iterum
563 3477 712 3525 aboleri,
737 3479 780 3523 ὠ·
802 3479 846 3516 ad
868 3483 1033 3518 terminos
1052 3480 1147 3530 juris
1172 3484 1314 3532 antiqui
1337 3484 1484 3530 reduci,
1509 3496 1549 3520 ac
1573 3484 1775 3523 ProvincIis
1804 3485 1843 3520 in
1859 3484 2028 3533 futurum
2058 3481 2261 3518 dividendis
2288 3482 2433 3530 amplius

293 3538 363 3564 non
389 3539 409 3562 a
455 3539 535 3564 om.

393 3535 471 3615 λᾶι
495 3578 613 3624 itaque
637 3577 706 3615 zelo
729 3575 924 3629 Religionis
943 3579 986 3622 ὠ·
1003 3589 1116 3616 amore
1134 3578 1277 3629 Justitiae
1303 3581 1396 3618 duffii
1413 3605 1426 3626 ,
1459 3582 1528 3628 piis
1555 3582 1736 3621 eorundem
1754 3582 1916 3631 precibus
1939 3578 2084 3628 benigni
2108 3590 2298 3617 annuentes
2313 3607 2322 3622 ,
2349 3582 2434 3630 opti.

294 3624 343 3663 mi
369 3636 410 3662 ue
430 3624 627 3674 perspeElam
648 3626 806 3664 habentes
816 3626 1075 3675 amplitudinem
1089 3628 1132 3670 ὡ·
1148 3628 1340 3678 vastitatem
1353 3630 1551 3668 Provincia
1565 3630 1747 3674 Bobenia,
1771 3630 1995 3679 prasentibus
2017 3629 2272 3668 Paternitatem
2290 3630 2433 3678 vestram

299 3686 339 3711 ze
353 3684 455 3712 anter
476 3675 682 3722 requirimus
698 3699 712 3719 ,
732 3685 902 3723 quatenus
922 3676 1010 3714 velit
1034 3674 1106 3714 una
1126 3689 1204 3713 cum
1218 3678 1438 3726 ‘Definitorio
1453 3678 1620 3716 Generali
1631 3679 1849 3728 desideratam
1871 3679 1964 3716 ditia
1981 3677 2190 3715 “Provinciae
2213 3678 2407 3727 divisionem
2422 3703 2435 3722 ,

289 3729 356 3772 pro
375 3722 543 3770 facienda
564 3725 762 3760 commodius
786 3725 870 3761 bina
887 3734 951 3775 per
972 3737 1102 3762 annum
1124 3726 1344 3776 visitatione,
1369 3740 1410 3764 ac
1433 3728 1689 3771 manutenenda
1711 3726 1867 3775 regulari
1883 3728 2099 3777 observantia
2115 3726 2266 3773 apprime
2290 3725 2431 3776 necessa-

291 3773 387 3815 riam
408 3773 587 3828 efficaciter
605 3780 831 3823 promovere,
855 3784 959 3827 atque
986 3774 1023 3814 eo
1039 3773 1267 3828 fingulariter
1293 3777 1497 3827 cooperari,
1521 3785 1564 3815 ut
1587 3776 1792 3829 supradiiia
1820 3776 1974 3830 clausula
2010 3775 2191 3826 Custodum
2207 3799 2220 3820 ‚
2243 3774 2438 3824 suffugio--

1548 3851 1561 3864 .
2247 3834 2389 3872 rumque
