2658 4256
809 205 1761 324 ‘Mandro-Belgica.

266 335 322 384 vis
338 335 618 379 Ecclefiasticis
644 339 846 383 sententiis
862 370 875 391 ,
909 342 1078 384 censuris
1104 343 1143 382 δι
1166 355 1254 395 poe-

232 418 238 422 ·
261 397 323 440 nis
353 408 422 448 per
443 409 508 437 eas
523 394 798 450 praemifforum
815 399 1019 447 occasione
1034 400 1255 454 quomodo·

230 453 364 496 “libet
381 454 546 498 incurfis
559 455 807 499 absolutione
822 485 836 508 ,
851 457 1096 512 emptionem
1115 457 1255 510 praedi-

250 513 379 563 fiam,
400 513 652 556 Aunoritate
665 513 808 557 Nostra
822 515 1018 572 approbes
1031 540 1044 560 a
1060 515 1100 554 &
1112 511 1258 555 confir-

226 575 229 590 ·’
257 582 369 621 mes,
399 569 543 626 illique
566 570 808 615 inviolabilis
827 573 1065 628 Apostolicae
1089 570 1256 612 firmita-

255 628 309 673 tis
335 627 459 670 robur
471 629 664 683 adjicias,
699 642 744 669 ae
759 643 896 672 omnes
920 633 960 672 δε
975 630 1144 685 singulos
1171 638 1253 668 tam

231 696 234 700 ·
255 684 375 742 juris,
390 687 509 741 quam
523 690 611 729 faeti
627 686 823 743 defectus,
838 688 862 728 fi
880 690 946 744 qui
961 687 1132 743 desuper
1153 700 1251 741 quo-

251 744 479 787 modolibet
508 744 827 793 intervenerint,
851 744 1056 800 suppleas.
1078 749 1172 788 Non.
1185 746 1253 786 ob·

252 801 355 844 stan.
379 800 450 843 fel.
461 817 541 844 rec.
557 802 671 845 Pauli
688 803 741 844 11.
755 827 769 850 ‚
798 802 838 842 ἃ
862 802 1032 846 aliorum
1049 806 1252 845 Romano-

254 873 346 903 rum
374 858 614 902 Pontificum
631 857 966 908 Praedecelsorum
993 861 1252 903 nostrorum.)

255 918 308 960 de
336 917 452 959 rebus
481 916 669 960 Ecclesiae
688 930 771 960 non
797 915 1019 960 alienandis
1045 947 1059 969 ,
1089 917 1251 972 aliisque

254 974 645 1024 Constitutionibus,
667 976 707 1015 ἃ.
725 973 1058 1023 Ordinationibus
1082 977 1248 1034 Aposto-

254 1033 366 1079 licis,
397 1045 554 1073 necnon
571 1030 726 1076 Domus
741 1059 755 1083 ,
781 1045 826 1073 ac
843 1034 1073 1076 Monasterii
1087 1060 1100 1079 2
1125 1035 1164 1073 &
1177 1036 1252 1075 Or.

253 1090 360 1132 dinis
386 1088 660 1143 prandiam-um
678 1119 691 1141 ,
717 1090 842 1132 cti-am
873 1092 949 1133 &c.
980 1091 1134 1134 statutis
1163 1122 1177 1144 ,
1215 1093 1252 1132 &

253 1146 635 1200 consuetudinibus,
661 1147 891 1205 caeterisque
922 1151 1139 1194 contrariis
1166 1151 1251 1207 qui-

223 1217 227 1220 ’
250 1204 510 1261 δυίῖτυηςυε.
1194 1210 1197 1212 ’

310 1267 461 1306 Datum
478 1266 615 1307 Romae
629 1264 733 1321 apud
752 1267 964 1310 S-Mariam
977 1267 1172 1323 Maiorem
1188 1266 1255 1307 sub

253 1322 421 1365 Annulo
431 1322 538 1364 Pisca
548 1324 731 1375 toriS,die
751 1338 808 1366 ix.
824 1326 992 1381 August-i
1006 1339 1178 1369 mncxvi
1192 1337 1254 1366 u.

251 1378 515 1424 Pontificatfis
534 1382 656 1425 nostri
671 1384 962 1438 Annoquarto
979 1385 1154 1427 decimo.

667 1492 708 1533 S.
725 1488 846 1536 Card.
875 1494 914 1535 S.
931 1492 1112 1538 Susannae
1129 1521 1140 1533 .

310 1601 460 1652 Autog.
490 1597 532 1638 in
552 1595 677 1640 Aah..
700 1600 840 1640 δειναί.
867 1602 985 1641 Brcv.
1003 1599 1133 1656 Apost.
1161 1600 1253 1651 ch.

363 1655 482 1712 mens?
500 1654 549 1703 {55
563 1653 791 1710 annipraed.
801 1654 882 1713 fol.
899 1669 1002 1710 240..

250 1781 908 1800 --v—m-m*
914 1782 1254 1800 ——ffl—

249 1874 310 1920 In
336 1871 575 1923 Provincia
602 1885 723 1919 nova
739 1869 1043 1931 Monasteria,
1067 1891 1156 1922 non
1176 1870 1254 1919 ob-

319 1940 536 1990 stantibus
583 1938 998 1992 Constitutionibus
1043 1946 1255 1993 Clemen-

319 2013 377 2061 tis
396 2015 546 2061 vm.
567 2045 583 2067 ,
619 2011 902 2077 aliorumque
919 2016 1257 2064 Summorum„

321 2078 597 2130 Pontificum
611 2077 1016 2150 recipi,&construi
1032 2083 1254 2152 indulget.

287 2201 740 2256 PAULUS·
810 2204 1085 2253 PAPA
1155 2206 1219 2253 V.

424 2317 494 2360 Ad
508 2325 735 2374 perpetuam
759 2320 819 2360 rei
845 2322 1080 2362 memoriam-.-

380 2436 421 2477 D
441 2435 608 2481 uberes]
633 2435 673 2476 &
696 2431 837 2479 suaves
861 2433 1039 2488 frunitus,
1064 2452 1161 2494 quos
1188 2438 1251 2481 di-

361 2544 365 2547 Δ
407 2493 497 2536 Ιεᾶὶ
514 2492 602 2536 Filii
621 2520 634 2543 ,
662 2495 821 2536 Fratres
847 2495 1014 2537 Ordinis
1044 2498 1252 2540 Minorum

253 2554 295 2594 S.
314 2551 510 2594 Francisci
527 2551 987 2609 ,Capucin‘rnuncupati
1003 2580 1017 2603 ,
1049 2555 1087 2596 in
1105 2556 1252 2598 Eccle.

252 2608 304 2650 fia
328 2608 549 2661 militanti,
576 2609 688 2665 cujus
712 2611 914 2667 Regimini
943 2612 1088 2654 Divina
1118 2613 1252 2669 dispo-

256 2674 380 2707 nente
408 2666 623 2710 clementia*
653 2671 898 2723 praefidemus
927 2699 941 2722 ,
974 2673 1013 2712 in
1043 2671 1129 2714 dies
1158 2671 1252 2714 affe-

257 2730 352 2765 runt
366 2751 380 2773 ,
405 2725 551 2767 mentis
564 2725 704 2768 nostrae
717 2729 841 2769 aciem
859 2739 1145 2773 convertentes
1159 2757 1173 2779 ,
1205 2744 1253 2772 ac

252 2780 464 2822 uberiores
490 2795 539 2822 ex
558 2781 639 2835 ipso
653 2785 809 2826 Ordine
822 2783 972 2827 fruetus
998 2787 1036 2827 in
1053 2789 1138 2831 dies
1158 2801 1252 2842 pro-

250 2849 449 2881 venturos
473 2836 792 2893 effe-sperantes,
826 2843 938 2883 adea
962 2845 1104 2888 merito
1121 2846 1252 2888 liben-

252 2907 316 2939 ter
346 2897 590 2939 intendimus
608 2925 620 2947 ,
644 2910 727 2952 quae
763 2898 930 2950 ipsorum
965 2901 1148 2942 Fratrum
1170 2906 1252 2944 Ca-

250 2955 490 3013 pucinorum
504 2966 720 3009 augmento
734 2954 1148 3007 conducerepoffunr,
1166 2971 1251 3009 quae

250 3014 354 3057 vero
371 3013 450 3055 illis
467 3014 503 3054 in
522 3014 599 3054 hoc
613 3014 945 3066 impedimentum
964 3012 1125 3068 aliquod
1139 3014 1250 3057 affer·

251 3071 605 3126 redignoscuntur
619 3100 630 3122 ,
657 3072 709 3114 de
730 3071 866 3113 medio
893 3070 1042 3113 tollere
1057 3086 1250 3127 procura-

251 3145 339 3174 mus
354 3158 367 3179 ,
398 3141 521 3186 prout
547 3130 811 3184 conspicimus
828 3130 868 3171 in
890 3131 1066 3172 Domino
1087 3129 1252 3175 {alubri-

255 3199 318 3232 ter
346 3190 542 3243 expedire
559 3219 570 3230 .

309 3247 472 3288 Idcirco
495 3246 845 3301 supplicationibus
873 3261 944 3301 pro
976 3255 1088 3301 parte
1114 3249 1249 3292 dilecti

251 3305 641 3355 Filii,Procuratoris
658 3307 871 3348 Generalis
885 3305 980 3347 disti
994 3307 1154 3348 Ordinis
1166 3313 1250 3351 No·

252 3364 310 3408 bis
337 3363 454 3419 super
485 3364 560 3405 lioc
592 3364 799 3407 humiliter
819 3362 1009 3419 porrectis
1039 3365 1248 3416 inclinati,

253 3421 304 3463 de
319 3422 618 3464 venerabilium
637 3425 816 3465 Fratrum
834 3422 1072 3469 nostrorum,
1091 3426 1245 3466 s.R.E.

254 3479 720 3536 Cardinalium,negotiis
740 3481 1005 3536 Regularium
1023 3481 1249 3535 praepolito-

255 3550 343 3579 rum
365 3539 528 3580 consilio
543 3567 556 3589 ‚
582 3538 755 3595 ejusdem
783 3538 953 3582 Ordinis
969 3541 1153 3582 Fratrum
1169 3540 1249 3582 Mi·

1316 343 1526 381 Canonum
1552 369 1564 389 ‚
1599 339 1636 378 sc
1662 334 1840 378 Concilii
1857 336 2309 395 Tridentini,recipere

1317 398 1444 439 libere
1461 426 1475 448 ,
1501 399 1539 439 &
1566 394 1675 437 licite
1705 394 1889 443 valeant,
1916 397 2151 450 Apostolica
2168 404 2317 442 Aucto-

1316 458 1436 497 ritate
1450 484 1464 506 ,
1490 466 1631 497 tenore
1645 450 1893 505 praesentium
1907 483 1919 505 ,
1948 455 2150 497 licentiam
2167 485 2181 507 ,
2207 460 2246 499 δε
2260 457 2319 500 fa-

1317 515 1510 554 cultatem
1537 509 1820 561 concedimus,
1851 513 2185 568 &impartimur.
2224 521 2319 559 Nou

1315 571 1562 612 obstantibus
1590 568 1656 612 fel.
1687 568 1844 609 record.
1861 570 2088 613 Clementis
2105 575 2184 615 PP.
2200 574 2323 615 Vm*

1315 626 1617 670 Praedecefforis
1633 625 1783 676 nostri,
1815 640 1898 681 quae
1914 630 2079 684 incipit:
2114 633 2318 690 Qoniam

1313 685 1361 726 ad
1378 685 1556 728 instituta
1571 687 1646 727 &c.
1672 683 1741 727 sub
1756 685 1905 726 Datum
1933 688 2066 730 Romae
2098 689 2204 744 apud
2224 692 2322 731 San-

1314 745 1419 784 &um
1436 746 1623 784 Marcum
1652 741 1720 784 sub
1746 742 1914 783 Annulo
1944 745 2159 787 Piscatoris
2174 777 2190 797 ‚
2211 747 2319 792 die.)

1312 815 1460 842 xxiii.
1482 797 1578 855 Julii
1604 813 1793 842 M0c111.
1824 800 2085 846 pontificatus
2118 805 2175 846 sui
2200 808 2321 848 Anno

1310 859 1550 903 duodecimo
1566 887 1581 907 ,
1607 859 1646 898 &
1664 858 1751 899 aliis
1768 858 2135 903 Constitutionibus
2154 891 2167 912 ,
2183 865 2222 903 &
2238 866 2323 905 Or-

1311 917 1582 959 dinationibus
1598 915 1865 970 Apostolum,
1884 930 2035 959 necnon
2052 918 2230 973 pra-disti
2250 950 2263 971 ,
2285 923 2326 963 δε

1312 968 1479 1029 cujusvis
1509 974 1673 1016 alterius
1689 973 1883 1025 Ordinis,
1911 977 2031 1018 etiam
2057 975 2318 1032 juramento,

1313 1032 1881 1088 ConfirmationeApostolica
1898 1062 1912 1083 ,
1947 1034 2012 1076 vel
2037 1036 2180 1089 quavis
2196 1035 2322 1076 firmi-

1312 1102 1399 1136 tate
1427 1092 1502 1134 alia
1540 1091 1741 1133 roboratis
1783 1090 1963 1143 statutis,
1990 1093 2030 1133 &
2063 1093 2323 1135 consuetudi-

1316 1152 1458 1200 nibus,
1481 1149 1700 1204 privilegiis
1727 1162 1887 1204 quoque
1906 1151 2073 1193 indultis
2092 1180 2105 1202 ,
2138 1153 2176 1192 &
2201 1151 2323 1194 literis

1317 1208 1556 1263 Apostolicis
1573 1237 1587 1259 ,
1601 1207 1801 1262 quibusvis
1816 1208 1908 1250 aliis
1922 1209 2142 1251 Ordinibus
2159 1239 2172 1262 ,
2191 1223 2236 1251 ac
2251 1225 2323 1252 eo-

1316 1282 1401 1310 rum
1427 1267 1710 1321 Superioribus
1729 1292 1743 1313 ‚
1765 1268 1811 1307 &·
1832 1263 2007 1320 personis
2024 1298 2040 1319 ,
2066 1268 2134 1310 sub
2159 1266 2324 1322 quibus·

1314 1340 1471 1381 cunque
1498 1326 1710 1367 verborum
1737 1324 1901 1373 formis,
1931 1328 1972 1368 &
2003 1327 2211 1369 tenoribus
2244 1328 2319 1370 ἰὼ

1314 1385 1561 1427 contrarium
1589 1382 1871 1438 praemissorum
1886 1384 2193 1440 quomodolibet
2219 1400 2321 1428 con-

1315 1442 1423 1485 ceffis
1440 1470 1452 1494 ,
1467 1440 1710 1484 confirmatis
1725 1470 1738 1493 ,
1758 1443 2007 1484 &innovatis
2021 1471 2031 1482 .
2061 1444 2219 1500 ijus
2236 1458 2320 1485 om·-

1315 1504 1459 1550 nibus‚
1485 1503 1523 1542 &
1552 1500 1739 1553 singulis,
1763 1513 1902 1540 eorum
1926 1508 2088 1540 tenores
2124 1501 2323 1554 praesenti-

1316 1562 1389 1601 bus
1406 1573 1476 1613 pru
1497 1558 1616 1611 plene
1628 1586 1641 1606 ,
1664 1558 1703 1597 &
1716 1556 1959 1598 sufficienter
1974 1558 2159 1611 expreffis
2174 1561 2321 1602 haben-

1312 1629 1407 1665 tes,
1444 1618 1514 1656 hac
1532 1615 1620 1656 vice
1636 1614 1870 1662 dumtaxat,
1905 1615 2156 1670 specialiter,
2184 1620 2221 1659 &r
2250 1633 2320 1660 ex-

1313 1673 1444 1731 presse
1461 1675 1704 1728 derogamus
1716 1703 1731 1723 ,
1763 1674 1991 1729 caeterisque
2004 1677 2217 1718 contrariis
2234 1678 2321 1731 qui·-

1313 1735 1555 1785 buscumque
1568 1761 1578 1772 .
1612 1731 1813 1775 Volumus
1827 1743 1959 1774 autem
1974 1760 1988 1782 ,
2007 1742 2051 1773 ut
2067 1734 2318 1788 praesentium

1314 1792 1573 1845 transumptis
1591 1821 1605 1842 ,
1629 1791 1750 1834 etiam
1768 1791 1959 1847 impreffis
1974 1819 1988 1841 ,
2010 1793 2049 1832 δε
2062 1806 2178 1834 manu
2196 1795 2320 1836 alicu-

1313 1851 1375 1910 jus
1399 1851 1558 1893 Notarii
1584 1850 1732 1904 publici
1750 1849 1975 1906 subscriptis
1989 1879 2005 1900 ,
2031 1852 2070 1891 δε
2086 1852 2228 1906 Sigillo
2245 1852 2319 1894 ali-

1313 1910 1427 1967 cujus
1444 1910 1619 1952 Personae
1643 1909 1681 1950 in
1703 1909 1902 1964 dignitate
1919 1907 2195 1952 Ecclefiastica
2218 1924 2318 1952 con·

1316 1971 1459 2012 stitutae
1488 1968 1650 2010 munitis
1675 1995 1689 2017 ‚
1719 1967 1860 2010 eadem
1888 1966 2045 2021 prorsus
2073 1967 2172 2010 fides
2201 1968 2317 2010 adhi-

1317 2032 1458 2072 beatur
1480 2056 1495 2078 ,
1537 2041 1620 2083 quae
1641 2025 1789 2068 eisdem
1817 2026 2071 2081 praesentibus
2099 2026 2315 2069 adhibere-

1315 2097 1409 2138 tur,
1441 2085 1464 2127 fi
1487 2086 1622 2128 forent
1636 2085 1849 2137 exhibitae,
1875 2083 2142 2130 velostensae.

1374 2150 1520 2188 Datum
1550 2147 1689 2187 Romae
1717 2145 1819 2199 apud
1848 2147 1886 2187 S.
1915 2145 2085 2187 Mariam
2114 2142 2315 2200 Majorem

1315 2203 1385 2247 sub
1410 2204 1578 2246 Annulo
1607 2201 1816 2246 P1scat0ris
1839 2230 1853 2252 ,
1885 2202 1951 2244 die
1976 2215 2001 2243 x
2022 2216 2035 2242 1
2057 2214 2095 2241 v·
2126 2204 2316 2256 Septem·-

1314 2264 1393 2305 bris
1407 2276 1601 2306 Mncxvu
1617 2276 1649 2303 1.
1682 2259 1945 2304 Pontificatfis
1959 2259 2081 2305 nostri
2097 2261 2219 2303 Anno
2245 2261 2314 2304 de-

1315 2322 1423 2363 cimo
1436 2330 1605 2377 quarto.

1722 2381 1762 2420 S.
1781 2376 1906 2420 Card.
1932 2380 1972 2420 S.
1988 2373 2170 2420 Susannae
2186 2404 2198 2416 .

1372 2495 1670 2552 Autograph'um
1697 2493 1739 2534 in
1762 2494 1930 2536 Archi-vo
1958 2491 2189 2536 Secretariae
2217 2495 2311 2533 Bre-

1427 2560 1531 2596 vium
1565 2552 1860 2607 Apostolicorum
1887 2553 2040 2606 Regcllo
2056 2552 2186 2611 mensis
2212 2579 2225 2603 ,
2265 2553 2311 2599 ὅ

1425 2617 1521 2656 anni
1534 2611 1815 2667 praedsffirum
1831 2610 1910 2668 fol.
1927 2615 2027 2663 408.

1311 2749 1543 2762 ——-
2020 2749 2312 2762 ——ss——n

1312 2851 1559 2896 Decretum
1601 2848 1648 2893 S.
1677 2843 2059 2910 Congregationis
2093 2844 2314 2893 Cardina-

1380 2917 1525 2969 lium,
1555 2912 1751 2961 concilii
1786 2912 2044 2961 Tridentini
2078 2916 2308 2982 Interpre-

1378 2997 1477 3030 tum
1496 3016 1509 3038 ,
1537 2980 1592 3028 de
1622 2979 1875 3034 obedient-ia
1898 2982 1946 3033 8(
1976 2984 2183 3032 cautione
2205 3019 2220 3041 ‚
2251 2986 2307 3034 ab

1382 3049 1612 3117 Episcopis
1639 3051 1682 3097 in
1711 3053 1952 3101 collatione
1972 3056 2051 3102 SS.
2069 3051 2306 3103 Ordinum

1381 3118 1592 3188 praetensa
1605 3154 1628 3178 „
1645 3137 1735 3168 non
1760 3121 2006 3188 praestanda
2041 3121 2281 3173 confirmat
2295 3163 2307 3172 .

1314 3249 1764 3303 URBANUS
1830 3251 2045 3301 PAPA
2114 3254 2306 3302 VIII.

1480 3366 1784 3424 Adperpetuam
1808 3368 1871 3411 rei
1894 3366 2133 3409 memoriam.

1389 3500 1394 3506 ·
1439 3483 1582 3526 Omine
1596 3483 1731 3529 dilecti
1743 3482 2018 3534 Filii,Ministri
2034 3482 2301 3524 Provincialis

1459 3544 1675 3585 Provinciae
1692 3542 1883 3585 Flandriae
1900 3541 2088 3593 ,Ordinis
2113 3544 2301 3583 Fratrum

257 3607 399 3637 norum
415 3597 715 3651 Capucinorum
730 3598 1033 3654 Superior-ihm,
1048 3599 1143 3640 utin
1157 3598 1247 3640 Bel·
1305 3598 1507 3642 Minorum
1537 3605 1575 3643 S.
1595 3600 1789 3643 Francisci
1817 3599 2116 3655 Capucinorum
2147 3612 2302 3641 nuncu·-

258 3652 355 3709 gicis
365 3653 604 3704 Provinciis,
621 3657 806 3700 Flandria
823 3656 1017 3700 videlicet
1031 3684 1044 3707 ,
1077 3658 1114 3698 &
1130 3656 1246 3698 Wal-
1304 3663 1489 3710 patorum
1505 3660 1632 3700 Nobis
1661 3673 1786 3714 nuper
1810 3657 2029 3713 expositum
2049 3655 2125 3699 fuit
2145 3685 2159 3708 ,
2190 3654 2298 3712 quod

257 3711 364 3753 lonia
380 3739 394 3762 ,
422 3725 522 3754 nova
549 3714 809 3766 Monasteria,
835 3714 898 3756 (eu
915 3717 1066 3756 Domos
1083 3743 1096 3765 ,
1122 3715 1250 3758 serva·
1309 3712 1405 3756 alitis
1428 3716 1568 3758 aVen.
1584 3718 1789 3758 Fratribus
1818 3717 1956 3759 nostris
1984 3717 2136 3759 S.R.E.
2155 3714 2301 3756 Cardi-

257 3767 301 3812 ῐΐι
325 3778 456 3812 tamen
486 3769 611 3814 forma
631 3773 671 3815 in
696 3774 742 3816 iis
771 3772 1011 3828 recipiendis
1036 3776 1246 3816 Sacrorum
1307 3771 1477 3821 natibus,
1494 3778 1534 3818 S.
1553 3774 1729 3817 Concilii
1747 3773 2299 3829 Tridentinilnterpretibus,

2135 3843 2243 3886 ema-
