2658 4256
931 166 1537 257 Helvetiba.

206 305 278 347 hoc
308 296 515 341 humiliter
549 299 743 354 porreffis
773 298 980 348 inclinati,
1009 302 1143 343 omnia
1169 302 1208 345 &

205 354 349 411 fingula
375 357 601 400 Monasterii
618 359 730 401 vestri
747 360 889 401 statuta
904 387 917 409 ‚
929 359 1203 405 &ordinatio-

199 428 273 459 nes
290 441 304 464 ‚
324 424 518 468 quatenus
536 428 668 459 tamen
685 416 756 459 iint
780 416 820 458 in
844 415 910 458 usu
927 446 942 468 ‚
972 431 1018 458 ac
1042 418 1153 460 licita
1169 419 1209 462 &

200 471 379 524 honesta,
395 486 468 515 nec
485 484 671 517 revocata
685 485 754 518 aut
768 474 918 520 abolita
929 503 943 524 2
960 475 1025 520 vel
1045 474 1118 518 sub
1131 475 1207 517 ali·

196 530 344 587 quibus
356 533 697 592 reyocationibus,
709 543 779 576 aut
791 532 1080 575 abolitionibus
1095 547 1186 580 com
1198 556 1207 562 ·

194 590 391 647 prehensa
404 595 421 642 3
440 591 996 649 nequesacrisCanonibus,
1028 592 1068 636 δε
1090 593 1204 632 Con-

194 646 284 690 cilii
300 649 532 693 Tridentini
550 651 735 694 Decretis
745 678 760 701 ‚
773 663 820 694 ac
839 648 1201 692 constitutionibus

192 706 436 762 Apostolicis
461 705 718 752 adversentur
732 736 746 758 ,
768 707 1001 762 Apostolica
1015 706 1202 752 Auctori-

191 774 277 807 tate
287 793 303 816 ‚
317 775 462 810 tenore
475 762 724 821 praesentium
740 766 1009 819 approbamus
1023 793 1036 815 ,
1049 767 1089 810 &
1103 778 1201 807 con·

190 823 415 876 firmamus,
435 823 596 879 illisque
620 822 865 864 inviolabilis
882 823 1119 875 Apostolicae
1134 821 1201 863 fir-

187 883 342 926 mitatis
358 884 485 925 robur
499 880 709 936 adjicimus
722 909 738 930 ,
764 893 811 921 ac
826 894 966 923 omnes
980 907 993 928 ³
1018 883 1058 922 δι
1073 882 1202 934 fingu-

187 942 249 985 los
263 952 342 983 tam
355 939 454 996 juris
466 967 482 991 ‚
508 939 627 993 quam
641 935 731 979 facti
747 935 925 982 defectus
935 966 950 990 ,
964 938 988 979 fi
1002 940 1069 994 qui
1084 938 1202 980 desu-

188 1015 263 1056 per
274 998 582 1053 quomodolibet
598 995 898 1039 intervenerint
909 1025 923 1047 ‚
949 995 1172 1052 supplemus
1186 1024 1202 1047 ‚

186 1058 341 1111 illaque
353 1054 487 1096 omnia
497 1083 514 1104 ,
527 1057 567 1096 δι
579 1053 729 1111 singula
741 1055 792 1096 ab
805 1055 992 1100 omnibus
1001 1084 1018 1106 ,
1032 1056 1080 1097 ad
1096 1067 1201 1110 quos

187 1115 369 1170 spectat,
396 1115 436 1155 &
460 1113 501 1154 in
524 1111 706 1156 futurum
731 1127 809 1168 pro
834 1125 1024 1167 tempore
1051 1114 1200 1169 spesta-

185 1174 274 1220 bit,
299 1170 594 1215 inviolabiliter
613 1169 820 1215 observari
843 1171 1021 1221 debere,
1042 1186 1090 1215 ac
1107 1171 1201 1214 irri-

184 1242 275 1275 tum
286 1260 305 1281 ,
333 1231 373 1272 &
388 1230 530 1281 inane,
553 1229 579 1271 fi
603 1229 712 1273 secus
728 1230 844 1287 super
858 1232 917 1273 his
934 1234 957 1277 a
972 1245 1170 1286 quoquam
1184 1259 1200 1282 2

186 1290 327 1346 quavis
354 1290 595 1331 auctoritate
609 1315 623 1338 a
647 1289 819 1336 scienter
831 1318 846 1339 2
874 1290 938 1331 vel
967 1290 1200 1344 ignoranter

185 1347 410 1403 contigerit
429 1348 622 1391 attentari
635 1376 651 1398 ,
669 1347 922 1393 decernimus
935 1377 948 1391 .
982 1349 1028 1391 In
1045 1358 1205 1393 contra-

185 1409 291 1450 rium
316 1406 559 1448 facientibus
582 1419 664 1448 non
678 1407 923 1451 obstantibus
937 1407 1201 1465 quibuscum-

185 1479 267 1522 que
279 1493 290 1504 .
326 1466 479 1506 Datum
495 1466 635 1506 Romae
647 1464 754 1520 apud
780 1469 822 1510 S.
840 1468 1009 1508 Petrum
1029 1465 1101 1507 sub
1116 1468 1203 1506 An-

187 1525 286 1567 nulo
301 1521 509 1565 Piscatoris
523 1551 536 1573 ,
565 1524 643 1566 Die
663 1537 739 1568 xri
756 1538 788 1566 t.
807 1525 994 1579 Januarii
1011 1538 1203 1569 mncxxv-

185 1580 449 1630 Pontificatus
462 1580 587 1625 nostri
605 1585 729 1626 Anno
748 1580 928 1629 secundo
943 1610 957 1626 .

663 1701 721 1743 Μ.
733 1699 789 1741 Δ.
803 1698 1010 1742 Maraldus
1021 1728 1034 1745 .

241 1819 388 1871 Autog.
412 1817 457 1856 in
485 1817 603 1859 Arcb.
636 1818 780 1859 secret.
809 1817 925 1859 Brcv.
949 1816 1083 1875 Apost-
1109 1821 1206 1875 Reg-

300 1874 422 1932 menſs
445 1873 499 1925 όν
521 1877 619 1918 anm·
629 1876 764 1931 praed.

191 2110 453 2168 Fratribus,
485 2110 804 2181 Indulgentias
832 2113 1024 2164 Ordinis
1053 2115 1100 2165 in
1128 2120 1212 2165 Ec-

261 2179 404 2230 clefiis
431 2178 710 2232 saecularium
727 2218 746 2241 ,
778 2183 827 2231 in
858 2185 1021 2249 quibus
1050 2184 1210 2234 divina

260 2248 413 2300 officia
454 2266 723 2320 peragunt,
764 2254 933 2305 lucrari
975 2254 1097 2323 posse
1136 2256 1211 2308 de-

257 2323 401 2372 clarat
418 2356 433 2372 .

184 2452 666 2508 URBANUS
738 2454 952 2507 PAPA
1028 2459 1208 2508 VIII.

192 2579 361 2623 Diteffis
375 2580 492 2622 filiis
503 2579 744 2625 provinciali
757 2608 772 2630 ‚
799 2582 849 2632 θ’
861 2585 1075 2627 Fratribus
1086 2584 1207 2628 Ordi-

270 2640 331 2681 nis
347 2641 547 2682 Minorum
570 2643 610 2682 S.
626 2641 828 2697 Francisci
843 2642 1127 2697 Capucinorum

313 2707 625 2753 nuncupatorum
641 2700 1026 2755 Helvetiaesblutem‚
1038 2703 1087 2751 {9⁸

392 2755 650 2812 Apostolicam
666 2758 970 2803 &maimonem
985 2790 997 2803 .

194 2871 360 2982 AD
389 2868 616 2923 augendam
642 2874 805 2916 vestram
835 2877 1097 2932 Religionem
1118 2906 1133 2928 ,
1168 2878 1210 2920 δε

347 2928 566 2972 animarum
594 2926 759 2973 salutem
784 2931 1004 2975 caelestibus
1019 2935 1207 2979 Ecclefiae

194 2985 411 3041 Thelauris
437 2987 500 3042 pia
526 2986 727 3031 charitate
745 2989 918 3041 intenti,
936 2989 1063 3033 Vobis
1077 2991 1209 3032 omni-

191 3046 268 3088 bus
286 3072 300 3095 ,
326 3046 363 3086 &
379 3045 539 3102 singulis
556 3046 655 3088 vere
669 3047 951 3103 paenitentibus
967 3078 980 3100 ,
1001 3048 1041 3089 δι
1054 3045 1210 3089 confes:

191 3105 306 3155 fis,ac
323 3102 431 3146 sacra
445 3105 747 3148 Communione
762 3105 941 3155 refectis,
951 3107 1019 3163 qui
1034 3105 1211 3161 aliquam

197 3177 247 3204 ex
263 3162 451 3205 Eccleliis
478 3161 722 3205 saecularium
750 3166 972 3208 Provinciae
993 3164 1207 3218 praedictae,

198 3221 238 3262 in
256 3234 330 3276 qua
346 3249 359 3271 ‚
374 3222 439 3263 seu
455 3222 598 3275 quibus
613 3237 685 3277 per
702 3237 770 3266 vos
784 3224 931 3266 Divina
942 3223 1086 3266 Officia
1099 3251 1113 3273 ‚
1144 3223 1210 3265 seu

197 3279 470 3322 Ecclesiastica
485 3283 743 3322 Sacramenta
772 3281 1121 3332 administrantur,
1138 3280 1209 3323 de·

203 3337 300 3379 vote
324 3338 602 3394 vilitaveritiS,
631 3341 670 3381 &
700 3339 754 3381 ibi
787 3353 860 3394 pro
887 3340 1209 3382 Christianorum

200 3396 430 3451 Principum
445 3396 664 3439 concordia
678 3427 694 3448 ,
709 3396 901 3440 haeresum
919 3398 1206 3451 extimatione,

204 3454 243 3494 δι
256 3457 400 3497 δεηέῖω
415 3455 556 3497 Matris
570 3456 757 3498 Ecclefiae
781 3456 1028 3500 exaltatione
1053 3457 1134 3510 pias
1159 3455 1208 3498 ad

206 3512 338 3553 Deum
366 3528 502 3568 preces
528 3512 778 3567 effuderitis,
809 3522 853 3555 ut
880 3528 946 3556 eas
967 3527 1107 3556 omnes
1128 3542 1143 3563 ,
1171 3515 1210 3558 δι

205 3569 367 3623 lingulas
393 3572 696 3627 Indulgentias2
718 3575 758 3615 δε
786 3582 1045 3627 peccatorum
1073 3573 1211 3613 remis-

208 3625 357 3677 (iones,
383 3643 427 3671 ac
453 3631 776 3684 poenitentiarum
792 3631 1053 3675 relaxationes
1072 3629 1210 3671 conse-

205 3686 379 3739 quamini
404 3713 416 3734 a
446 3703 544 3743 quas
575 3687 918 3745 consequeremini
945 3716 959 3740 2
983 3688 1008 3731 fi
1038 3687 1206 3742 aliquam

204 3756 254 3785 ex
270 3744 439 3800 propriis
465 3747 648 3792 Ecclesiis
680 3749 812 3792 vestrae
827 3747 1046 3803 Religionis
1070 3744 1206 3802 persos

2108 210 2214 288 37

1268 302 1440 353 naliter,
1459 303 1499 343 &
1524 298 1675 340 devote
1700 301 1909 346 vifitaretis
1924 330 1937 353 a
1959 304 2273 358 misericorditer

1264 359 1304 406 in
1323 361 1497 402 Domino
1508 357 1766 401 concedimus
1782 390 1793 402 .
1827 365 1920 404 Non
1935 364 2116 405 obstante
2130 371 2269 420 regula
2292 402 2295 405 ,

1267 419 1428 469 nostra,
1455 417 1509 464 de
1533 429 1612 459 non
1639 419 1912 462 concedendis
1926 421 2196 475 Indulgentiis
2224 428 2294 468 adr

1267 476 1413 527 instar,
1434 474 1665 529 caeteristjue
1693 479 1906 519 contrariis
1930 481 2270 536 quibuscumque.

1264 534 1555 582 Praesentibus,
1584 531 1793 588 postquam
1821 538 2003 592 proprias
2018 537 2214 584 Ecclefias
2235 542 2274 582 in

1264 591 1411 637 eisdem
1433 590 1568 634 vestris
1594 590 1789 632 Domibus
1805 593 2025 638 Provinciae
2049 594 2275 652 hujusmodi

1262 648 1311 691 ad
1326 664 1415 692 eum
1432 649 1615 694 effectum
1636 647 1848 692 aedificatas
1865 653 2101 708 habueritis,
2113 655 2277 697 minime

1262 707 1445 753 valituris
1460 734 1472 747 .
1508 706 1703 753 Volumus
1717 718 1852 751 autem
1871 737 1885 759 ,
1916 713 2022 765 quod
2042 711 2066 757 fi
2085 727 2158 768 pro
2175 727 2277 767 prae-

1262 763 1482 812 sentatione
1496 789 1510 812 ‚
1538 763 1766 808 admistione
1780 795 1795 818 ,
1810 766 1877 809 seu
1893 770 2165 822 publicatione
2181 785 2279 826 prae-

1264 823 1428 866 sentium
1442 822 1611 878 aliquid,
1628 821 1691 864 vel
1708 824 1914 866 minimum
1927 827 2067 877 detur,
2082 840 2148 871 aut
2164 828 2276 884 spon·-

1262 891 1305 926 te
1332 880 1517 925 oblatum
1545 881 1794 937 recipiatur,
1815 882 1902 938 ipsae
1924 884 2137 940 praescntes
2150 888 2273 939 nullae

1261 940 1333 986 fint
1357 953 1408 981 eo
1430 937 1514 994 ipso
1532 967 1544 979 .

1319 1000 1471 1039 Datum
1489 1000 1629 1040 Romae
1641 998 1746 1053 apud
1759 1002 1800 1042 S.
1811 999 1982 1045 Mariam
1994 1000 2194 1055 Maiorem
2211 1003 2276 1044 sub

1261 1056 1425 1098 Annulo
1442 1055 1655 1099 Piscatoris
1673 1058 1741 1105 die
1754 1072 1846 1106 xxx.
1864 1059 2029 1112 Augusti
2041 1073 2276 1105 Mocxxxiv.

1260 1113 1522 1163 Pontificatus
1547 1114 1672 1159 nostri
1685 1119 1808 1161 Anno
1831 1117 2078 1162 duodecimo
2092 1146 2104 1161 .

1738 1236 1799 1282 Μ.
1810 1237 1862 1280 A.
1878 1226 2086 1280 Maraldus
2098 1262 2110 1276 .

1323 1351 1472 1406 Autog.
1494 1353 1537 1394 in
1552 1352 1673 1394 Arch.
1691 1355 1834 1396 secret.
1853 1355 1969 1401 Brcv.
1983 1350 2115 1410 Apost.
2137 1352 2284 1411 'regesto

1379 1409 1512 1466 mensis
1525 1438 1538 1462 ‚
1565 1410 1614 1458 θ’
1627 1411 1722 1455 anni
1726 1413 1860 1470 praed.

1566 1526 1980 1597 NOTA,

1353 1663 1494 1753 'fxvidi
1524 1663 1763 1760 egereniionem
1795 1666 1899 1716 hujus
1929 1670 2050 1715 gratiae
2078 1670 2122 1707 ad
2151 1670 2287 1709 saecula-⁴

1380 1724 1397 1748 e
1452 1725 1474 1748 o
1490 1738 1500 1752 .
1516 1725 1535 1749 2
1563 1734 1577 1744 -
2088 1739 2091 1741 -

1939 1839 2288 1857 ——nn——t-O-

1534 1931 1570 1975 Ε
1603 1933 1636 1975 Ρ
1666 1935 1688 1976 I
1720 1934 1747 1976 S
1780 1934 1816 1977 T
1847 1936 1886 1977 Ο
1918 1938 1951 1981 L
1982 1937 2021 1979 A

1421 2059 1467 2111 S.
1493 2060 1694 2136 Congreg.
1724 2065 1863 2137 Epist.
1896 2072 1950 2119 ἔθ’
1980 2065 2136 2134 Regul-

1270 2201 1497 2257 Idaeatum
1522 2221 1607 2272 pro
1633 2208 1874 2275 Sepultura
1900 2206 2103 2256 Familiae
2128 2205 2154 2255 ὲ
2177 2204 2292 2254 Roll

1340 2276 1387 2323 in
1406 2273 1607 2326 Ecclefia
1633 2281 1846 2327 Fratrum
1866 2274 2080 2328 Altorffii
2108 2271 2291 2324 conces-

1340 2343 1387 2402 sa
1428 2358 1645 2396 ornatum
1691 2347 1940 2415 impediri,
1972 2344 2022 2397 δε
2050 2344 2108 2395 ad
2137 2348 2291 2413 Capu-

1340 2415 1449 2464 cinae
1497 2413 1796 2483 fimplicitatis
1848 2418 2021 2466 limites
2078 2414 2233 2465 reduci
2270 2449 2287 2472 ,

1338 2487 1522 2534 Nuntio
1544 2486 1813 2557 Apostolico
1833 2487 1892 2537 ad
1912 2488 2143 2539 Helvctos
2168 2502 2291 2544 com<

1337 2569 1541 2609 mlttltur
1556 2593 1569 2610 .

1271 2693 1510 2755 perillustris
1523 2725 1538 2750 ,
1571 2698 1621 2746 δ’
1648 2699 1853 2742 admodum
1877 2697 2095 2747 Reverende
2117 2695 2287 2738 Domine

1645 2757 1710 2802 uti
1741 2761 1913 2801 Frater.

1568 2834 1580 2855 ἦ

1268 2919 1270 2922 v
1369 2872 1541 2927 Xposuit
1562 2875 1605 2916 P.
1621 2874 1870 2914 Procurator
1883 2868 2095 2912 Generalis
2110 2870 2289 2925 Capuci-

1397 2944 1570 2979 norum,
1598 2928 1706 2982 quod
1733 2929 1906 2982 Joannes
1935 2931 2081 2972 Petrus
2106 2942 2207 2973 unus
2233 2942 2284 2970 ex

1272 2986 1456 3029 Dominis
1479 2986 1533 3027 de
1556 2986 1652 3027 Roll
1669 2985 1848 3030 Altorffii
1865 3014 1879 3036 ,
1901 3001 1949 3029 ex
1963 2987 2101 3030 affectu
2118 3015 2131 3038 ,
2156 2990 2192 3030 &
2210 2987 2287 3029 de-

1272 3041 1465 3093 votione,
1493 3041 1571 3100 quai
1590 3057 1684 3099 erga
1707 3044 1931 3099 praedic‘tam
1957 3045 2218 3101 Religionem
2244 3047 2286 3087 &

1273 3100 1493 3144 Ecclesiam
1529 3116 1669 3145 eorum
1702 3102 1943 3148 Conventus
1976 3103 2153 3158 ejusdem
2181 3106 2285 3149 Loci

1270 3158 1454 3205 Altorffii
1474 3189 1488 3212 ‚
1520 3160 1541 3205 ἃ
1567 3162 1789 3204 Colonello
1814 3164 2002 3205 Waltero
2032 3162 2053 3204 a
2087 3163 2186 3205 Roll
2216 3163 2284 3203 suo

1272 3218 1477 3261 Genitore
1493 3219 1731 3272 εοηίὶτυξὶὶ,
1760 3218 1918 3273 fertur,
1947 3221 2135 3263 nonnulla
2160 3234 2283 3264 orna·

1271 3286 1407 3318 menta
1434 3291 1508 3332 pro
1533 3278 1783 3332 Sepultura,
1815 3293 1936 3336 quam
1963 3279 2068 3322 idem
2094 3279 2178 3336 ejus
2204 3283 2285 3322 Pa-

1271 3343 1364 3383 ter,
1395 3336 1437 3378 in
1451 3335 1555 3377 dista
1569 3337 1746 3380 Ecclesia
1763 3352 1836 3394 pro
1854 3338 1918 3387 fe,
1946 3339 1987 3379 &
2009 3338 2081 3379 suis
2099 3337 2283 3383 Descen-

1269 3392 1455 3436 dentibus
1481 3396 1734 3438 construendi
1749 3422 1762 3445 a
1786 3395 1807 3438 a
1825 3396 1894 3439 fel.
1913 3396 2071 3440 record.
2086 3396 2282 3440 Clemen-

1269 3461 1309 3492 te
1326 3452 1448 3494 V111.
1472 3453 1681 3498 licentiam
1697 3455 1871 3497 obtinuit
1885 3483 1899 3506 ‚
1921 3454 2191 3499 delineaverit
2207 3482 2221 3503 ‚
2241 3455 2281 3494 &-

1271 3518 1501 3564 praeparet.
1535 3512 1600 3556 Ad
1636 3511 1745 3567 quod
1778 3513 2080 3556 Eminentiffimi
2114 3513 2277 3556 Domini

1269 3569 1380 3619 mei,
1411 3567 1517 3612 dicta
1533 3581 1770 3614 ornamenta
1787 3570 1897 3613 ‹1161ae
1920 3572 2142 3628 Religionis
2166 3570 2278 3612 insti·-

1270 3636 1361 3669 tuto
1381 3628 1622 3670 contrariari
1639 3629 1881 3671 censuerunt
1896 3655 1910 3676 a
1939 3631 1978 3672 δε
2001 3633 2024 3674 ὲ
2049 3644 2112 3672 me
2139 3628 2280 3671 Domi-

1266 3685 1421 3727 nationi
1439 3685 1584 3727 Vestrae
1604 3686 1721 3727 scribi
1742 3683 1966 3741 jusserunt,
1995 3701 2190 3743 quatenus
2217 3684 2280 3726 so-

1268 3744 1338 3789 lita
1363 3743 1426 3800 sua
1455 3743 1670 3801 prudentia
1696 3746 1736 3787 &
1763 3743 2009 3791 dexteritate
2032 3747 2185 3845 dic'tunla³
2214 3746 2279 3799 Jo:

2191 3817 2232 3843 e.
