2638 4204
945 228 1522 317 Boemica.
2052 255 2212 333 ¹97

214 366 295 408 Pide
308 360 485 406 Catholica
500 385 511 404 ‚
535 362 596 410 qui
614 361 658 405 &⁶
673 360 778 412 paska
797 355 991 396 declaravit
1006 384 1018 402 ‚
1030 371 1080 396 me
1092 383 1103 402 ,
1124 355 1192 407 posi
1203 356 1313 392 Deum
1325 378 1338 398 ,
1358 355 1521 404 potiorem
1529 349 1631 403 fuiffi’
1640 350 1712 400 Jaae
1723 353 1945 402 conversioni?
1961 351 2095 403 cansam
2107 380 2118 391 .
2143 354 2270 391 ‘Deni-

213 427 279 467 qiie
289 413 463 460 Princeps
492 409 547 446 bio
562 412 705 459 βρωτὴ
725 406 896 445 nonnullis
907 406 1129 454 respectibus,
1148 402 1283 453 publice
1305 415 1355 440 me
1372 403 1542 451 invisebat
1566 402 1604 438 in
1621 399 1846 448 Monasterio‚
1869 413 1995 450 egoque
2009 404 2146 450 pariter
2159 401 2266 451 ipsum

215 460 452 502 conveniebam
468 459 567 496 Domi
581 485 592 496 .
636 470 674 497 ta
682 457 811 508 faHiiin
822 480 836 500 ,
860 464 899 493 iit
932 456 974 503 ⁰st
985 454 1108 490 multas
1127 452 1355 501 conferentias
1364 464 1413 487 me
1421 452 1556 499 rogarit
1567 473 1582 495 ,
1602 457 1644 487 iit
1655 458 1730 485 eum
1742 447 1924 496 nostrorum
1935 449 2097 488 Fratrum
2109 452 2267 497 precibus

215 508 476 550 commendarem
491 532 503 551 ,
529 507 676 557 disposito
696 507 807 545 anime
817 529 832 549 ‚
852 463 973 553 posssro
994 502 1050 539 die
1073 503 1118 537 ad
1133 499 1375 554 Monasterium
1389 499 1582 544 redeundi,
1606 495 1756 544 mihique
1773 499 1812 533 in
1836 498 2026 546 compendio
2038 500 2108 547 sua
2123 499 2267 535 dubia-o

214 557 430 601 cunundi,
457 566 626 605 quatenu,
647 557 685 592 tn
694 553 853 613 postuma
875 551 935 588 illa
949 575 959 591 ,
983 559 1084 598 quam
1108 549 1302 596 disponebat
1316 571 1329 589 ‚
1351 547 1560 596 conferentia
1575 571 1587 590 ‚
1609 546 1652 582 ab
1663 544 1779 593 iisdem
1805 545 2013 584 liberaretur
2036 573 2046 584 .
2074 547 2155 584 ‘Die
2174 547 2267 583 indi·

213 608 268 647 εἶά
281 633 293 653 ,
317 606 485 645 celebrata
497 606 584 653 sunt
595 616 669 642 eum
690 615 729 639 in
746 599 852 649 finem
865 601 974 637 omnia
986 599 1097 634 Sacra
1123 597 1162 631 in
1176 595 1282 644 nostro
1292 594 1451 632 Viennen
1460 610 1473 632 i
1487 594 1688 645 Monaslerio
1706 594 1804 629 intra
1819 594 1946 631 vrbem
1958 619 1970 638 ,
1994 596 2059 644 quo
2073 608 2148 633 cum
2159 595 2268 634 Prin-

214 666 288 707 ceps
298 657 402 707 juxta
425 653 610 692 condiHum
628 647 836 700 adveniffet,
859 649 1053 686 mirabatur
1077 647 1096 691 <
1107 654 1148 681 ut
1171 644 1314 691 ajebat)
1329 644 1370 690 se
1392 655 1410 679 e
1434 645 1505 680 eab
1522 643 1591 679 illis
1602 644 1673 693 jam
1694 643 1827 678 omnino
1846 641 2010 680 liberum.
2038 645 2159 682 Simile
2181 642 2267 692 quid

215 707 274 756 ipsi
295 704 441 752 contigit
452 727 462 743 .
487 703 567 739 dum
580 701 716 748 secreta
723 700 796 747 siiae
805 696 1015 744 conscientia
1029 693 1114 731 mihi
1127 693 1295 741 aperiens,
1307 692 1515 743 manifestum
1528 693 1649 729 habuit
1660 690 1771 737 insua
1788 690 1938 738 Persona
1953 692 2022 738 (de
2035 705 2102 728 meo
2118 706 2178 730 con
2189 691 2266 737 ilio)

214 755 346 792 divinae
360 754 486 801 gratia
505 749 766 798 experimentum
779 771 789 782 .
813 746 995 783 :Attamen
1008 743 1030 780 a*
1042 755 1091 779 me
1113 749 1266 779 tentatus
1278 764 1291 783 ,
1316 751 1362 774 an
1374 738 1449 790 effet
1462 741 1508 775 ad
1521 740 1555 786 fi:
1576 739 1787 778 Catholicum
1811 737 2051 776 declarandum
2073 742 2163 791 dispo
2175 751 2242 778 itus
2254 762 2271 783 ‚

211 803 355 857 oslendit
366 802 405 851 se
414 796 608 848 perplexum
627 797 668 832 ob
678 806 800 831 novam
818 793 1004 829 doflrinam
1023 791 1165 840 Georgii
1181 788 1326 830 calixti,
1339 788 1485 874 ejusdem
1500 789 1680 825 ‘Doiirinae
1692 787 1838 826 auctoris
1851 797 1936 824 tunc
1947 791 2104 837 temporis
2126 792 2165 826 in
2177 790 2268 828 Ger·

215 852 330 890 mania
349 848 450 887 valde
460 845 602 884 celebris
618 867 632 887 ,
655 843 834 893 ajebatque
859 839 944 879 velle
955 841 995 890 st
1007 840 1117 876 omnia
1132 845 1367 888 praeoccupare
1404 838 1485 874 ubia
1499 859 1512 880 ,
1536 848 1609 885 qua
1628 837 1698 887 post
1702 838 1803 886 suam
1820 836 2081 874 declarationem
2099 840 2162 888 fibi
2178 846 2274 886 oppe-

217 902 257 937 ,ι’
264 896 390 950 possent
405 921 419 941 ,
443 908 484 933 ne
501 894 655 932 levitatis
668 899 875 939 argueretur
886 914 898 926 .

314 947 431 985 Rever
445 955 485 981 ut
500 952 603 992 porro
617 939 752 988 adfiias
774 939 922 975 ditiones
943 938 1038 975 circa
1066 934 1306 976 Nativitatem
1319 934 1483 978 Domini,
1507 945 1597 970 anno
1608 932 1804 983 supradifio
1817 959 1829 979 ,
1855 934 1875 971 ὰ
1897 946 1946 970 me
1964 932 2147 981 postulavit
2160 958 2171 976 ,
2196 945 2269 972 nc)

213 1006 387 1047 gravarer
401 944 609 1040 Ιέὶηίέζβηι
618 988 721 1037 usque
733 999 783 1023 me
797 986 951 1034 conferre
963 1009 977 1030 ,
1000 985 1136 1035 quando
1153 985 1196 1020 ab
1213 983 1282 1032 ipso
1294 994 1455 1020 vocarer.
1480 982 1552 1030 Ego
1570 983 1651 1020 vero
1670 983 1755 1020 Eum
1771 984 1843 1030 siim
1857 983 2015 1020 hortatus
2027 1005 2040 1024 ,
2062 982 2148 1018 velit
2158 982 2270 1029 potius

214 1045 372 1082 «prm-„n
394 1039 608 1090 Jefimarm„
625 1037 681 1074 tm·
703 1036 828 1083 opera,
843 1034 1008 1084 fiquidem
1033 1032 1134 1083 effent
1141 1033 1349 1081 potentiores
1371 1033 1416 1068 ad
1430 1030 1485 1068 illi
1507 1031 1762 1081 inserviendum
1786 1035 1826 1068 in
1847 1030 2087 1080 temporalibus
2095 1031 2170 1079 suis
2185 1037 2273 1077 prae-

216 1090 439 1142 tensionibus:
464 1097 502 1124 at
513 1086 572 1124 ille
583 1084 622 1134 se
642 1086 682 1120 in
694 1095 764 1120 mea
782 1083 923 1131 persona
932 1081 1033 1131 suam
1053 1079 1217 1129 collocaffe
1231 1080 1402 1127 fiduciam
1426 1080 1596 1129 reposuit,
1620 1082 1664 1123 ὠ*
1680 1091 1738 1128 ego
1761 1081 1830 1131 post
1843 1080 2022 1130 aliquoties
2035 1081 2198 1127 repetitas
2219 1078 2275 1111 in-

208 1140 354 1193 ¹siantias
367 1135 510 1186 consensi
520 1134 656 1173 tandem
671 1157 684 1176 ,
704 1133 746 1174 ό·
757 1131 910 1181 promisi,
933 1143 985 1168 me
997 1130 1138 1180 desuper
1153 1130 1392 1178 requifiturum
1397 1130 1531 1180 sensum
1546 1130 1589 1171 ὼ·
1610 1126 1769 1180 offensum
1782 1133 1823 1170 S.
1840 1130 2127 1179 Congregationis
2142 1127 2183 1162 de
2194 1133 2273 1173 pre-

212 1187 371 1241 paganda
382 1183 453 1234 fide
466 1209 478 1228 ‚
504 1185 558 1222 uti
579 1183 623 1225 ὠ·
634 1180 762 1230 fiifiium
775 1179 841 1232 esi.
863 1179 985 1216 Rediit
1002 1181 1120 1228 itaque
1148 1178 1312 1227 Princeps
1335 1179 1380 1214 ad
1395 1181 1479 1228 suas
1501 1179 1651 1216 ditiones
1678 1179 1720 1220 ὼ·
1740 1182 1901 1217 convenit
1921 1178 2050 1216 Ducem
2076 1173 2276 1220 Neoburgi·

217 1249 293 1278 cum
312 1260 325 1280 ,
349 1235 410 1284 qui
421 1235 560 1283 propria
580 1242 685 1268 manu
697 1239 870 1267 exaratam
881 1227 1065 1277 longiorem
1080 1227 1244 1277 epistolam
1265 1228 1311 1264 ad
1321 1239 1372 1264 me
1386 1229 1484 1266 dedit
1496 1253 1507 1271 ,
1532 1239 1632 1276 quam
1645 1228 1684 1264 in
1697 1227 1879 1277 Originali
1898 1225 2067 1276 transmisi
2077 1225 2216 1262 Romam
2232 1219 2278 1255 “d

217 1288 259 1327 S.
273 1283 574 1332 congregationem
587 1309 596 1319 „
622 1281 660 1315 in
682 1290 751 1327 qua
769 1277 854 1315 mihi
871 1279 1009 1326 gratias
1037 1277 1108 1325 egit
1135 1278 1177 1313 de
1191 1288 1226 1313 eo
1239 1300 1253 1320 ,
1278 1276 1368 1325 quod
1390 1279 1430 1313 in
1447 1277 1657 1326 conversione
1679 1276 1773 1314 illius
1796 1278 1973 1325 Principis
1996 1287 2013 1311 o
2036 1285 2153 1312 eratus
2173 1271 2251 1321 sum
2269 1293 2280 1309 2

218 1333 383 1385 instanter
403 1342 526 1379 rogant
539 1352 552 1374 ,
576 1340 617 1366 ne
628 1326 730 1365 velim
762 1328 806 1363 ab
825 1334 920 1373 opere
938 1327 1069 1374 incepto
1095 1324 1238 1375 defistere
1250 1350 1260 1368 ,
1278 1325 1342 1374 sed
1361 1326 1473 1363 adeas
1498 1338 1548 1362 me
1567 1326 1775 1374 transferam
1791 1326 1981 1377 Regiones.
2023 1323 2147 1373 psemet
2168 1320 2279 1360 Prin·

220 1392 294 1431 ceps
317 1380 558 1428 landgravius
580 1377 714 1425 pariter
739 1374 927 1424 longiffimis
954 1374 997 1416 ό·
1012 1374 1286 1423 frequentiffimis
1308 1374 1454 1411 Litteris
1472 1374 1518 1410 ad
1522 1374 1623 1424 suam
1636 1373 1783 1414 offulam
1808 1388 1857 1415 me
1876 1376 2078 1417 invitavit,
2104 1374 2142 1408 in
2167 1379 2279 1407 eum)

221 1441 352 1480 quoque
362 1428 468 1476 finem
479 1451 491 1471 ,
515 1437 556 1464 ut
573 1428 685 1473 exsua
699 1425 908 1473 converstone
924 1423 1080 1470 publicus
1104 1432 1339 1470 reportaretur
1349 1423 1487 1472 fruiius
1499 1450 1509 1460 .

320 1475 440 1526 '‘Juffus
466 1477 583 1523 itaque
605 1473 625 1511 ἃ
655 1475 695 1511 S.
708 1473 979 1521 Congregatione
1001 1471 1124 1521 dist-effi
1138 1470 1274 1510 Vienna*
1290 1497 1304 1517 ‚
1329 1483 1419 1509 anno
1451 1475 1550 1522 1651.
1571 1473 1628 1510 die
1656 1487 1707 1519 ¹9·
1736 1472 1856 1523 ffulii,
1883 1475 1927 1516 ὼ·
1954 1470 2053 1509 illum
2071 1466 2218 1508 convem'
2240 1465 2280 1499 3⁶

222 1525 478 1568 SchWalbach‚
505 1525 565 1561 ubi
589 1533 680 1560 eram
702 1534 777 1559 cum
796 1519 1004 1568 Sereniffimo
1029 1521 1173 1558 Eleflore
1198 1522 1405 1569 Moguntino
1419 1547 1431 1565 ,
1458 1523 1640 1571 recognovi
1661 1523 1758 1559 illum
1781 1545 1794 1565 ,
1825 1522 1957 1570 qualem
1971 1521 2082 1569 supra
2104 1514 2260 1565 descripsi
2272 1536 2283 1553 ς

221 1574 463 1626 afflifiiiffimum
486 1573 603 1617 ob'suae
621 1570 786 1619 Cony'ugis
801 1571 839 1606 in
855 1568 1080 1619 Calvinistica
1091 1569 1162 1617 fide
1174 1570 1358 1607 duritiem=
1384 1571 1542 1607 timidum
1558 1570 1603 1605 ad
1613 1582 1663 1606 me
1674 1572 1713 1606 in
1724 1582 1837 1607 arcem
1841 1570 1942 1619 suam
1954 1567 2189 1618 excipiendum
2202 1588 2213 1607 ,
2241 1573 2285 1598 ne

222 1626 236 1661 i
251 1626 293 1673 sa
300 1623 393 1671 forte
408 1623 612 1660 turbaretur
626 1644 636 1655 .
664 1617 800 1659 Notum
813 1620 899 1655 mihi
939 1628 1079 1655 raterea
1094 1618 1171 1666 fuit
1182 1643 1193 1662 ,
1218 1617 1314 1655 illum
1336 1619 1358 1654 ὰ
1364 1617 1423 1667 pii
1435 1619 1589 1667 defunc‘io
1602 1618 1698 1655 Duce
1710 1618 1935 1668 Neoburgico
1947 1620 1991 1660 (ς’
2011 1619 2054 1654 ab
2065 1616 2136 1652 illis
2149 1612 2285 1649 Patri·-

245 1685 285 1710 us
296 1670 448 1722 fff'esuitis
460 1695 473 1715 ,
490 1671 550 1718 qui
562 1669 618 1705 illi
631 1669 778 1705 aderant
788 1696 798 1711 ‚
819 1626 1003 1751 fuiyepnon
1014 1666 1140 1703 modici
1148 1665 1292 1717 preffum
1304 1691 1317 1711 ,
1342 1676 1384 1704 iit
1396 1677 1478 1704 ante
1489 1678 1595 1704 meum
1609 1666 1795 1705 adventum
1800 1668 1839 1717 se
1852 1668 2046 1704 declararet
2060 1662 2286 1704 Catholicum·

219 1722 379 1780 Denique
397 1728 496 1768 perce
518 1719 533 1753 i
555 1741 567 1761 ‚
592 1717 775 1764 disponam
794 1717 837 1752 ab
862 1716 921 1751 ilo
933 1711 1036 1764 fuiffe
1057 1714 1316 1763 disputationem
1338 1716 1519 1764 quamdam
1544 1717 1638 1753 inter
1659 1729 1710 1753 me
1724 1745 1733 1758 ‚
1759 1717 1802 1759 ὁ·
1823 1726 1895 1754 tres
1917 1717 2062 1754 celebres
2089 1713 2286 1751 hereticos,

222 1771 384 1809 oroi-mm
396 1794 406 1810 ‚
433 1768 484 1805 Ga
500 1768 632 1807 iactum,
713 1763 998 1801 Haberkornium
1011 1787 1021 1799 .
1046 1761 1200 1800 Perveni
1213 1763 1414 1814 postmodum
1433 1764 1479 1800 ad
1492 1765 1599 1802 locum
1612 1765 1809 1813 quemdam,
1833 1768 1904 1803 unci
1927 1767 2102 1803 duntaxat
2116 1763 2228 1800 Leuca
2242 1757 2287 1794 ab

223 1831 302 1857 arce
319 1814 542 1866 Rhtnfelfienfi
561 1812 736 1863 distantem
750 1836 763 1856 ‚
788 1813 850 1850 ubi
862 1812 1043 1850 habitabat
1061 1823 1137 1848 cum
1149 1812 1217 1861 sua
1229 1813 1309 1848 aula
1324 1837 1335 1857 ,
1358 1822 1399 1850 ut
1411 1813 1447 1850 eo
1460 1826 1510 1850 me
1521 1814 1773 1852 introducerem
1786 1817 1880 1852 circa
1893 1816 1996 1852 noetis
2010 1813 2155 1851 medium
2166 1836 2179 1855 ,
2203 1818 2287 1858 qua·

225 1877 325 1907 tenus
337 1877 428 1903 meus
441 1865 611 1900 adventus
621 1885 634 1905 ,
650 1861 767 1911 sensim
786 1861 996 1909 innotescens
1008 1883 1019 1903 ,
1042 1862 1157 1898 minus
1172 1861 1291 1898 acerbi
1305 1862 1513 1899 toleraretur
1526 1862 1546 1899 ἃ
1560 1857 1778 1917 Principiffa
1792 1865 1835 1906 ὼ·
1845 1866 1945 1901 aliis:
1971 1865 2073 1901 brevi
2085 1870 2198 1899 tamen
2213 1867 2289 1895 cum

226 1916 339 1955 eadem
358 1912 635 1963 familiaritatem
657 1912 840 1955 contraxi,
864 1911 907 1953 ὼ·
929 1909 1065 1947 tandem
1089 1910 1182 1947 illam
1201 1910 1326 1947 reduxi
1346 1912 1392 1947 ad
1405 1909 1519 1948 Fidem
1542 1912 1779 1958 Catholicam,
1804 1914 1843 1948 in
1860 1914 1959 1964 cujus
1976 1911 2185 1961 conversione
2197 1909 2292 1946 Deus

225 1977 292 2002 non
311 1963 383 2001 alid
396 1963 474 2012 usus
488 1960 530 2010 est
550 1959 699 2008 Persona
712 1983 726 2002 ,
747 1968 871 2007 prater
887 1971 957 1995 me.
978 1966 1083 2006 prout
1096 1961 1168 2008 ipsa
1184 1958 1318 2007 publici
1325 1960 1420 2010 fassa
1434 1961 1477 2010 est
1488 1986 1498 1997 .
1525 1961 1606 1998 Hac
1622 1961 1781 2046 ochsione
1795 1963 2008 2011 conferebam
2023 1972 2100 1998 cum
2114 1958 2291 2004 Principe

219 2012 440 2064 frequentius
464 2033 476 2054 ‚
500 2010 543 2051 &⁴
557 2008 772 2058 familiarius
788 2035 798 2050 ‚
819 2008 957 2057 jamque
982 2019 1060 2046 erat
1077 2008 1272 2047 Catholicus
1285 2033 1298 2053 ,
1321 2008 1500 2060 differebat
1510 2008 1670 2058 solumina
1697 2022 1713 2046 o
1735 2010 2003 2050 declarationem
2024 2008 2197 2058 publicam
2219 2033 2228 2046 ‚
2249 2013 2290 2041 ut

227 2069 407 2110 appareret
421 2083 434 2104 ,
458 2068 554 2108 quem
569 2054 713 2106 effeffum
728 2052 804 2106 effet
813 2058 978 2104 paritura
1002 2057 1171 2107 insinuata
1190 2057 1388 2106 Disputatio
1402 2085 1410 2098 ‚
1436 2061 1457 2096 ἆ
1479 2071 1530 2096 me
1549 2070 1584 2096 eo
1599 2059 1692 2095 modo
1711 2060 1898 2110 reformata
1910 2086 1924 2106 ,
1948 2062 2004 2099 uti
2014 2060 2139 2108 sapius
2155 2055 2291 2094 S.Con·

224 2111 421 2159 gregatioiii
446 2116 560 2144 notum
572 2106 643 2154 feci
656 2130 670 2149 ‚
694 2107 792 2157 cujus
814 2104 958 2143 eventus
981 2105 1173 2143 intermitto
1195 2108 1430 2144 narrationem
1444 2131 1457 2150 ,
1471 2108 1636 2157 fiquidem
1653 2108 1726 2158 jam
1744 2110 1835 2158 satis
1847 2111 2004 2147 innotuit
2018 2133 2030 2153 ,
2055 2115 2290 2144 nontamen-a·

223 2155 496 2243 pragereiindum
521 2152 564 2204 esi
576 2152 713 2203 aliquod
738 2164 904 2192 enarrare
924 2154 1078 2191 incidens
1096 2180 1109 2197 ,
1134 2155 1232 2206 cujus
1260 2158 1386 2194 notitia
1402 2158 1563 2205 congruit
1574 2157 1647 2207 fini
1658 2184 1669 2201 ,
1690 2161 1752 2209 qui
1771 2169 1834 2208 per
1860 2159 1949 2197 hanc
1961 2156 2218 2196 enarrationem
2235 2153 2292 2188 in·

226 2217 284 2246 ten
309 2216 405 2244 itur.

325 2253 577 2292 ‘Dubitabatur
593 2279 604 2295 ,
633 2263 679 2288 an
698 2251 821 2291 Dot’ior
835 2251 1102 2291 Haberkoriiius
1128 2251 1204 2305 effer
1226 2263 1396 2291 venturus
1419 2255 1633 2306 Rhinfelsam
1644 2282 1657 2302 ,
1677 2254 1787 2309 juffus
1811 2255 1834 2293 a*
1848 2256 1896 2295 D.
1913 2255 2139 2304 Landgravio
2152 2251 2293 2288 ‘'Darin-

224 2302 386 2355 stadino,
407 2311 449 2339 ut
468 2312 593 2338 mecum
604 2299 820 2349 disputaret,
844 2303 883 2336 in
923 2312 996 2337 uem
1010 2299 1117 2348 finem
1131 2315 1190 2351 ego
1205 2304 1327 2340 ibidem
1350 2304 1529 2342 detinebar
1546 2318 1557 2342 :
1582 2316 1620 2343 at
1627 2307 1878 2354 superveniens
1901 2304 1987 2355 Cels}
2005 2305 2171 2350 Princeps
2185 2298 2294 2337 Sulz-

227 2351 356 2390 hachen
378 2363 392 2388 1
407 2374 420 2393 s
445 2350 559 2387 C⁰m⁶5
571 2349 779 2393 Palatinus,
804 2351 865 2400 qui
881 2362 901 2386 a
915 2347 966 2384 ¹⁹35
981 2350 1054 2399 jam
1078 2350 1205 2391 dudam
1213 2351 1420 2400 summopere
1444 2356 1584 2402 optabat
1609 2367 1735 2391 mecum
1760 2367 1861 2403 agere
1882 2355 1923 2391 de
1935 2352 2139 2402 quibusdam
2162 2349 2292 2388 dubiis.

228 2399 314 2438 Reii·
370 2411 444 2436 nem
458 2399 763 2442 concernentibus,
788 2410 838 2436 me
850 2399 901 2434 ibi
917 2409 954 2434 re
976 2408 1049 2435 erto
1067 2424 1079 2443 ,
1106 2412 1173 2436 non
1191 2402 1407 2438 mediocriter
1416 2404 1560 2452 gavisus
1581 2402 1624 2453 est
1638 2428 1648 2446 ,
1671 2405 1847 2452 triumque
1871 2405 2014 2440 circiter
2039 2402 2173 2437 dierum
2180 2398 2294 2447 spatio

224 2449 291 2499 sua
309 2458 434 2486 mecum
445 2446 610 2495 colloquia
631 2447 854 2484 continuavit
866 2459 880 2488 3
900 2448 939 2483 in
963 2458 982 2483 e
1000 2459 1075 2484 cum
1095 2448 1263 2501 disceffum
1274 2459 1417 2497 pararet
1428 2475 1440 2493 ,
1465 2451 1677 2500 profefilnrus
1691 2451 1962 2502 Duffeldorpium
1975 2475 1986 2495 ‚
2012 2451 2154 2498 rog-avit
2175 2458 2226 2484 me
2233 2455 2294 2494 per

228 2498 289 2535 D.
301 2497 563 2545 Landgravium
575 2520 588 2538 ,
601 2505 642 2532 ut
654 2495 700 2531 ad
711 2497 870 2533 inchoata
884 2494 1049 2543 colloquia
1063 2498 1299 2536 continuanda
1315 2501 1382 2535 iter
1397 2500 1485 2538 illud
1495 2500 1607 2549 secum
1617 2510 1782 2549 peragere
1794 2501 1914 2539 vellem
1925 2525 1937 2544 ,
1958 2499 2049 2549 quod
2061 2497 2181 2546 &fem‘
2199 2504 2296 2538 ,cum

225 2547 327 2597 prius
352 2541 574 2595 conveniflem
588 2555 662 2582 cum
673 2544 719 2582 D.
733 2545 956 2593 Landgravio
968 2570 980 2588 ,
1004 2556 1045 2582 ut
1067 2570 1079 2590 ,
1103 2548 1352 2596 quamprimum
1377 2549 1417 2586 de
1431 2550 1585 2587 adventu
1599 2550 1740 2598 resciret
1758 2551 2003 2587 Haberkornii
2014 2573 2025 2592 ,
2052 2547 2214 2596 pretinm
2232 2552 2295 2591 ΡθΥ

229 2596 373 2633 citatum
399 2594 578 2642 Cursorem
601 2592 760 2630 redderet
791 2603 840 2632 me
864 2595 1064 2633 certiorem,
1090 2598 1145 2633 uti·
1165 2596 1276 2644 fecit,
1299 2596 1365 2633 tali
1384 2607 1497 2635 tamen
1521 2608 1667 2646 tempore
1682 2622 1694 2641 ‚
1719 2611 1784 2647 quo
1808 2598 1982 2642 Rhenus,
2002 2596 2136 2646 affiduis
2158 2592 2292 2642 pluviis

233 2643 395 2690 turgidus
410 2666 423 2685 ‚
446 2642 684 2680 inundaverat
709 2641 948 2680 occidentalem
964 2642 1099 2691 plagam
1115 2668 1128 2686 ,
1153 2647 1192 2681 in
1240 2646 1356 2694 uastta
1378 2646 1421 2696 esi
1436 2649 1514 2684 Arx
1528 2646 1764 2697 Rhinseisenfis
1779 2672 1792 2690 ,
1819 2646 2000 2685 Orientali
2025 2644 2201 2681 montuosa
2207 2641 2295 2689 steca

230 2698 425 2728 remanente
437 2713 450 2731 ,
470 2698 649 2746 per-quam
669 2691 843 2740 confestim
863 2703 913 2728 me
937 2691 1070 2728 contuli
1084 2657 1238 2742 Rhinfel
1241 2705 1295 2729 am
1310 2718 1323 2738 ‚
1345 2697 1407 2731 ubi
1422 2697 1534 2743 reperi
1558 2697 1733 2742 quemdam
1757 2696 1795 2733 P.
1815 2696 2014 2745 {jesuitann
2040 2692 2076 2730 εὸ
2099 2700 2295 2729 vocatum-³

235 2738 258 2776 ὰ
271 2739 330 2774 Ἦ.
343 2736 565 2794 Landgravio
579 2761 592 2780 ,
616 2739 798 2796 dubita-nte
825 2741 844 2786 (
855 2749 895 2790 ut
908 2735 1096 2790 afferebat)
1123 2752 1242 2779 utrum
1260 2742 1301 2778 ob
1314 2743 1493 2792 praefatam
1506 2744 1766 2781 inundationem
1777 2755 1829 2780 me
1841 2744 1878 2780 eo
1891 2744 2048 2794 conferre
2055 2737 2176 2791 poffem
2191 2752 2206 2781 5
2230 2749 2297 2786 quo

239 2789 321 2835 casii
334 2785 441 2823 Pater
461 2783 518 2821 ille
537 2796 624 2822 meas
640 2785 801 2837 debuiffet
824 2788 1028 2835 disputando
1032 2789 1190 2837 supplere
1205 2792 1297 2826 vicei
1313 2815 1324 2827 .

339 2832 548 2890 Ego-mecum
566 2833 728 2890 duxeram
743 2834 795 2870 P.
811 2834 1096 2872 ‘Bartholomaeum
1115 2836 1319 2885 Vernensem
1332 2863 1346 2882 ,
1370 2839 1615 2878 G'uardianum
1629 2840 1882 2888 Capuci'norum
1906 2838 2054 2879 Colonia
2064 2861 2077 2882 ,
2100 2837 2144 2880 ὡ·
2154 2835 2300 2886 ejusdem

241 2882 450 2920 Provincia
465 2880 697 2938 ‘Definito'rem
711 2903 725 2923 ,
745 2893 806 2917 nec
818 2893 883 2916 non
895 2882 937 2923 ὼ·
952 2882 1000 2916 -P,
1012 2883 1203 2931 Benignum
1220 2885 1386 2934 Elbingen
1402 2900 1444 2923 en
1460 2888 1673 2935 Capucinum
1685 2912 1699 2931 ,
1717 2887 1853 2932 ,Graecae
1866 2913 1879 2932 ,
1903 2900 1942 2927 ac
1958 2887 2143 2926 Hebraicae
2157 2888 2300 2933 Linguae

231 2933 382 2982 peritum
394 2952 406 2964 ·
424 2927 521 2966 Tunc
533 2929 710 2977 requifitus
722 2927 743 2965 ἃ
756 2929 800 2966 D.
814 2928 1036 2976 Landgravio
1049 2953 1062 2972 ,
1074 2941 1112 2968 ut
1124 2932 1248 2968 diffum
1259 2933 1302 2970 P.
1312 2932 1363 2983 {Ji
1377 2935 1485 2971 uitam
1496 2935 1710 2973 admitterem
1722 2936 1768 2972 ad
1778 2937 2039 2986 disputationem
2052 2965 2061 2977 ‚
2077 2934 2203 2972 iterato
2216 2943 2299 2982 pro·

236 2980 375 3031 testante
389 3002 404 3023 ,
426 2979 516 3026 quod
527 2978 623 3015 illum
638 2975 836 3035 nullatenus
860 2974 1003 3061 vocasset
1012 3002 1026 3021 ,
1043 2978 1121 3026 siin
1138 2989 1279 3017 mentem
1281 2981 1347 3029 fibi
1358 2984 1479 3019 venire
1492 2986 1592 3030 potui
1615 2994 1649 3022 et
1660 3009 1672 3029 ‚
1697 2985 1894 3023 orientalem
1903 2985 2022 3024 Rheni
2034 2987 2145 3033 ripam
2155 2995 2222 3020 non
2232 2982 2300 3030 esse

236 3027 467 3067 inundatum
492 3026 645 3076 respondi
659 3049 671 3066 ,
697 3037 746 3062 me
757 3037 914 3074 quemvis
925 3037 947 3061 a
960 3026 1070 3063 terius
1088 3026 1237 3064 Ordinis
1256 3029 1462 3079 Religiosum
1489 3044 1529 3069 ac
1547 3032 1581 3067 T
1600 3033 1747 3082 eologum
1758 3058 1770 3077 ,
1792 3044 1916 3083 praeter
1929 3034 2117 3085 7esustam,
2133 3031 2300 3079 admissu·

236 3088 314 3115 rum
327 3100 340 3119 ,
357 3074 520 3134 siquidem
527 3071 936 3133 divulgiiffet'Capucinos
955 3072 1014 3124 effe
1024 3075 1221 3132 ignorantes
1235 3090 1249 3120 ς
1262 3077 1341 3115 hinc
1345 3078 1377 3128 fi
1385 3078 1482 3116 illum
1494 3081 1707 3120 admitterem
1719 3106 1732 3126 ‚
1749 3083 1976 3133 spargeretur
1988 3109 1995 3122 .
2024 3081 2182 3132 ‘Jesuitas
2189 3079 2300 3129 fuisse

241 3134 375 3163 vocatos
386 3123 697 3182 infiipplementiim
718 3132 926 3180 ignorantiae
943 3125 1197 3170 Capacinorum
1213 3149 1226 3169 ,
1249 3127 1339 3174 quod
1352 3139 1420 3163 non
1433 3137 1502 3164 tam
1515 3130 1600 3167 mihi
1614 3158 1621 3172 ,
1646 3130 1746 3180 quam
1757 3134 1822 3170 toti
1838 3133 2088 3180 Capuci‘norum
2099 3131 2200 3167 caetui
2227 3136 2301 3164 oret

239 3173 421 3230 dedecori:
445 3171 590 3209 liberum
609 3169 668 3222 effe
681 3170 854 3219 ‘Principi
867 3195 879 3216 ,
903 3172 963 3210 vel
986 3170 1144 3222 {Jesuitat
1170 3174 1350 3213 admittere
1371 3175 1416 3212 ad
1434 3177 1633 3226 colloquium
1658 3193 1732 3218 cum
1756 3181 1948 3223 hereticis,
1972 3179 2074 3227 quam
2095 3190 2167 3219 me;
2203 3176 2300 3214 iillos

241 3221 417 3270 admiserit
429 3245 438 3262 ,
465 3231 515 3257 me
527 3220 702 3257 abiturum
718 3243 731 3262 ,
746 3219 778 3267 st
792 3231 843 3256 me
856 3243 868 3262 ,
892 3231 976 3258 tunc
998 3222 1123 3259 abeant
1145 3223 1205 3271 ipsi
1213 3248 1224 3259 .
1247 3224 1469 3273 Qapropter
1489 3227 1546 3263 ille
1556 3229 1597 3266 P.
1612 3229 1752 3280 Jesuita
1766 3255 1778 3273 ,
1801 3241 1876 3267 cum
1889 3239 1953 3277 quo
1968 3237 2079 3264 tamen
2092 3225 2300 3274 confidenter

235 3271 314 3322 sum
335 3269 551 3327 conversatus
570 3293 587 3326 ,ι
604 3267 761 3325 reversus
773 3266 817 3316 est
830 3267 1048 3315 Moguntiam
1064 3292 1077 3313 ,
1100 3270 1324 3319 &subsecuta
1337 3273 1380 3323 esi
1396 3274 1582 3322 disputatio
1594 3301 1608 3322 ,
1653 3278 1805 3315 ublicata
1821 3278 2033 3325 &impressa
2049 3275 2196 3314 Colonia
2212 3299 2223 3310 .

244 3344 246 3346 -
337 3316 538 3375 Terminatd
550 3317 586 3354 di
626 3326 780 3373 utatione
802 3326 876 3351 cum
888 3316 1131 3373 IJIaberleornio
1154 3318 1198 3355 D.
1215 3321 1313 3357 Land
1337 3323 1460 3358 ravius
1481 3336 1556 3361 cum
1569 3287 1733 3376 Ceffiffima
1758 3327 1936 3375 Conjuge,
1961 3326 2004 3366 (ξ’
2029 3326 2100 3361 tota'
2128 3323 2237 3366 aula,
2260 3334 2301 3359 ac

241 3377 300 3415 ego
309 3377 388 3403 cum
413 3365 486 3425 illis
504 3374 567 3414 pro
583 3365 644 3423 eiii
657 3364 776 3412 sumus
792 3362 966 3422 Coloniam
977 3389 988 3407 ,
999 3366 1077 3449 jao
1089 3365 1277 3423 appulimus
1319 3372 1350 3406 ie
1362 3371 1483 3418 quinto
1499 3372 1672 3422 Januarii
1685 3387 1775 3411 anno
1791 3376 1891 3420 1652.
1911 3374 1973 3414 ubi
1981 3373 2020 3421 se
2044 3373 2140 3413 uenti
2153 3371 2224 3414 die,
2238 3372 2302 3420 qui

243 3423 320 3452 ‘7⁰‘
330 3413 370 3451 ‘3²
383 3415 499 3473 ''¹1²1“
513 3410 962 3471 Regffiuffissu⁸³pubh⁶⁸m
1022 3427 1053 3471 ς’
1064 3414 1248 3472 emiserunt
1255 3418 1478 3467 proseffionem
1488 3423 1527 3457 in
1539 3425 1694 3461 manibus
1713 3424 1826 3460 Emin.
1840 3421 2000 3459 Elefioris
2044 3419 2212 3468 oloniensii
2224 3443 2237 3463 ‚
2259 3420 2303 3461 (ς’

246 3461 417 3499 nonnullis
427 3463 546 3500 diebus
557 3461 759 3510 interjefiis,
774 3460 821 3498 D.
833 3461 1078 3509 landgravius
1084 3464 1173 3510 fecit
1184 3467 1349 3503 exercitia
1357 3467 1563 3514 spiritualia
1574 3473 1614 3508 in
1625 3472 1731 3522 nostro
1743 3470 1852 3510 Mona
1878 3472 1950 3507 erio
1965 3495 1977 3511 ‚
1988 3468 2153 3518 expiando
2162 3477 2303 3516 peccata

238 3510 305 3557 sna
319 3517 379 3557 per
395 3509 687 3569 'Sacramentalem
712 3509 945 3559 Confeffionem
957 3534 970 3554 ,
987 3510 1116 3559 faFiam
1134 3511 1177 3546 ab
1196 3523 1232 3548 eo
1251 3515 1407 3562 praedifto
1421 3516 1463 3555 P.
1478 3519 1717 3558 Bartholomaeo
1730 3544 1744 3563 ,
1768 3521 1811 3563 ὼ·
1878 3518 2025 3557 Domina
2039 3516 2302 3565 Landgravicu

249 3556 468 3616 9³..Bjenigno
480 3583 494 3603 ,
517 3557 761 3617 uterquevero
780 3558 823 3595 de
847 3560 929 3616 meis
947 3559 1105 3617 manibus
1118 3558 1254 3617 sacrani
1254 3562 1391 3613 sumpsit
1393 3565 1576 3613 synaxim,
1599 3581 1676 3607 cum
1689 3571 1894 3605 interventu
1914 3567 2036 3604 ‘Ducis
2057 3563 2277 3612 Neoburgici
2289 3585 2304 3606 ,

251 3615 316 3653 qni
326 3616 365 3640 iii
374 3605 480 3664 nostro
494 3607 696 3665 Monasierio
710 3605 873 3656 instruxit
889 3609 1077 3665 prandium
1088 3633 1102 3654 ,
1126 3619 1183 3645 cui
1198 3611 1362 3660 interfuit
1374 3613 1440 3662 ipse
1454 3616 1503 3654 D.
1515 3617 1762 3666 Landgraviut
1772 3628 1848 3653 cum
1862 3615 2030 3669 Cellifflma
2042 3615 2111 3664 sua
2125 3614 2278 3663 conjuge
2287 3635 2302 3656 ,

250 3663 325 3701 quit
331 3654 626 3701 particularitates
645 3667 754 3693 omnes
766 3664 841 3704 typo
852 3656 1010 3704 prodie're
1027 3681 1038 3692 .

348 3701 394 3738 Et
403 3704 485 3759 quia
511 3704 551 3760 iii
561 3703 800 3763 habitatione,
820 3705 904 3740 mibi
917 3706 956 3740 in
970 3716 1049 3743 arce
1062 3704 1306 3757 Rheinfelsitnsi
1326 3707 1502 3758 affignata'‚
1520 3712 1663 3750 ereEIum
1669 3712 1746 3761 fuit
1753 3714 1904 3763 primum
1916 3713 2027 3751 altare
2039 3712 2079 3747 in
2090 3720 2200 3761 parvo
2223 3718 2304 3758 quo-

249 3749 327 3786 dam
340 3749 470 3794 cubili,
493 3750 551 3807 ubi
575 3760 717 3809 uterque
733 3752 898 3801 Princeps
909 3754 1022 3801 prima
1046 3756 1122 3792 vice
1142 3755 1309 3804 interfuit
1320 3757 1536 3806 Sacrosaniio
1553 3762 1666 3810 Mistae
1687 3761 1866 3813 Sacrificio
1875 3787 1889 3809 ,
1914 3762 1936 3800 ἃ
1954 3772 2005 3800 me
2019 3760 2210 3803 celebrato,
2235 3766 2302 3793 non

237 3795 348 3848 sune}
356 3821 370 3843 ,
384 3797 449 3848 sed
461 3797 583 3849 sapius
591 3799 727 3848 publice
739 3800 964 3850 deelartirunt
978 3824 992 3849 ,
1006 3800 1047 3852 st
1072 3803 1158 3842 velle
1177 3804 1301 3843 ibidem
1317 3803 1428 3844 altare
1449 3818 1608 3848 ornatum
1634 3811 1860 3860 conservare,
1875 3810 2043 3863 suamque
2064 3807 2304 3891 convssrsissnem

406 3871 408 3873 ·
2222 3862 2259 3888 eo
