2638 4204
494 258 678 342 .244
1175 221 1760 309 Provincia

409 365 581 402 oblatione
607 374 697 398 nunc
735 370 798 398 aut
824 362 864 398 in
878 362 1043 411 futurum
1065 357 1214 408 praefatae
1230 355 1372 405 Capellae
1402 355 1520 391 datum
1533 378 1544 398 ,
1570 353 1772 405 offerendum
1786 377 1799 398 ‚
1825 361 1888 390 aut
1898 351 2046 390 oblatum
2057 352 2101 403 est
2111 377 2123 396 ‚
2146 364 2215 392 tam
2225 358 2335 406 quoad
2339 357 2443 406 sacra
2458 379 2474 403 .

410 413 514 461 qudm
528 415 567 448 in
574 410 735 459 praediis,
759 413 982 458 proventibus
994 435 1003 451 ,
1028 407 1218 447 redditibus
1231 427 1244 448 ‚
1266 405 1430 460 censtbus,
1455 415 1495 439 ac
1511 403 1666 450 pecuniis
1677 428 1687 445 ‚
1713 402 1896 439 omnimode
1927 403 2010 437 bene
2035 413 2212 440 memorato
2234 406 2381 443 ‘Decano
2393 431 2404 448 ,
2429 407 2474 449 <¹3-

413 461 577 509 capitulo
582 458 760 506 subjaceat
769 459 921 509 &subsit
940 485 951 503 ,
977 460 1037 506 qui
1051 455 1153 504 vigili
1170 465 1255 490 cura
1268 476 1279 495 ‚
1295 451 1533 500 sollicitudine
1543 477 1554 492 ‚
1579 452 1623 494 ὼ·
1635 450 1704 489 zelo
1715 451 1930 488 unanimiter
1939 452 1976 485 in
1993 449 2052 486 hoc
2060 452 2258 489 incumbant
2269 477 2282 496 ,
2306 465 2346 491 ut
2357 456 2471 491 omnia

410 509 455 551 ῤ-
457 507 590 558 singula
592 506 679 553 saepe
689 506 783 544 difiae
797 508 937 555 Capella
947 515 1131 555 proventus
1143 503 1186 544 ὠ·
1199 503 1287 538 bona
1298 502 1337 536 in
1351 500 1482 537 nullum
1493 500 1598 537 alium
1612 501 1706 550 usum
1719 503 1734 546 (
1748 500 1871 548 quovis
1885 500 1987 535 etiam
1997 499 2123 548 quaefito
2136 498 2242 536 colore
2258 511 2318 537 aut
2327 510 2470 550 praetex·

413 566 455 594 tu
481 554 674 604 neceffiratis
707 565 769 593 aut
778 557 917 603 pietatis
930 567 995 591 non
1008 552 1180 603 obstante)
1196 548 1295 599 qudm
1307 551 1344 585 iu
1359 550 1431 598 jam
1454 548 1623 599 existentis
1637 550 1782 597 fabrica
1794 550 1965 595 integram
1980 549 2265 596 conservationem
2281 560 2354 585 cum
2367 552 2475 588 omni·

410 605 475 641 hus
482 603 705 651 pertinentiis
718 603 976 646 &ornamentis
988 629 1002 649 ,
1022 598 1190 652 praecipue
1208 598 1403 648 aquaedufiiu
1418 622 1431 642 ‚
1454 609 1519 645 quo
1537 597 1595 634 vel
1604 596 1745 647 maxime
1761 597 1917 645 indigere
1923 595 2033 645 solent
2043 595 2230 645 hujusmodi
2245 596 2389 635 Ordinis
2401 599 2473 637 Re·

410 651 519 699 ligioli
528 675 539 693 ,
568 649 712 698 ejusdem
730 652 871 701 Capellae
883 653 1002 695 decus,
1028 651 1182 687 honorem
1195 647 1342 697 &usum
1354 656 1603 684 convertantur
1613 669 1626 688 ‚
1655 646 1952 694 &impendantur
1963 669 1976 688 ‚
2002 656 2108 692 neque
2128 647 2166 680 in
2193 646 2329 681 minimo
2339 644 2474 695 aliquid-

410 699 452 735 de
461 697 650 747 hujusmodi
659 702 883 747 proventibus
891 713 930 736 ac
940 701 1035 736 bonis
1052 698 1292 739 imminuatur,
1305 695 1364 732 hoc
1376 705 1488 733 tamen
1497 706 1572 731 cum
1587 694 1829 731 moderamine:
1846 693 1964 746 Quod,
1974 690 2151 744 fisucceffu
2169 694 2325 741 temporis
2339 697 2470 731 eontin-

406 755 506 794 geret
510 746 614 795 super
631 758 670 782 ea
681 772 694 791 ,
711 760 783 795 quae
796 761 853 785 nos
866 748 1000 796 quidem
1010 757 1072 797 pro
1083 748 1206 794 exigua
1224 746 1404 781 devotione
1416 742 1524 792 nostra
1537 743 1688 780 dedimus
1697 744 1738 778 in
1743 742 1915 790 fabricam
1927 766 1940 786 ,
1961 751 2119 778 ornatum
2132 766 2146 786 ,
2169 741 2314 785 cultum,
2331 739 2476 778 lumina·

409 796 468 831 ria
481 796 524 836 &
530 794 653 843 fimilia
666 819 678 838 ‚
697 808 765 832 non
779 807 891 834 autem
901 798 939 832 in
956 797 1093 834 Clerum
1109 799 1125 841 (
1140 795 1261 832 Clerus
1272 793 1360 830 enim
1373 794 1426 829 ibi
1438 791 1554 828 nullus
1565 791 1608 841 est
1619 817 1632 836 ‚
1650 804 1710 828 nec
1723 787 1782 842 effe
1794 790 1892 828 debet
1901 815 1913 835 ,
1932 800 2161 840 praeterquam
2184 799 2348 839 pauperes
2367 790 2479 837 Capu-

412 843 487 878 cini
501 866 513 885 ,
532 843 664 880 Montis
689 844 790 893 hujus
804 844 982 893 Seraphici
997 844 1136 886 devoti,
1159 843 1410 885 &benemeriti
1426 839 1564 883 Incola,
1586 841 1648 889 qui
1666 838 1806 888 Capellae
1830 839 1910 876 huic
1925 840 2093 888 serviunt
2109 862 2123 883 ‚
2139 839 2182 881 &
2202 839 2326 875 ibidem
2338 862 2351 882 ,
2378 847 2417 874 ut
2439 837 2478 872 in

408 889 549 937 Capella
563 914 574 934 ‚
599 891 670 939 ipsis
691 893 734 933 ὼ·
752 892 961 931 habitationi
985 893 1132 941 ipsorum
1158 888 1350 927 immediate
1372 890 1590 937 incorporata*
1617 889 1743 925 divina
1763 897 1939 937 peragunt
1948 912 1960 932 ‚
1986 886 2078 925 nullo
2106 886 2259 936 terrestri
2268 886 2399 935 salario
2413 893 2475 921 aut

403 940 542 986 praemio
555 963 566 982 ,
583 940 647 987 sed
667 939 783 989 calesti
808 942 902 978 haud
915 941 1017 978 dubio
1039 939 1228 976 honorandi
1241 962 1252 974 .
1276 939 1295 985 )
1309 937 1467 1025 Qdfi'
1486 939 1525 973 in
1549 949 1626 973 uam
1635 961 1647 980 ,
1659 936 1773 987 senfim
1788 938 1999 985 contingeret
2011 960 2022 979 ‚
2039 944 2145 984 prout
2166 936 2301 973 devotio
2324 935 2367 976 ὼ·
2378 931 2473 971 zelus

411 986 534 1034 ingens
546 985 711 1025 Fidelium
716 990 793 1037 fore
806 988 1071 1037 indicant.quod
1084 988 1266 1025 oblationes
1279 987 1322 1028 &
1356 998 1419 1023 ona
1431 986 1516 1023 mobi
1531 986 1567 1021 ia
1576 983 1812 1028 &immobilia
1825 986 1862 1021 in
1873 983 2053 1023 notabilem
2070 986 2301 1033 quantitatem
2308 983 2349 1031 se
2361 987 2481 1018 exten*

405 1033 503 1076 dent,
516 1036 610 1080 adeo,
628 1038 717 1084 quod
730 1037 867 1075 Decano
880 1037 922 1078 &
936 1035 1135 1074 Venerabili
1147 1033 1306 1083 Capitulo
1319 1033 1504 1084 consultum
1515 1034 1709 1077 videretur,
1721 1045 1788 1070 non
1800 1033 1954 1081 exigente
1972 1032 2045 1070 ulla
2055 1033 2238 1084 neceffitate
2244 1026 2480 1081 fabricae,cul·

405 1083 541 1125 tanam
552 1083 807 1134 neceffariorum
823 1084 978 1132 Capella,
982 1085 1172 1131 salutarem
1190 1083 1562 1131 elargitionemfacere,
1573 1083 1667 1125 &ad
1674 1084 1746 1130 pios
1761 1082 1839 1130 usus
1855 1081 2047 1130 hujusmodi
2052 1090 2281 1130 proventuum
2294 1078 2475 1116 abundan-

405 1132 492 1168 tiam
506 1131 675 1179 applicare
683 1156 694 1166 .
712 1131 809 1170 Tunc
820 1135 976 1169 volumus
992 1135 1124 1169 omnino
1135 1142 1215 1169 ante
1225 1132 1336 1168 omnia
1347 1144 1386 1168 ac
1420 1132 1587 1181 otsffimam
1609 1129 1856 1179 &singularem
1868 1128 1986 1165 haberi
1998 1130 2163 1165 rationem
2174 1127 2367 1166 Viduarum
2379 1125 2480 1177 puel·

410 1177 524 1216 larum
535 1179 764 1227 orphanarum
776 1181 877 1229 hujus
889 1182 1060 1218 Civitatis
1070 1179 1294 1229 Pataviensis,
1311 1190 1353 1217 ut
1362 1180 1391 1216 il
1402 1192 1500 1218 arum
1511 1178 1688 1227 neceffitati
1701 1177 1929 1225 &pudicitia
1941 1175 2139 1224 consulatur
2153 1177 2229 1214 dote
2247 1177 2480 1223 congruamus

406 1225 580 1263 alimentis
592 1251 604 1270 ,
616 1238 656 1264 ut
671 1228 784 1277 occasio
797 1230 839 1271 &
852 1229 985 1265 animus
984 1229 1030 1278 fit
1042 1229 1119 1265 heu!
1132 1229 1233 1265 nimis
1242 1228 1314 1277 jam
1326 1228 1454 1265 dudum
1466 1226 1550 1263 malt-
1562 1226 1703 1263 educato
1709 1225 1866 1273 foemineo
1869 1224 1985 1273 sexui,
1998 1225 2040 1265 ό·
2049 1223 2193 1274 ejusdem
2207 1224 2394 1274 constitutis
2407 1222 2480 1260 Tu·

403 1276 537 1312 toribus
550 1273 588 1312 V
584 1277 846 1322 irguncularum
866 1277 1075 1324 impuberum
1088 1278 1127 1313 ob
1136 1276 1308 1327 egestatem
1323 1276 1506 1326 nilsinisiri
1516 1274 1726 1317 meditandi,
1749 1272 1814 1321 sed
1814 1273 1907 1322 spem
1944 1285 2048 1309 rmam
2067 1272 2278 1320 concipiant,
2301 1270 2478 1308 dummodo

405 1323 804 1372 irreprehenfibiliter,&
815 1324 941 1374 honeste
952 1325 1387 1374 vivant‚quodprovidebit
1394 1326 1466 1374 ipfis
1478 1324 1562 1361 diva
1574 1322 1810 1365 Auxiliatrix,
1824 1322 1866 1363 ὼ·
1920 1333 1953 1357 os
1963 1322 2005 1363 ὡ·
2015 1319 2242 1369 unusquisi1ue
2255 1328 2318 1369 pro
2331 1328 2478 1368 tempore

404 1370 566 1407 Decanus
582 1394 594 1414 ‚
620 1374 676 1408 uti
690 1372 853 1422 Officialis
878 1376 917 1409 ln
939 1373 1247 1412 matrimonialibus
1265 1381 1447 1422 perpetuus
1461 1397 1473 1416 ,
1498 1371 1569 1410 und
1596 1383 1671 1407 cum
1691 1367 1894 1408 Venerabili
1908 1369 2068 1419 Capitulo
2093 1369 2251 1406 dotaturi
2272 1367 2403 1416 easdem
2410 1375 2476 1416 pro

403 1418 599 1457 conditione
618 1444 632 1465 ,
653 1422 822 1469 qualitate
834 1446 848 1468 ‚
873 1421 916 1464 &
931 1421 1028 1477 statu
1050 1422 1315 1473 uniuscujusque
1340 1421 1499 1466 illarum,
1525 1429 1613 1469 opem
1642 1420 1800 1468 Deiparae
1827 1418 1917 1461 diva
1940 1418 2074 1457 Matris
2086 1417 2338 1456 Auxiliatricis
2359 1414 2475 1468 impla·

406 1475 523 1503 rantes
537 1492 547 1504 .
2378 1495 2379 1498 ,

502 1515 638 1554 Deinde
653 1517 733 1553 vero
739 1517 920 1566 statuimus
932 1520 1033 1558 etiam
1050 1543 1059 1560 .
1082 1529 1123 1557 ut
1134 1519 1174 1555 id
1184 1544 1194 1560 ,
1214 1519 1305 1567 quod
1315 1518 1463 1557 ulterius
1475 1518 1516 1555 de
1526 1517 1753 1566 proventibus
1764 1541 1777 1560 ‚
1804 1515 2034 1554 emolumentis
2056 1516 2099 1558 &
2111 1514 2285 1562 frufiibus
2310 1515 2472 1551 bonorum

396 1562 546 1613 superesi
559 1588 571 1607 ‚
591 1565 808 1612 impendatur
821 1569 860 1602 in
872 1579 978 1603 unum
988 1567 1154 1615 &plures
1164 1567 1330 1603 Alumnos
1341 1567 1435 1614 juris
1448 1566 1616 1605 Canonici
1640 1567 1678 1600 in
1696 1567 1842 1614 probata
1857 1565 2086 1614 vniversitate
2102 1563 2280 1601 Catholica
2286 1561 2398 1613 studio
2414 1572 2448 1597 os
2461 1585 2478 1606 ,

402 1612 466 1658 qui
477 1611 496 1647 ἃ
508 1613 650 1651 Seniore
663 1611 811 1650 Familiae
823 1615 936 1664 nostrae
955 1642 965 1656 ,
989 1614 1170 1652 Catholicae
1183 1625 1297 1651 tamen
1316 1614 1521 1662 Religionis,
1535 1611 1737 1650 Venerabili
1752 1615 1888 1651 Decano
1897 1638 1909 1658 ,
1922 1614 1966 1655 ὁ·
1981 1611 2141 1661 Capitulo
2148 1619 2213 1661 pro
2211 1610 2383 1664 stipendio
2435 1620 2479 1646 ae·

393 1659 628 1707 fintabuntur
641 1685 652 1696 .
678 1661 850 1699 primario
864 1663 944 1700 vero
957 1664 1095 1700 curabit
1098 1663 1318 1712 supradifius
1338 1663 1510 1701 “Deo-anus
1524 1662 1567 1703 ὠ·
1582 1662 1781 1709 Capitulum
1793 1686 1806 1705 ,
1827 1672 1880 1701 ut,
1891 1663 1925 1712 fi
1932 1673 2005 1710 quae
2018 1660 2214 1709 indigentia
2229 1684 2242 1704 ‚
2258 1658 2328 1696 ¹-vel
2338 1659 2428 1698 {foece
2449 1670 2479 1694 s-

403 1716 457 1744 tas
479 1710 761 1746 extraordinaria
775 1707 975 1748 Venerabili
990 1713 1145 1750 Coenobio
1161 1711 1318 1750 Patrum
1337 1711 1588 1759 Capuciuorum
1613 1710 1793 1747 obveniret
1806 1732 1820 1754 ‚
1848 1711 1894 1746 iis
1906 1733 1920 1755 ,
1943 1711 1999 1747 uti
2013 1710 2075 1758 qui
2095 1709 2229 1758 Jugiter
2242 1704 2384 1758 Capella
2413 1717 2471 1743 er-

402 1757 510 1794 viunt
522 1781 534 1800 s
556 1769 706 1804 congrua
719 1757 917 1806 eleemosyna
920 1760 1153 1808 succurratur
1162 1786 1173 1797 .

409 1850 420 1860 ⁸
501 1805 628 1858 Domus
637 1815 750 1842 autem
765 1807 874 1855 nostra
889 1830 901 1851 ‚
928 1820 1028 1856 quam
1055 1818 1137 1845 ante
1158 1820 1272 1846 aream
1289 1808 1431 1858 Capellae
1442 1818 1541 1845 extra
1553 1805 1754 1855 Clausuram
1769 1806 1919 1844 Ordinis
1938 1807 2192 1855 Capucinorum
2206 1793 2447 1854 aedfficavini'us
2459 1825 2475 1847 ‚

403 1850 676 1890 inalienabtliter
699 1854 738 1889 in
751 1855 894 1903 nostrum
906 1857 948 1898 &
961 1852 1223 1905 uniuscujusque
1231 1865 1295 1905 pro
1309 1866 1452 1906 tempore
1463 1855 1632 1904 existentis
1645 1857 1778 1894 Decani
1783 1857 2027 1906 proprietatem
2042 1855 2085 1897 ὁ·
2096 1855 2192 1897 usum
2201 1877 2215 1898 ‚
2234 1866 2300 1890 non
2313 1852 2412 1890 debet
2421 1851 2476 1886 in-

407 1902 578 1937 terteneri
589 1901 630 1937 de
637 1905 865 1949 proventibus
881 1905 1024 1953 Capella
1037 1930 1049 1948 ,
1064 1906 1127 1952 sed
1139 1906 1348 1944 interteneat
1359 1917 1430 1942 eam
1441 1905 1667 1953 unusquisque
1675 1913 1739 1953 pro
1750 1914 1895 1954 tempore
1907 1905 2079 1941 ‘Decanus
2086 1904 2127 1939 de
2129 1903 2193 1953 suo
2204 1925 2217 1946 ,
2228 1903 2261 1951 fi
2269 1900 2348 1939 vult
2362 1926 2372 1941 2
2379 1899 2474 1949 fita·

408 1959 484 1985 men
495 1948 659 1998 vetustate
669 1974 681 1993 ‚
704 1949 761 1986 vel
765 1952 923 1991 incendio
939 1978 950 1995 ,
975 1953 1034 1990 vel
1041 1953 1107 1990 alio
1118 1953 1196 2001 casu
1203 1954 1355 2002 fortuito
1368 1952 1595 2003 destrueretur
1607 1977 1618 1995 ,
1639 1961 1819 2001 reparetur
1831 1961 1894 2002 pro
1907 1953 1968 2000 usu
1982 1952 2114 1989 Decani
2129 1951 2265 1998 rursum
2277 1951 2318 1987 de
2331 1957 2480 1997 proven·

405 1997 499 2051 tibus
509 1998 683 2036 redituum
699 1999 841 2047 Capella
853 2024 864 2037 .
889 2000 1010 2038 :Alios
1021 2002 1226 2039 voluntaria
1249 2003 1398 2051 impensa
1411 2003 1449 2039 in
1461 2013 1533 2038 eam
1548 2000 1710 2048 nonfiant
1732 2001 1773 2038 de
1796 2003 2022 2050 proventibus
2036 1999 2203 2049 Capella:
2227 2000 2316 2036 omni
2327 1997 2476 2045 'insuper

398 2056 481 2094 jure
493 2069 503 2087 5
531 2046 620 2093 quod
632 2058 673 2084 ex
684 2048 921 2098 construetione
933 2050 1186 2100 &fundatione
1202 2052 1294 2087 nobis
1307 2050 1518 2098 competit,ut
1524 2050 1605 2098 jure
1619 2049 1840 2086 ‘Patronatlis
1850 2073 1863 2094 ,
1874 2048 2092 2086 ‹Advocatiae
2104 2073 2117 2093 ,
2135 2058 2197 2084 aut
2214 2047 2334 2095 quovit
2355 2045 2421 2082 alio
2424 2043 2480 2090 se-

406 2092 473 2130 mel
478 2104 539 2149 pro
542 2095 671 2142 semper
684 2096 838 2133 totaliter
848 2098 887 2132 in
902 2098 1074 2135 Decanum
1088 2099 1130 2140 &
1142 2108 1250 2136 totum
1266 2096 1468 2136 Venerabile
1484 2096 1681 2146 Capitulum
1694 2098 1867 2146 transfuso
1882 2121 1894 2140 ‚
1939 2099 1978 2136 ui
1990 2097 2025 2134 eo
2034 2099 2141 2144 magis
2159 2096 2247 2132 hanc
2259 2093 2400 2144 nostram
2416 2091 2473 2127 di·

398 2142 605 2191 spositionem
622 2155 661 2179 ac
674 2144 913 2192 fundationem
928 2148 1143 2185 manuteneri
1148 2148 1283 2192 sacient
1297 2171 1308 2190 ‚
1332 2146 1575 2184 authoritatem
1596 2147 1699 2183 etiam
1712 2145 1910 2196 Sanfiiifflmi
1959 2146 2065 2183 omini
2080 2144 2182 2194 nostri
2196 2167 2210 2188 ,
2229 2156 2269 2180 ac
2293 2141 2473 2180 brachium

401 2199 467 2238 pro
481 2199 624 2238 tempore
641 2192 811 2242 Episcopi,
830 2195 887 2230 uti
901 2193 1086 2243 “Principis
1099 2205 1201 2233 terrae
1215 2195 1258 2236 ὼ·
1270 2194 1461 2231 Ordinarii
1475 2195 1614 2241 desuper
1627 2221 1635 2233 ‚
1665 2203 1835 2241 quatenus
1849 2202 1929 2241 opus
1941 2218 1954 2238 ,
1974 2192 2192 2242 implorantes
2207 2216 2219 2230 .

502 2239 588 2277 Cum
600 2242 702 2277 etiam
720 2254 786 2281 non
797 2242 931 2281 tantitm
941 2251 1113 2290 peccatum
1125 2243 1230 2294 ipsum
1240 2266 1252 2286 ‚
1267 2243 1330 2291 sed
1347 2243 1418 2292 ejus
1434 2242 1549 2293 occafio
1563 2243 1605 2283 &
1619 2242 1834 2278 incentivum
1846 2266 1858 2283 ‚
1884 2243 1925 2277 in
1936 2250 2103 2289 quantum
2107 2239 2195 2287 fieri
2201 2238 2305 2323 potes!
2315 2263 2328 2283 ,
2358 2238 2476 2275 vitani

402 2284 529 2341 dumsis
542 2311 553 2329 ,
566 2287 748 2337 statuimus
759 2314 769 2333 .
795 2290 839 2332 &⁶
848 2288 1002 2328 volumus
1013 2302 1055 2328 ex
1063 2304 1155 2330 nunc
1167 2293 1205 2328 in
1234 2300 1408 2339 erpetuum
1420 2316 1432 2335 ,
1462 2290 1550 2341 quod
1563 2289 1657 2326 nulla
1669 2289 1804 2327 ratione
1814 2288 1906 2337 poffit
1923 2290 1963 2324 in
1976 2289 2097 2326 Monte
2113 2287 2174 2324 hoc
2188 2313 2198 2328 ,
2221 2299 2263 2324 ve
2286 2289 2380 2324 circa
2393 2285 2472 2322 Ho-

398 2335 542 2382 intium
556 2359 566 2377 ‚
590 2335 647 2374 vel
655 2337 881 2387 diversorium
892 2340 945 2376 eri
968 2340 982 2375 i
996 2365 1010 2384 ‚
1038 2350 1100 2378 aut
1109 2339 1201 2389 pocil
1213 2340 1282 2377 atio
1296 2342 1470 2383 exerceri,
1499 2337 1768 2388 quandoquidem
1785 2338 1950 2380 Civitas,
1972 2336 2107 2386 ejusque
2125 2336 2333 2386 suburbium
2362 2335 2400 2370 in
2411 2342 2472 2382 pe-

404 2382 447 2419 de
461 2384 582 2438 montis
590 2382 692 2432 juxta
704 2387 746 2436 est
763 2410 775 2429 ‚
793 2387 853 2422 ubi
868 2353 1215 2438 Hoffiittasatissunt
1222 2397 1288 2438 pro
1300 2389 1420 2425 incolis
1429 2389 1471 2430 ὼ·
1483 2387 1628 2424 advenis
1639 2410 1653 2429 ‚
1670 2385 1730 2424 nili
1753 2384 1830 2437 effet
1857 2384 1977 2434 aliqua
2002 2384 2283 2433 extraordinaria
2293 2385 2395 2433 causa
2406 2393 2472 2420 ur-

402 2437 501 2477 genti
525 2442 588 2465 ima
598 2452 610 2472 s
626 2433 714 2479 quod
723 2443 836 2470 tamen
843 2435 1007 2482 futurum
1019 2438 1266 2484 nonsperamus
1278 2460 1291 2480 ,
1312 2436 1471 2484 Capitulo
1482 2434 1711 2483 peremptorio*
1720 2435 1936 2471 unanimiter
1951 2433 2167 2483 approbanda
2181 2455 2191 2468 .

412 2525 422 2534 ·
534 2477 664 2534 plumas
673 2482 776 2518 etiam
787 2492 1054 2533 unumquemque
1065 2485 1106 2522 de
1119 2483 1263 2520 Familia
1281 2485 1390 2533 nostra
1403 2484 1584 2522 ‘Baronum
1594 2483 1635 2521 de
1648 2484 1676 2519 S
1677 2481 1850 2520 chvvendi
1860 2483 1944 2520 Seni
1949 2493 2050 2525 orem,
2066 2480 2250 2519 Catholicae
2261 2479 2470 2530 Religionis.

407 2523 637 2581 mspefitonem
657 2526 779 2567 habere
798 2527 883 2579 poffe
897 2554 909 2572 ,
930 2530 1299 2580 &instantiamfacere
1312 2533 1403 2578 apud
1412 2532 1587 2569 Decanum
1608 2539 1671 2579 pro
1694 2539 1839 2579 tempore
1857 2531 1900 2572 ὠ·
1920 2527 2125 2569 Venerabile
2155 2529 2382 2578 Capitulum,⁴
2407 2537 2470 2564 aut

407 2582 511 2609 etiam
523 2597 538 2618 ‚
561 2585 729 2621 quatenus
755 2586 835 2626 opus
869 2579 938 2615 erit
950 2603 963 2623 ‚
986 2579 1078 2627 apud
1095 2580 1278 2617 Dominum
1302 2580 1536 2616 Ordinarium
1554 2603 1567 2622 ,
1588 2589 1627 2615 nt
1651 2579 1731 2615 huic
1759 2579 1872 2629 nostras
1904 2578 2105 2630 dispositioni
2122 2578 2374 2626 &fundationi
2391 2575 2471 2615 nul«

405 2619 540 2678 latenas
554 2625 840 2662 contraveniatur
853 2650 866 2669 ,
881 2626 1164 2676 linepraetenfione
1175 2636 1287 2664 tamen
1300 2627 1404 2666 ullius
1415 2627 1510 2676 juris
1523 2627 1733 2665 Patronatas
1751 2651 1762 2670 ,
1786 2637 1849 2664 aut
1863 2627 2082 2664 eAdvocatiae
2092 2651 2105 2670 ,
2133 2626 2222 2674 quod
2247 2625 2335 2662 nulli
2346 2625 2457 2674 hujus
2456 2645 2466 2652 -

407 2669 494 2705 m⁰d¹
507 2693 518 2712 2
531 2680 636 2726 neque
652 2671 864 2721 Ecclefiastfw
874 2696 887 2717 υ
910 2686 1017 2722 neque
1025 2675 1191 2715 Saeculari
1203 2694 1216 2721 5
1233 2684 1460 2728 praterquam
1473 2676 1612 2714 Decano
1623 2676 1665 2720 ἀπ’
1677 2675 1838 2725 Capitulo
1851 2687 1997 2714 unacum
2008 2674 2198 2712 omnimoda
2213 2673 2251 2710 di
2246 2674 2424 2724 spofitione
2432 2673 2472 2708 in

409 2717 648 2764 temporalibus
659 2742 670 2760 ‚
697 2721 851 2758 volumus
859 2730 1041 2768 competere
1054 2748 1064 2758 .

435 2814 444 2823 ⁸
493 2766 588 2822 ‘Cum
598 2775 710 2804 autem
723 2768 949 2815 omniasancti
963 2795 972 2810 ‚
990 2770 1045 2820 pi&
1057 2797 1065 2811 ‚
1086 2772 1216 2822 &juste
1231 2774 1389 2811 inchoata
1403 2797 1416 2816 ,
1440 2772 1460 2811 ἃ
1476 2771 1634 2820 malignis
1650 2773 1842 2810 hominibus
1855 2771 2062 2821 suggestione
2085 2770 2255 2808 diabolica
2291 2771 2471 2819 impugna-

408 2824 443 2850 ri
455 2836 467 2856 ‚
489 2813 552 2870 imo
559 2814 916 2871 frequentiusfiileant
927 2818 1088 2867 impediri
1103 2848 1113 2858 .
1140 2821 1199 2861 Ne
1221 2823 1282 2871 huj
1299 2822 1410 2870 smodi
1430 2830 1510 2870 opus
1530 2820 1674 2870 nostrum
1691 2820 1899 2869 Religiosum
1925 2821 1971 2856 ad
1996 2819 2148 2856 honorem
2166 2820 2200 2858 D
2221 2816 2382 2867 Virginis
2393 2842 2408 2873 ἲ
2430 2829 2471 2854 ac

404 2861 583 2912 Seraphim
601 2861 649 2897 P,
661 2861 834 2912 Francisci
841 2864 970 2911 fafiium
982 2867 1180 2914 &feliciter
1192 2872 1451 2920 consummatum
1463 2893 1475 2910 ,
1496 2869 1693 2916 iniquorum
1707 2869 1991 2906 calumniatorum
2000 2866 2135 2906 malitia'
2144 2867 2301 2919 successu
2309 2867 2472 2916 temporit

406 2908 532 2967 audeat
547 2909 605 2947 vel
616 2911 897 2969 valeat-infestari
908 2938 922 2956 ‚
947 2917 1057 2954 autin
1071 2916 1176 2954 alium
1188 2942 1200 2960 ‚
1226 2919 1283 2956 vel
1294 2918 1376 2956 alios
1389 2916 1573 2964 Religiosos
1588 2916 1741 2954 Ordines
1751 2942 1763 2961 ‚
1785 2917 2021 2966 cujuscumque
2044 2917 2180 2955 tandem
2203 2917 2348 2954 nominis
2361 2936 2375 2960 ,
2400 2914 2475 2952 Re-

407 2955 546 3014 ligionis
557 2982 570 3001 ‚
597 2959 639 3000 &
651 2959 798 3017 Qrdmis
810 2961 951 3010 existant
966 2986 980 3007 ‚
1003 2963 1130 3014 velfint
1141 2991 1151 3007 ,
1176 2967 1389 3014 transferri,
1412 2966 1469 3004 vel
1482 2966 1659 3002 immutari
1673 2991 1682 3002 .
1707 2965 1812 3005 Neve
1857 2966 1959 3003 etiam
1971 2989 1985 3010 ‚
2009 2966 2065 3003 uti
2082 2964 2130 3012 fit
2153 2965 2296 3014 persaepe
2313 2963 2401 3016 prob
2413 2963 2468 3001 do·

406 3004 458 3043 lor
475 3008 484 3044 1
504 3014 692 3056 procreatis
705 3009 826 3065 affidari
835 3012 962 3056 pietate
972 3013 1062 3059 apud
1075 3014 1244 3062 Capellam
1257 3015 1344 3053 hanc
1348 3012 1465 3065 sensim
1477 3014 1615 3051 divitiis
1631 3039 1644 3058 ,
1680 3014 1728 3050 lia
1727 3013 1874 3099 sufficet
1885 3024 2026 3051 matrem
2040 3040 2050 3055 ‚
2076 3014 2301 3061 recogitantes
2325 3014 2468 3057 iterum,

408 3063 578 3114 quatenus
598 3055 730 3114 affidun.
762 3057 847 3095 ‘Pl'-
863 3058 1113 3106 Capacinorum
1133 3064 1195 3099 diu
1208 3063 1369 3113 noffiuque
1379 3063 1426 3100 ad
1440 3063 1562 3100 ‘Deum
1573 3070 1635 3112 pro
1654 3063 1715 3113 usis
1741 3063 1886 3110 acrymis
1898 3086 1908 3102 ‚
1930 3063 2032 3101 Mons
2047 3061 2102 3098 hic
2114 3061 2313 3111 coagulatus
2326 3085 2340 3106 ‚
2366 3061 2472 3098 Mons

402 3112 549 3161 qulm
564 3127 577 3146 ρ
589 3105 702 3162 Mons.
716 3117 754 3142 m
770 3117 834 3154 quo
847 3105 1003 3145 habitare
1013 3110 1122 3157 visum
1127 3111 1205 3159 fuit
1215 3110 1396 3162 dlltiffimo
1406 3135 1418 3154 ‚
1442 3111 1484 3152 ἀπ’
1495 3110 1654 3159 Deipara
1669 3134 1679 3150 ,
1699 3109 1847 3159 infinitis
1862 3109 1996 3148 dotibus
2014 3109 2090 3146 coele
2115 3111 2146 3147 is
2151 3111 2278 3158 gratia
2301 3109 2470 3146 mediante

410 3152 634 3208 interceffione
646 3153 734 3190 diva
743 3153 1006 3193 viuxiliatricis
1021 3161 1148 3198 meruit
1159 3162 1355 3198 obumbrari
1370 3186 1379 3196 .
1397 3159 1658 3208 inhibemussub
1669 3168 1800 3197 aterna
1810 3159 2052 3202 damnationis,
2122 3158 2347 3196 anathematis
2357 3167 2469 3207 paena,

407 3211 451 3237 ne
466 3211 543 3250 quis
551 3201 710 3249 praefatos
725 3201 846 3240 Patres
857 3203 1045 3250 Capacinos
1064 3207 1103 3243 in
1116 3210 1280 3247 exercitio
1292 3234 1305 3253 ,
1333 3208 1537 3256 dispositione
1549 3233 1561 3252 ,
1590 3208 1633 3249 &
1644 3208 1862 3246 ordinatione
1888 3206 2012 3244 Cultus
2037 3207 2155 3243 divini
2183 3204 2469 3255 &spiritualium

410 3250 503 3286 circa
516 3247 604 3305 hanc
615 3248 784 3306 Capellam
797 3275 810 3294 ‚
835 3262 921 3288 neve
935 3252 1122 3292 ‘Decanum
1132 3280 1145 3300 ,
1168 3257 1211 3300 ὁ·
1225 3254 1429 3295 Venerabile
1443 3256 1644 3305 Capitulum
1656 3255 1892 3340 Pataviezfe,
1906 3256 1947 3291 in
1956 3253 2248 3304 administratione
2263 3279 2275 3298 ‚
2280 3254 2469 3304 fruitione,

407 3298 452 3352 <bf
483 3295 689 3351 dfioofitmne
712 3298 946 3347 temporalium
967 3302 1059 3339 circa
1084 3305 1224 3342 eandem
1242 3329 1255 3349 ,
1289 3316 1392 3353 atque
1425 3305 1464 3340 in
1498 3303 1723 3356 affici-vatione
1750 3303 1828 3353 ejus
1845 3316 1895 3343 em
1917 3304 2091 3342 redituum
2116 3314 2157 3339 ac
2176 3312 2404 3352 proventuum
2425 3302 2467 3336 in

406 3344 552 3403 ejusdem
565 3345 660 3393 usum
671 3346 716 3382 ad
733 3347 887 3386 honorem
896 3374 904 3388 .
919 3346 1090 3387 ullatenus
1101 3353 1216 3391 valeat
1226 3354 1370 3392 turbare
1384 3378 1392 3392 ‚
1418 3352 1476 3391 vel
1483 3355 1679 3403 inquietare
1689 3376 1699 3386 .

465 3443 471 3451 .
503 3395 634 3451 Siquis
648 3404 760 3434 autem
774 3419 787 3438 ,
811 3396 901 3444 quod
911 3396 1004 3435 Deus
1017 3409 1156 3438 avertat
1169 3426 1182 3445 ‚
1204 3402 1287 3450 ausu
1300 3403 1432 3450 nefario
1442 3402 1508 3439 haec
1518 3402 1676 3450 transgre
1701 3412 1741 3438 us
1746 3400 1862 3448 fuerit
1874 3424 1888 3447 ‚
1903 3401 1938 3451 st
1945 3398 2048 3438 tertio
2073 3398 2289 3438 commonitus
2313 3407 2466 3445 congrua

399 3441 671 3491 samfafffffln‘s‘
683 3455 750 3480 '¹⁰⁸
764 3445 997 3483 emendaverit
1008 3469 1020 3489 2
1041 3449 1266 3488 anathematis
1279 3449 1396 3499 laqueo
1408 3449 1639 3499 infallibiliter
1665 3461 1683 3487 e
1702 3449 1879 3487 irretitum
1888 3471 1901 3491 ,
1912 3449 2040 3497 sortem
2052 3459 2128 3484 cum
2140 3444 2294 3483 ‘Dathan
2305 3445 2348 3488 ἐγ
2361 3444 2469 3484 uibi-

406 3500 470 3530 ron
481 3515 492 3532 ,
517 3501 656 3537 cumque
669 3489 771 3543 ‘Juda
779 3492 906 3545 ptffimo
918 3504 1103 3534 mercatore
1111 3506 1245 3546 partem
1249 3499 1288 3548 se
1301 3498 1500 3539 habiturum
1510 3499 1750 3538 indubitanter
1762 3495 1920 3545 agncswt
1929 3521 1939 3534 ·

613 3589 913 3631 Conservantibus
923 3603 1035 3631 autem
1048 3604 1118 3641 pax
1132 3594 1166 3634 ἃ
1178 3594 1403 3635 misericordia
1413 3596 1446 3634 in
1460 3596 1611 3645 prasenti
1624 3597 1658 3635 8<
1672 3594 1707 3632 in
1720 3593 1840 3631 futuro
1852 3591 1977 3630 saeculo
1992 3594 2105 3632 Amen
2122 3593 2235 3631 Amen
2249 3618 2259 3630 .

493 3682 611 3743 'Hanc
626 3684 766 3734 nostram
776 3685 1020 3727 Fundationem
1032 3713 1046 3735 ,
1072 3690 1116 3732 ὁ·
1125 3690 1389 3731 ordinationem
1400 3693 1442 3731 de
1454 3694 1620 3734 communi
1632 3691 1858 3740 confratrum
1871 3689 2066 3740 nostrorum,
2078 3703 2117 3727 ac
2130 3692 2238 3730 totius
2253 3689 2467 3732 Venerabilis

414 3731 570 3781 Capituli
583 3731 761 3770 voluntate
772 3741 813 3773 «ζ’σ·
827 3735 954 3788 affimsu
966 3741 1178 3779 unanimiter
1191 3742 1343 3782 erectam.
1355 3742 1567 3780 authoritate
1581 3740 1784 3791 apostolica
1800 3741 1839 3775 in
1848 3740 2001 3776 omnibus
2013 3739 2202 3790 &singulis
2214 3740 2440 3789 confirmatam
2451 3763 2465 3783 ‚

412 3781 525 3830 &fieb
539 3783 793 3820 comminatione
806 3785 1032 3825 anathematis
1043 3786 1302 3840 lataefintentiae
1312 3802 1394 3841 erga
1407 3791 1703 3831 contravenientes
1719 3799 1790 3828 tam
1802 3786 2003 3834 Seculares,
2014 3788 2114 3838 quam
2124 3787 2353 3884 EfflffalffcJ
2373 3799 2436 3834 quo
2452 3805 2469 3833 0„

2341 3846 2426 3872 Cun-
