<?xml version="1.0" encoding="UTF-8"?>
<!DOCTYPE html PUBLIC "-//W3C//DTD XHTML 1.0 Transitional//EN"
    "http://www.w3.org/TR/xhtml1/DTD/xhtml1-transitional.dtd">
<html xmlns="http://www.w3.org/1999/xhtml" xml:lang="en" lang="en">
 <head>
  <title>
</title>
<meta http-equiv="Content-Type" content="text/html;charset=utf-8" />
  <meta name='ocr-system' content='tesseract 3.04.00' />
  <meta name='ocr-capabilities' content='ocr_page ocr_carea ocr_par ocr_line ocrx_word'/>
</head>
<body>
  <div class='ocr_page' id='page_1' title='image "./bullariumordinis04cath_0127.png"; bbox 0 0 2658 4256; ppageno 0'>
   <div class='ocr_carea' id='block_1_1' title="bbox 694 238 2214 357">
    <p class='ocr_par' dir='ltr' id='par_1_1' title="bbox 694 238 2214 357">
     <span class='ocr_line' id='line_1_1' title="bbox 694 238 2214 357; baseline -0.011 -26"><span class='ocrx_word' id='word_1_1' title='bbox 694 238 1715 357; x_wconf 62' lang='lat' dir='ltr'>Mandro-Belgica.</span> <span class='ocrx_word' id='word_1_2' title='bbox 2100 276 2214 353; x_wconf 87' lang='lat'>99</span> 
     </span>
    </p>
   </div>
   <div class='ocr_carea' id='block_1_2' title="bbox 193 370 2275 839">
    <p class='ocr_par' dir='ltr' id='par_1_2' title="bbox 202 370 2275 518">
     <span class='ocr_line' id='line_1_2' title="bbox 203 370 2275 429; baseline 0 -9"><span class='ocrx_word' id='word_1_3' title='bbox 203 376 348 426; x_wconf 64' lang='lat' dir='ltr'>didas,</span> <span class='ocrx_word' id='word_1_4' title='bbox 370 374 421 418; x_wconf 82' lang='lat' dir='ltr'>ad</span> <span class='ocrx_word' id='word_1_5' title='bbox 437 376 676 420; x_wconf 85' lang='lat' dir='ltr'>Provincias</span> <span class='ocrx_word' id='word_1_6' title='bbox 692 381 918 421; x_wconf 78' lang='lat' dir='ltr'>Boethicam</span> <span class='ocrx_word' id='word_1_7' title='bbox 934 407 947 429; x_wconf 85' lang='lat'>,</span> <span class='ocrx_word' id='word_1_8' title='bbox 973 380 1214 420; x_wconf 85' lang='lat' dir='ltr'>&amp;Navarrae</span> <span class='ocrx_word' id='word_1_9' title='bbox 1271 372 1590 424; x_wconf 86' lang='lat' dir='ltr'>Discretorum</span> <span class='ocrx_word' id='word_1_10' title='bbox 1622 370 1889 426; x_wconf 67' lang='lat' dir='ltr'>electionem</span> <span class='ocrx_word' id='word_1_11' title='bbox 1915 371 1962 421; x_wconf 86' lang='lat' dir='ltr'>in</span> <span class='ocrx_word' id='word_1_12' title='bbox 1996 372 2275 426; x_wconf 70' lang='lat' dir='ltr'>Provincia...</span> 
     </span>
     <span class='ocr_line' id='line_1_3' title="bbox 202 434 1773 518; baseline -0.005 -38"><span class='ocrx_word' id='word_1_13' title='bbox 202 437 373 496; x_wconf 78' lang='lat' dir='ltr'>ejusdem</span> <span class='ocrx_word' id='word_1_14' title='bbox 387 437 549 479; x_wconf 79' lang='lat' dir='ltr'>Ordinis</span> <span class='ocrx_word' id='word_1_15' title='bbox 566 466 577 488; x_wconf 85' lang='lat'>,</span> <span class='ocrx_word' id='word_1_16' title='bbox 594 453 662 491; x_wconf 89' lang='lat' dir='ltr'>per</span> <span class='ocrx_word' id='word_1_17' title='bbox 684 440 780 480; x_wconf 87' lang='lat' dir='ltr'>alias</span> <span class='ocrx_word' id='word_1_18' title='bbox 801 437 883 479; x_wconf 86' lang='lat' dir='ltr'>suas</span> <span class='ocrx_word' id='word_1_19' title='bbox 913 438 1054 478; x_wconf 87' lang='lat' dir='ltr'>itidem</span> <span class='ocrx_word' id='word_1_20' title='bbox 1074 435 1112 476; x_wconf 91' lang='lat' dir='ltr'>in</span> <span class='ocrx_word' id='word_1_21' title='bbox 1130 434 1213 477; x_wconf 85' lang='lat' dir='ltr'>sor·</span> <span class='ocrx_word' id='word_1_22' title='bbox 1340 443 1513 493; x_wconf 67' lang='lat' dir='ltr'>restitui</span> <span class='ocrx_word' id='word_1_23' title='bbox 1539 440 1773 518; x_wconf 56' lang='lat' dir='ltr'>indulget·</span> 
     </span>
    </p>

    <p class='ocr_par' dir='ltr' id='par_1_3' title="bbox 193 491 1208 839">
     <span class='ocr_line' id='line_1_4' title="bbox 200 491 1208 549; baseline -0.009 -8"><span class='ocrx_word' id='word_1_24' title='bbox 200 511 260 542; x_wconf 83' lang='lat' dir='ltr'>ma</span> <span class='ocrx_word' id='word_1_25' title='bbox 276 498 415 538; x_wconf 87' lang='lat' dir='ltr'>Brevis</span> <span class='ocrx_word' id='word_1_26' title='bbox 434 496 634 548; x_wconf 84' lang='lat' dir='ltr'>Litteras,</span> <span class='ocrx_word' id='word_1_27' title='bbox 661 498 728 538; x_wconf 85' lang='lat' dir='ltr'>die</span> <span class='ocrx_word' id='word_1_28' title='bbox 743 510 789 538; x_wconf 82' lang='lat' dir='ltr'>xi</span> <span class='ocrx_word' id='word_1_29' title='bbox 803 509 835 536; x_wconf 87' lang='grc' dir='ltr'>ι.</span> <span class='ocrx_word' id='word_1_30' title='bbox 848 496 1095 549; x_wconf 76' lang='lat' dir='ltr'>Septembris</span> <span class='ocrx_word' id='word_1_31' title='bbox 1110 491 1208 549; x_wconf 60' lang='lat' dir='ltr'>ejus:</span> 
     </span>
     <span class='ocr_line' id='line_1_5' title="bbox 197 549 1208 608; baseline -0.006 -10"><span class='ocrx_word' id='word_1_32' title='bbox 197 556 292 598; x_wconf 82' lang='lat' dir='ltr'>dem</span> <span class='ocrx_word' id='word_1_33' title='bbox 318 556 409 597; x_wconf 88' lang='lat' dir='ltr'>anni</span> <span class='ocrx_word' id='word_1_34' title='bbox 437 553 605 608; x_wconf 81' lang='lat' dir='ltr'><strong>desuper</strong></span> <span class='ocrx_word' id='word_1_35' title='bbox 646 565 848 596; x_wconf 73' lang='lat' dir='ltr'>emanatas</span> <span class='ocrx_word' id='word_1_36' title='bbox 876 549 1115 595; x_wconf 67' lang='lat' dir='ltr'>extendisset</span> <span class='ocrx_word' id='word_1_37' title='bbox 1134 578 1147 600; x_wconf 91' lang='lat'>,</span> <span class='ocrx_word' id='word_1_38' title='bbox 1170 552 1208 592; x_wconf 90' lang='lat'>&amp;</span> 
     </span>
     <span class='ocr_line' id='line_1_6' title="bbox 196 608 1207 669; baseline -0.009 -10"><span class='ocrx_word' id='word_1_39' title='bbox 196 611 622 669; x_wconf 70' lang='lat' dir='ltr'>ampliaviffe13dile61i</span> <span class='ocrx_word' id='word_1_40' title='bbox 642 613 740 654; x_wconf 77' lang='lat' dir='ltr'>vero</span> <span class='ocrx_word' id='word_1_41' title='bbox 756 611 844 653; x_wconf 85' lang='lat' dir='ltr'>Filii</span> <span class='ocrx_word' id='word_1_42' title='bbox 862 614 1018 653; x_wconf 79' lang='lat' dir='ltr'>Fratres</span> <span class='ocrx_word' id='word_1_43' title='bbox 1036 608 1207 650; x_wconf 86' lang='lat' dir='ltr'>Provin-</span> 
     </span>
     <span class='ocr_line' id='line_1_7' title="bbox 194 665 1205 726; baseline -0.008 -12"><span class='ocrx_word' id='word_1_44' title='bbox 194 672 265 715; x_wconf 89' lang='lat' dir='ltr'>ciae</span> <span class='ocrx_word' id='word_1_45' title='bbox 291 671 661 726; x_wconf 80' lang='lat' dir='ltr'>Flandro-Belgicae</span> <span class='ocrx_word' id='word_1_46' title='bbox 696 669 910 724; x_wconf 45' lang='lat' dir='ltr'>supradicti</span> <span class='ocrx_word' id='word_1_47' title='bbox 939 665 1107 709; x_wconf 84' lang='lat' dir='ltr'>Ordinis</span> <span class='ocrx_word' id='word_1_48' title='bbox 1140 678 1205 711; x_wconf 85' lang='lat' dir='ltr'>ea-</span> 
     </span>
     <span class='ocr_line' id='line_1_8' title="bbox 195 722 1203 780; baseline -0.009 -7"><span class='ocrx_word' id='word_1_49' title='bbox 195 731 288 773; x_wconf 89' lang='lat' dir='ltr'>dem</span> <span class='ocrx_word' id='word_1_50' title='bbox 303 729 446 772; x_wconf 84' lang='lat' dir='ltr'>damna</span> <span class='ocrx_word' id='word_1_51' title='bbox 461 758 474 780; x_wconf 93' lang='lat'>,</span> <span class='ocrx_word' id='word_1_52' title='bbox 500 731 540 770; x_wconf 86' lang='lat'>&amp;</span> <span class='ocrx_word' id='word_1_53' title='bbox 562 727 817 770; x_wconf 82' lang='lat' dir='ltr'>incommoda</span> <span class='ocrx_word' id='word_1_54' title='bbox 846 741 894 769; x_wconf 83' lang='lat' dir='ltr'>ex</span> <span class='ocrx_word' id='word_1_55' title='bbox 910 725 1023 768; x_wconf 78' lang='lat' dir='ltr'>simili</span> <span class='ocrx_word' id='word_1_56' title='bbox 1042 722 1203 772; x_wconf 79' lang='lat' dir='ltr'>Discre-</span> 
     </span>
     <span class='ocr_line' id='line_1_9' title="bbox 193 780 1199 839; baseline -0.009 -7"><span class='ocrx_word' id='word_1_57' title='bbox 193 799 334 832; x_wconf 85' lang='lat' dir='ltr'>torum</span> <span class='ocrx_word' id='word_1_58' title='bbox 362 787 557 833; x_wconf 65' lang='lat' dir='ltr'>electione</span> <span class='ocrx_word' id='word_1_59' title='bbox 581 786 662 839; x_wconf 85' lang='lat' dir='ltr'>pati</span> <span class='ocrx_word' id='word_1_60' title='bbox 689 794 958 838; x_wconf 81' lang='lat' dir='ltr'>cogerentur,</span> <span class='ocrx_word' id='word_1_61' title='bbox 991 794 1072 825; x_wconf 90' lang='lat' dir='ltr'>tam</span> <span class='ocrx_word' id='word_1_62' title='bbox 1101 780 1167 837; x_wconf 77' lang='lat' dir='ltr'>ipsi</span> <span class='ocrx_word' id='word_1_63' title='bbox 1183 809 1199 832; x_wconf 86' lang='lat'>,</span> 
     </span>
    </p>
   </div>
   <div class='ocr_carea' id='block_1_3' title="bbox 1268 581 2269 639">
    <p class='ocr_par' dir='ltr' id='par_1_4' title="bbox 1268 581 2269 639">
     <span class='ocr_line' id='line_1_10' title="bbox 1268 581 2269 639; baseline -0.009 0"><span class='ocrx_word' id='word_1_64' title='bbox 1268 581 1737 639; x_wconf 84' lang='lat' dir='ltr'>CLEMENS</span> <span class='ocrx_word' id='word_1_65' title='bbox 1807 583 2075 636; x_wconf 88' lang='lat' dir='ltr'>PAPA</span> <span class='ocrx_word' id='word_1_66' title='bbox 2160 585 2269 633; x_wconf 94' lang='lat' dir='ltr'>XI.</span> 
     </span>
    </p>
   </div>
   <div class='ocr_carea' id='block_1_4' title="bbox 1447 717 2087 778">
    <p class='ocr_par' dir='ltr' id='par_1_5' title="bbox 1447 717 2087 778">
     <span class='ocr_line' id='line_1_11' title="bbox 1447 717 2087 778; baseline 0.008 -16"><span class='ocrx_word' id='word_1_67' title='bbox 1447 719 1517 762; x_wconf 88' lang='lat' dir='ltr'>Ad</span> <span class='ocrx_word' id='word_1_68' title='bbox 1527 718 1725 778; x_wconf 80' lang='lat' dir='ltr'>futuram</span> <span class='ocrx_word' id='word_1_69' title='bbox 1757 717 1815 761; x_wconf 79' lang='lat' dir='ltr'>rei</span> <span class='ocrx_word' id='word_1_70' title='bbox 1838 727 2087 766; x_wconf 76' lang='lat' dir='ltr'>memoriam.</span> 
     </span>
    </p>
   </div>
   <div class='ocr_carea' id='block_1_5' title="bbox 185 842 1206 3926">
    <p class='ocr_par' dir='ltr' id='par_1_6' title="bbox 185 842 1200 1709">
     <span class='ocr_line' id='line_1_12' title="bbox 187 842 1199 905; baseline -0.011 -14"><span class='ocrx_word' id='word_1_71' title='bbox 187 850 312 905; x_wconf 69' lang='lat' dir='ltr'>quam</span> <span class='ocrx_word' id='word_1_72' title='bbox 336 846 540 903; x_wconf 71' lang='lat' dir='ltr'>praedit‘tus</span> <span class='ocrx_word' id='word_1_73' title='bbox 568 842 776 898; x_wconf 84' lang='lat' dir='ltr'>Philippus</span> <span class='ocrx_word' id='word_1_74' title='bbox 794 843 885 884; x_wconf 85' lang='lat' dir='ltr'>Rex</span> <span class='ocrx_word' id='word_1_75' title='bbox 902 870 916 893; x_wconf 92' lang='lat'>,</span> <span class='ocrx_word' id='word_1_76' title='bbox 942 854 1199 884; x_wconf 62' lang='lat' dir='ltr'>commune.)</span> 
     </span>
     <span class='ocr_line' id='line_1_13' title="bbox 191 897 1197 964; baseline -0.013 -14"><span class='ocrx_word' id='word_1_77' title='bbox 191 919 352 964; x_wconf 89' lang='lat' dir='ltr'>quoque</span> <span class='ocrx_word' id='word_1_78' title='bbox 380 907 493 960; x_wconf 88' lang='lat' dir='ltr'>hujus</span> <span class='ocrx_word' id='word_1_79' title='bbox 510 900 733 946; x_wconf 88' lang='lat' dir='ltr'>Provinciae</span> <span class='ocrx_word' id='word_1_80' title='bbox 761 900 914 942; x_wconf 91' lang='lat' dir='ltr'>bonum</span> <span class='ocrx_word' id='word_1_81' title='bbox 927 897 1197 953; x_wconf 89' lang='lat' dir='ltr'>promovendi</span> 
     </span>
     <span class='ocr_line' id='line_1_14' title="bbox 187 956 1197 1011; baseline -0.012 -3"><span class='ocrx_word' id='word_1_82' title='bbox 187 965 322 1009; x_wconf 83' lang='lat' dir='ltr'>studio</span> <span class='ocrx_word' id='word_1_83' title='bbox 347 963 486 1005; x_wconf 61' lang='lat' dir='ltr'>duetus</span> <span class='ocrx_word' id='word_1_84' title='bbox 506 987 521 1010; x_wconf 86' lang='lat'>,</span> <span class='ocrx_word' id='word_1_85' title='bbox 543 957 651 1001; x_wconf 85' lang='lat' dir='ltr'>usum</span> <span class='ocrx_word' id='word_1_86' title='bbox 678 958 857 1011; x_wconf 85' lang='lat' dir='ltr'>erigendi</span> <span class='ocrx_word' id='word_1_87' title='bbox 875 956 1083 998; x_wconf 88' lang='lat' dir='ltr'>Discretos</span> <span class='ocrx_word' id='word_1_88' title='bbox 1097 969 1197 1011; x_wconf 88' lang='lat' dir='ltr'>prae-</span> 
     </span>
     <span class='ocr_line' id='line_1_15' title="bbox 188 1013 1197 1068; baseline -0.013 -2"><span class='ocrx_word' id='word_1_89' title='bbox 188 1025 316 1068; x_wconf 65' lang='lat' dir='ltr'>dictos</span> <span class='ocrx_word' id='word_1_90' title='bbox 345 1023 383 1062; x_wconf 88' lang='lat' dir='ltr'>in</span> <span class='ocrx_word' id='word_1_91' title='bbox 403 1018 541 1061; x_wconf 88' lang='lat' dir='ltr'>eadem</span> <span class='ocrx_word' id='word_1_92' title='bbox 556 1015 766 1058; x_wconf 85' lang='lat' dir='ltr'>Provincia</span> <span class='ocrx_word' id='word_1_93' title='bbox 784 1013 963 1056; x_wconf 86' lang='lat' dir='ltr'>fimiliter</span> <span class='ocrx_word' id='word_1_94' title='bbox 983 1014 1197 1068; x_wconf 83' lang='lat' dir='ltr'>abrogari,</span> 
     </span>
     <span class='ocr_line' id='line_1_16' title="bbox 187 1072 1198 1134; baseline -0.009 -13"><span class='ocrx_word' id='word_1_95' title='bbox 187 1084 228 1124; x_wconf 77' lang='grc' dir='ltr'>δι</span> <span class='ocrx_word' id='word_1_96' title='bbox 241 1078 476 1134; x_wconf 83' lang='lat' dir='ltr'>Apostolicae</span> <span class='ocrx_word' id='word_1_97' title='bbox 488 1072 661 1127; x_wconf 84' lang='lat' dir='ltr'>desuper</span> <span class='ocrx_word' id='word_1_98' title='bbox 675 1073 941 1115; x_wconf 68' lang='lat' dir='ltr'>Auctoritatis</span> <span class='ocrx_word' id='word_1_99' title='bbox 958 1072 1093 1115; x_wconf 86' lang='lat' dir='ltr'>nostrae</span> <span class='ocrx_word' id='word_1_100' title='bbox 1110 1085 1198 1125; x_wconf 85' lang='lat' dir='ltr'>par·</span> 
     </span>
     <span class='ocr_line' id='line_1_17' title="bbox 186 1129 1198 1191; baseline -0.01 -9"><span class='ocrx_word' id='word_1_101' title='bbox 186 1150 252 1184; x_wconf 84' lang='lat' dir='ltr'>tes</span> <span class='ocrx_word' id='word_1_102' title='bbox 265 1134 465 1191; x_wconf 90' lang='lat' dir='ltr'>interponi</span> <span class='ocrx_word' id='word_1_103' title='bbox 481 1132 695 1189; x_wconf 80' lang='lat' dir='ltr'>plurimum</span> <span class='ocrx_word' id='word_1_104' title='bbox 711 1131 1093 1174; x_wconf 80' lang='lat' dir='ltr'>desiderabant.Nos</span> <span class='ocrx_word' id='word_1_105' title='bbox 1109 1129 1198 1184; x_wconf 91' lang='lat' dir='ltr'>sup-</span> 
     </span>
     <span class='ocr_line' id='line_1_18' title="bbox 188 1189 1200 1254; baseline -0.008 -16"><span class='ocrx_word' id='word_1_106' title='bbox 188 1194 471 1254; x_wconf 87' lang='lat' dir='ltr'>plicationibus</span> <span class='ocrx_word' id='word_1_107' title='bbox 496 1189 673 1247; x_wconf 82' lang='lat' dir='ltr'>ejusdem</span> <span class='ocrx_word' id='word_1_108' title='bbox 691 1190 868 1245; x_wconf 90' lang='lat' dir='ltr'>Philippi</span> <span class='ocrx_word' id='word_1_109' title='bbox 889 1192 1011 1244; x_wconf 85' lang='lat' dir='ltr'>Regis</span> <span class='ocrx_word' id='word_1_110' title='bbox 1039 1189 1200 1231; x_wconf 90' lang='lat' dir='ltr'>nomine</span> 
     </span>
     <span class='ocr_line' id='line_1_19' title="bbox 185 1248 1198 1311; baseline -0.01 -12"><span class='ocrx_word' id='word_1_111' title='bbox 185 1257 301 1311; x_wconf 74' lang='lat' dir='ltr'>ssiper</span> <span class='ocrx_word' id='word_1_112' title='bbox 326 1254 403 1296; x_wconf 90' lang='lat' dir='ltr'>hoc</span> <span class='ocrx_word' id='word_1_113' title='bbox 432 1249 640 1293; x_wconf 88' lang='lat' dir='ltr'>humiliter</span> <span class='ocrx_word' id='word_1_114' title='bbox 669 1249 863 1305; x_wconf 60' lang='lat' dir='ltr'>porrectis</span> <span class='ocrx_word' id='word_1_115' title='bbox 883 1248 1094 1299; x_wconf 86' lang='lat' dir='ltr'>inclinati,</span> <span class='ocrx_word' id='word_1_116' title='bbox 1124 1249 1198 1289; x_wconf 86' lang='lat' dir='ltr'>Di-</span> 
     </span>
     <span class='ocr_line' id='line_1_20' title="bbox 188 1304 1197 1366; baseline -0.01 -9"><span class='ocrx_word' id='word_1_117' title='bbox 188 1313 345 1356; x_wconf 81' lang='lat' dir='ltr'>fei-etos</span> <span class='ocrx_word' id='word_1_118' title='bbox 373 1309 580 1366; x_wconf 70' lang='lat' dir='ltr'>praediftos</span> <span class='ocrx_word' id='word_1_119' title='bbox 608 1309 646 1350; x_wconf 90' lang='lat' dir='ltr'>in</span> <span class='ocrx_word' id='word_1_120' title='bbox 672 1308 814 1351; x_wconf 89' lang='lat' dir='ltr'>eadem</span> <span class='ocrx_word' id='word_1_121' title='bbox 841 1304 1053 1351; x_wconf 70' lang='lat' dir='ltr'>Provincia</span> <span class='ocrx_word' id='word_1_122' title='bbox 1081 1306 1197 1348; x_wconf 84' lang='lat' dir='ltr'>Flan-</span> 
     </span>
     <span class='ocr_line' id='line_1_21' title="bbox 188 1363 1196 1424; baseline -0.01 -9"><span class='ocrx_word' id='word_1_123' title='bbox 188 1373 266 1415; x_wconf 91' lang='lat' dir='ltr'>dro</span> <span class='ocrx_word' id='word_1_124' title='bbox 292 1370 449 1424; x_wconf 84' lang='lat' dir='ltr'>Belgica</span> <span class='ocrx_word' id='word_1_125' title='bbox 465 1396 480 1419; x_wconf 82' lang='lat'>,</span> <span class='ocrx_word' id='word_1_126' title='bbox 506 1366 573 1408; x_wconf 91' lang='lat' dir='ltr'>sub</span> <span class='ocrx_word' id='word_1_127' title='bbox 586 1367 706 1410; x_wconf 89' lang='lat' dir='ltr'>certis</span> <span class='ocrx_word' id='word_1_128' title='bbox 720 1365 845 1409; x_wconf 91' lang='lat' dir='ltr'>modo</span> <span class='ocrx_word' id='word_1_129' title='bbox 861 1395 876 1416; x_wconf 89' lang='lat'>,</span> <span class='ocrx_word' id='word_1_130' title='bbox 899 1367 939 1406; x_wconf 90' lang='lat'>&amp;</span> <span class='ocrx_word' id='word_1_131' title='bbox 953 1363 1085 1408; x_wconf 71' lang='lat' dir='ltr'>forma</span> <span class='ocrx_word' id='word_1_132' title='bbox 1103 1379 1196 1406; x_wconf 85' lang='lat' dir='ltr'>tunc</span> 
     </span>
     <span class='ocr_line' id='line_1_22' title="bbox 186 1422 1197 1486; baseline -0.011 -12"><span class='ocrx_word' id='word_1_133' title='bbox 186 1427 401 1486; x_wconf 85' lang='lat' dir='ltr'>expreffis‚</span> <span class='ocrx_word' id='word_1_134' title='bbox 434 1427 689 1468; x_wconf 66' lang='lat' dir='ltr'>Austoritatc</span> <span class='ocrx_word' id='word_1_135' title='bbox 712 1424 942 1478; x_wconf 84' lang='lat' dir='ltr'>Apostolica</span> <span class='ocrx_word' id='word_1_136' title='bbox 956 1422 1197 1475; x_wconf 89' lang='lat' dir='ltr'>sustulimus,</span> 
     </span>
     <span class='ocr_line' id='line_1_23' title="bbox 186 1483 1195 1546; baseline -0.008 -16"><span class='ocrx_word' id='word_1_137' title='bbox 186 1489 343 1546; x_wconf 86' lang='lat' dir='ltr'>pariter</span> <span class='ocrx_word' id='word_1_138' title='bbox 381 1487 421 1526; x_wconf 88' lang='lat'>&amp;</span> <span class='ocrx_word' id='word_1_139' title='bbox 444 1485 716 1533; x_wconf 79' lang='lat' dir='ltr'>removimus,</span> <span class='ocrx_word' id='word_1_140' title='bbox 745 1484 784 1523; x_wconf 91' lang='lat'>&amp;</span> <span class='ocrx_word' id='word_1_141' title='bbox 819 1483 944 1531; x_wconf 83' lang='lat' dir='ltr'>alias,</span> <span class='ocrx_word' id='word_1_142' title='bbox 980 1493 1098 1537; x_wconf 88' lang='lat' dir='ltr'>prout</span> <span class='ocrx_word' id='word_1_143' title='bbox 1124 1484 1195 1526; x_wconf 68' lang='lat' dir='ltr'>ist,</span> 
     </span>
     <span class='ocr_line' id='line_1_24' title="bbox 188 1541 1193 1590; baseline -0.009 0"><span class='ocrx_word' id='word_1_144' title='bbox 188 1546 330 1590; x_wconf 86' lang='lat' dir='ltr'>nostris</span> <span class='ocrx_word' id='word_1_145' title='bbox 345 1546 385 1587; x_wconf 88' lang='lat' dir='ltr'>in</span> <span class='ocrx_word' id='word_1_146' title='bbox 399 1543 512 1585; x_wconf 83' lang='lat' dir='ltr'>simili</span> <span class='ocrx_word' id='word_1_147' title='bbox 530 1541 659 1585; x_wconf 63' lang='lat' dir='ltr'>forma</span> <span class='ocrx_word' id='word_1_148' title='bbox 676 1541 816 1584; x_wconf 83' lang='lat' dir='ltr'>Brevis</span> <span class='ocrx_word' id='word_1_149' title='bbox 830 1541 896 1584; x_wconf 87' lang='lat' dir='ltr'>die</span> <span class='ocrx_word' id='word_1_150' title='bbox 916 1554 1000 1586; x_wconf 81' lang='lat' dir='ltr'>xxv</span> <span class='ocrx_word' id='word_1_151' title='bbox 1011 1554 1024 1581; x_wconf 91' lang='lat'>1</span> <span class='ocrx_word' id='word_1_152' title='bbox 1042 1553 1053 1580; x_wconf 87' lang='grc' dir='ltr'>ι</span> <span class='ocrx_word' id='word_1_153' title='bbox 1068 1542 1193 1582; x_wconf 81' lang='lat' dir='ltr'>1.Au·</span> 
     </span>
     <span class='ocr_line' id='line_1_25' title="bbox 188 1599 1194 1662; baseline -0.006 -15"><span class='ocrx_word' id='word_1_154' title='bbox 188 1605 487 1662; x_wconf 78' lang='lat' dir='ltr'>gustiMDccit.</span> <span class='ocrx_word' id='word_1_155' title='bbox 508 1599 677 1658; x_wconf 84' lang='lat' dir='ltr'>desuper</span> <span class='ocrx_word' id='word_1_156' title='bbox 701 1601 903 1656; x_wconf 85' lang='lat' dir='ltr'>expeditis</span> <span class='ocrx_word' id='word_1_157' title='bbox 931 1599 1079 1644; x_wconf 87' lang='lat' dir='ltr'>litteris</span> <span class='ocrx_word' id='word_1_158' title='bbox 1106 1599 1194 1655; x_wconf 85' lang='lat' dir='ltr'>ple-</span> 
     </span>
     <span class='ocr_line' id='line_1_26' title="bbox 189 1662 544 1709; baseline -0.017 -1"><span class='ocrx_word' id='word_1_159' title='bbox 189 1665 279 1709; x_wconf 71' lang='lat' dir='ltr'>nius</span> <span class='ocrx_word' id='word_1_160' title='bbox 296 1662 544 1705; x_wconf 84' lang='lat' dir='ltr'>continetur.</span> 
     </span>
    </p>

    <p class='ocr_par' dir='ltr' id='par_1_7' title="bbox 185 1715 1206 3585">
     <span class='ocr_line' id='line_1_27' title="bbox 249 1715 1195 1770; baseline -0.01 -5"><span class='ocrx_word' id='word_1_161' title='bbox 249 1723 356 1765; x_wconf 73' lang='lat' dir='ltr'>cum</span> <span class='ocrx_word' id='word_1_162' title='bbox 371 1731 530 1770; x_wconf 86' lang='lat' dir='ltr'>autem,</span> <span class='ocrx_word' id='word_1_163' title='bbox 555 1719 654 1761; x_wconf 86' lang='lat' dir='ltr'>ficut</span> <span class='ocrx_word' id='word_1_164' title='bbox 676 1718 844 1760; x_wconf 68' lang='lat' dir='ltr'>dilectus</span> <span class='ocrx_word' id='word_1_165' title='bbox 860 1715 962 1758; x_wconf 88' lang='lat' dir='ltr'>filius</span> <span class='ocrx_word' id='word_1_166' title='bbox 978 1716 1195 1757; x_wconf 87' lang='lat' dir='ltr'>modernus</span> 
     </span>
     <span class='ocr_line' id='line_1_28' title="bbox 186 1775 1194 1824; baseline -0.011 0"><span class='ocrx_word' id='word_1_167' title='bbox 186 1779 372 1824; x_wconf 82' lang='lat' dir='ltr'>Minister</span> <span class='ocrx_word' id='word_1_168' title='bbox 386 1777 651 1821; x_wconf 87' lang='lat' dir='ltr'>Provincialis</span> <span class='ocrx_word' id='word_1_169' title='bbox 679 1777 790 1820; x_wconf 66' lang='lat' dir='ltr'>dietae.</span> <span class='ocrx_word' id='word_1_170' title='bbox 815 1775 1037 1818; x_wconf 85' lang='lat' dir='ltr'>Provinciae</span> <span class='ocrx_word' id='word_1_171' title='bbox 1065 1775 1194 1816; x_wconf 90' lang='lat' dir='ltr'>Nobis</span> 
     </span>
     <span class='ocr_line' id='line_1_29' title="bbox 186 1832 1195 1894; baseline -0.01 -12"><span class='ocrx_word' id='word_1_172' title='bbox 186 1853 317 1894; x_wconf 87' lang='lat' dir='ltr'>nuper</span> <span class='ocrx_word' id='word_1_173' title='bbox 342 1836 486 1891; x_wconf 87' lang='lat' dir='ltr'>exponi</span> <span class='ocrx_word' id='word_1_174' title='bbox 502 1834 628 1883; x_wconf 62' lang='lat' dir='ltr'>fecit,</span> <span class='ocrx_word' id='word_1_175' title='bbox 648 1835 687 1876; x_wconf 88' lang='lat' dir='ltr'>in</span> <span class='ocrx_word' id='word_1_176' title='bbox 705 1835 870 1878; x_wconf 88' lang='lat' dir='ltr'>Litteris</span> <span class='ocrx_word' id='word_1_177' title='bbox 888 1833 1027 1875; x_wconf 90' lang='lat' dir='ltr'>nostris</span> <span class='ocrx_word' id='word_1_178' title='bbox 1050 1832 1195 1887; x_wconf 85' lang='lat' dir='ltr'>praedi-</span> 
     </span>
     <span class='ocr_line' id='line_1_30' title="bbox 187 1893 1195 1948; baseline -0.008 -8"><span class='ocrx_word' id='word_1_179' title='bbox 187 1899 257 1941; x_wconf 67' lang='lat' dir='ltr'>&amp;is</span> <span class='ocrx_word' id='word_1_180' title='bbox 273 1927 287 1948; x_wconf 91' lang='lat'>,</span> <span class='ocrx_word' id='word_1_181' title='bbox 319 1894 425 1938; x_wconf 87' lang='lat' dir='ltr'>nulla</span> <span class='ocrx_word' id='word_1_182' title='bbox 439 1894 524 1937; x_wconf 89' lang='lat' dir='ltr'>aliae</span> <span class='ocrx_word' id='word_1_183' title='bbox 542 1907 658 1935; x_wconf 88' lang='lat' dir='ltr'>voces</span> <span class='ocrx_word' id='word_1_184' title='bbox 675 1893 768 1935; x_wconf 94' lang='lat' dir='ltr'>loco</span> <span class='ocrx_word' id='word_1_185' title='bbox 785 1893 1060 1948; x_wconf 87' lang='lat' dir='ltr'>suffragiorum</span> <span class='ocrx_word' id='word_1_186' title='bbox 1074 1921 1086 1943; x_wconf 90' lang='lat'>,</span> <span class='ocrx_word' id='word_1_187' title='bbox 1112 1904 1195 1947; x_wconf 88' lang='lat' dir='ltr'>quae</span> 
     </span>
     <span class='ocr_line' id='line_1_31' title="bbox 185 1949 1198 2014; baseline -0.006 -17"><span class='ocrx_word' id='word_1_188' title='bbox 185 1957 294 2014; x_wconf 79' lang='lat' dir='ltr'>prius</span> <span class='ocrx_word' id='word_1_189' title='bbox 313 1952 507 2004; x_wconf 89' lang='lat' dir='ltr'>Discreti,</span> <span class='ocrx_word' id='word_1_190' title='bbox 533 1955 571 1994; x_wconf 89' lang='lat'>&amp;</span> <span class='ocrx_word' id='word_1_191' title='bbox 594 1950 687 1993; x_wconf 90' lang='lat' dir='ltr'>socii</span> <span class='ocrx_word' id='word_1_192' title='bbox 714 1952 949 2003; x_wconf 88' lang='lat' dir='ltr'>habebant,</span> <span class='ocrx_word' id='word_1_193' title='bbox 984 1949 1198 2005; x_wconf 78' lang='lat' dir='ltr'>subrogata</span> 
     </span>
     <span class='ocr_line' id='line_1_32' title="bbox 188 2009 1199 2066; baseline -0.007 -7"><span class='ocrx_word' id='word_1_194' title='bbox 188 2014 465 2066; x_wconf 83' lang='lat' dir='ltr'>reperiantur:</span> <span class='ocrx_word' id='word_1_195' title='bbox 494 2010 620 2053; x_wconf 88' lang='lat' dir='ltr'>Nobis</span> <span class='ocrx_word' id='word_1_196' title='bbox 640 2020 855 2065; x_wconf 87' lang='lat' dir='ltr'>propterea</span> <span class='ocrx_word' id='word_1_197' title='bbox 882 2011 1090 2054; x_wconf 88' lang='lat' dir='ltr'>humiliter</span> <span class='ocrx_word' id='word_1_198' title='bbox 1108 2009 1199 2063; x_wconf 87' lang='lat' dir='ltr'>sup-</span> 
     </span>
     <span class='ocr_line' id='line_1_33' title="bbox 189 2070 1196 2130; baseline -0.006 -16"><span class='ocrx_word' id='word_1_199' title='bbox 189 2074 331 2130; x_wconf 84' lang='lat' dir='ltr'>plicari</span> <span class='ocrx_word' id='word_1_200' title='bbox 346 2072 465 2121; x_wconf 79' lang='lat' dir='ltr'>fecit,</span> <span class='ocrx_word' id='word_1_201' title='bbox 485 2079 529 2110; x_wconf 92' lang='lat' dir='ltr'>ut</span> <span class='ocrx_word' id='word_1_202' title='bbox 544 2070 581 2110; x_wconf 90' lang='lat' dir='ltr'>in</span> <span class='ocrx_word' id='word_1_203' title='bbox 597 2071 793 2124; x_wconf 87' lang='lat' dir='ltr'>praemiffis</span> <span class='ocrx_word' id='word_1_204' title='bbox 808 2070 1041 2124; x_wconf 74' lang='lat' dir='ltr'>opportune</span> <span class='ocrx_word' id='word_1_205' title='bbox 1058 2070 1196 2124; x_wconf 88' lang='lat' dir='ltr'>provi·</span> 
     </span>
     <span class='ocr_line' id='line_1_34' title="bbox 193 2125 1203 2184; baseline -0.007 -11"><span class='ocrx_word' id='word_1_206' title='bbox 193 2132 294 2173; x_wconf 86' lang='lat' dir='ltr'>dere</span> <span class='ocrx_word' id='word_1_207' title='bbox 306 2160 321 2180; x_wconf 91' lang='lat'>,</span> <span class='ocrx_word' id='word_1_208' title='bbox 345 2131 384 2170; x_wconf 78' lang='grc' dir='ltr'>δι</span> <span class='ocrx_word' id='word_1_209' title='bbox 396 2158 411 2179; x_wconf 85' lang='grc'><strong><em>,</em></strong></span> <span class='ocrx_word' id='word_1_210' title='bbox 438 2138 482 2169; x_wconf 90' lang='lat' dir='ltr'>ut</span> <span class='ocrx_word' id='word_1_211' title='bbox 499 2125 622 2177; x_wconf 82' lang='lat' dir='ltr'>infra,</span> <span class='ocrx_word' id='word_1_212' title='bbox 639 2127 853 2183; x_wconf 87' lang='lat' dir='ltr'>indulgere</span> <span class='ocrx_word' id='word_1_213' title='bbox 868 2127 918 2168; x_wconf 89' lang='lat' dir='ltr'>de</span> <span class='ocrx_word' id='word_1_214' title='bbox 934 2128 1203 2184; x_wconf 88' lang='lat' dir='ltr'>Benignitate</span> 
     </span>
     <span class='ocr_line' id='line_1_35' title="bbox 193 2186 1203 2244; baseline -0.008 -11"><span class='ocrx_word' id='word_1_215' title='bbox 193 2188 435 2244; x_wconf 86' lang='lat' dir='ltr'>Apostolica</span> <span class='ocrx_word' id='word_1_216' title='bbox 465 2186 751 2240; x_wconf 88' lang='lat' dir='ltr'>dignaremur.</span> <span class='ocrx_word' id='word_1_217' title='bbox 785 2191 870 2229; x_wconf 88' lang='lat' dir='ltr'>Nos</span> <span class='ocrx_word' id='word_1_218' title='bbox 898 2187 1023 2241; x_wconf 86' lang='lat' dir='ltr'>igitur</span> <span class='ocrx_word' id='word_1_219' title='bbox 1051 2187 1203 2230; x_wconf 60' lang='lat' dir='ltr'>dietum</span> 
     </span>
     <span class='ocr_line' id='line_1_36' title="bbox 192 2243 1201 2299; baseline -0.003 -11"><span class='ocrx_word' id='word_1_220' title='bbox 192 2246 491 2293; x_wconf 82' lang='lat' dir='ltr'>Provincialem</span> <span class='ocrx_word' id='word_1_221' title='bbox 514 2243 749 2299; x_wconf 81' lang='lat' dir='ltr'>specialibus</span> <span class='ocrx_word' id='word_1_222' title='bbox 782 2245 1014 2292; x_wconf 79' lang='lat' dir='ltr'>favoribus,</span> <span class='ocrx_word' id='word_1_223' title='bbox 1044 2247 1081 2286; x_wconf 76' lang='grc' dir='ltr'>δι</span> <span class='ocrx_word' id='word_1_224' title='bbox 1109 2258 1201 2299; x_wconf 88' lang='lat' dir='ltr'>gra-</span> 
     </span>
     <span class='ocr_line' id='line_1_37' title="bbox 192 2299 1200 2360; baseline -0.007 -10"><span class='ocrx_word' id='word_1_225' title='bbox 192 2306 260 2350; x_wconf 83' lang='lat' dir='ltr'>tiis</span> <span class='ocrx_word' id='word_1_226' title='bbox 276 2303 456 2360; x_wconf 82' lang='lat' dir='ltr'>prosequi</span> <span class='ocrx_word' id='word_1_227' title='bbox 474 2304 659 2346; x_wconf 89' lang='lat' dir='ltr'>volentes</span> <span class='ocrx_word' id='word_1_228' title='bbox 678 2332 691 2354; x_wconf 91' lang='lat'>,</span> <span class='ocrx_word' id='word_1_229' title='bbox 714 2305 754 2344; x_wconf 87' lang='lat'>&amp;</span> <span class='ocrx_word' id='word_1_230' title='bbox 777 2304 798 2345; x_wconf 74' lang='lat' dir='ltr'>a</span> <span class='ocrx_word' id='word_1_231' title='bbox 814 2299 1018 2358; x_wconf 89' lang='lat' dir='ltr'>quibusvis</span> <span class='ocrx_word' id='word_1_232' title='bbox 1034 2317 1200 2346; x_wconf 81' lang='lat' dir='ltr'>excom—</span> 
     </span>
     <span class='ocr_line' id='line_1_38' title="bbox 192 2361 1201 2411; baseline -0.007 -3"><span class='ocrx_word' id='word_1_233' title='bbox 192 2362 473 2408; x_wconf 81' lang='lat' dir='ltr'>municationis</span> <span class='ocrx_word' id='word_1_234' title='bbox 487 2362 560 2403; x_wconf 91' lang='lat' dir='ltr'>&amp;c.</span> <span class='ocrx_word' id='word_1_235' title='bbox 592 2361 876 2411; x_wconf 74' lang='lat' dir='ltr'>absolventes,</span> <span class='ocrx_word' id='word_1_236' title='bbox 904 2362 943 2402; x_wconf 73' lang='grc' dir='ltr'>δε</span> <span class='ocrx_word' id='word_1_237' title='bbox 971 2363 1201 2406; x_wconf 88' lang='lat' dir='ltr'>absolutum</span> 
     </span>
     <span class='ocr_line' id='line_1_39' title="bbox 192 2420 1200 2476; baseline -0.003 -10"><span class='ocrx_word' id='word_1_238' title='bbox 192 2422 283 2466; x_wconf 89' lang='lat' dir='ltr'>fore</span> <span class='ocrx_word' id='word_1_239' title='bbox 311 2420 513 2464; x_wconf 87' lang='lat' dir='ltr'>censentes</span> <span class='ocrx_word' id='word_1_240' title='bbox 537 2448 552 2472; x_wconf 91' lang='lat'>,</span> <span class='ocrx_word' id='word_1_241' title='bbox 588 2420 811 2476; x_wconf 91' lang='lat' dir='ltr'>hujusmodi</span> <span class='ocrx_word' id='word_1_242' title='bbox 839 2421 1200 2476; x_wconf 86' lang='lat' dir='ltr'>supplicationibus</span> 
     </span>
     <span class='ocr_line' id='line_1_40' title="bbox 190 2479 1199 2528; baseline -0.002 -4"><span class='ocrx_word' id='word_1_243' title='bbox 190 2481 400 2528; x_wconf 82' lang='lat' dir='ltr'>inclinati,</span> <span class='ocrx_word' id='word_1_244' title='bbox 427 2479 477 2521; x_wconf 92' lang='lat' dir='ltr'>de</span> <span class='ocrx_word' id='word_1_245' title='bbox 494 2480 801 2523; x_wconf 79' lang='lat' dir='ltr'>venerabilium</span> <span class='ocrx_word' id='word_1_246' title='bbox 829 2483 1013 2525; x_wconf 77' lang='lat' dir='ltr'>Fratrum</span> <span class='ocrx_word' id='word_1_247' title='bbox 1047 2482 1199 2524; x_wconf 86' lang='lat' dir='ltr'>nostro—</span> 
     </span>
     <span class='ocr_line' id='line_1_41' title="bbox 189 2538 1198 2596; baseline -0.004 -12"><span class='ocrx_word' id='word_1_248' title='bbox 189 2554 280 2584; x_wconf 87' lang='lat' dir='ltr'>rum</span> <span class='ocrx_word' id='word_1_249' title='bbox 303 2543 349 2582; x_wconf 91' lang='lat' dir='ltr'>S.</span> <span class='ocrx_word' id='word_1_250' title='bbox 367 2541 417 2581; x_wconf 88' lang='lat' dir='ltr'>R.</span> <span class='ocrx_word' id='word_1_251' title='bbox 435 2539 484 2580; x_wconf 88' lang='grc' dir='ltr'>Ε.</span> <span class='ocrx_word' id='word_1_252' title='bbox 507 2538 784 2582; x_wconf 87' lang='lat' dir='ltr'>Cardinalium</span> <span class='ocrx_word' id='word_1_253' title='bbox 812 2541 983 2596; x_wconf 88' lang='lat' dir='ltr'>negotiis</span> <span class='ocrx_word' id='word_1_254' title='bbox 999 2569 1012 2591; x_wconf 87' lang='lat'>,</span> <span class='ocrx_word' id='word_1_255' title='bbox 1043 2541 1082 2580; x_wconf 90' lang='lat'>&amp;</span> <span class='ocrx_word' id='word_1_256' title='bbox 1099 2553 1198 2581; x_wconf 92' lang='lat' dir='ltr'>con-</span> 
     </span>
     <span class='ocr_line' id='line_1_42' title="bbox 189 2597 1196 2655; baseline 0 -14"><span class='ocrx_word' id='word_1_257' title='bbox 189 2598 469 2642; x_wconf 90' lang='lat' dir='ltr'>sultationibus</span> <span class='ocrx_word' id='word_1_258' title='bbox 499 2597 790 2655; x_wconf 83' lang='lat' dir='ltr'>Episcoporum</span> <span class='ocrx_word' id='word_1_259' title='bbox 821 2600 861 2640; x_wconf 91' lang='lat'>&amp;</span> <span class='ocrx_word' id='word_1_260' title='bbox 892 2598 1196 2655; x_wconf 50' lang='lat' dir='ltr'>Regularium)</span> 
     </span>
     <span class='ocr_line' id='line_1_43' title="bbox 190 2656 1195 2714; baseline 0 -16"><span class='ocrx_word' id='word_1_261' title='bbox 190 2657 489 2714; x_wconf 82' lang='lat' dir='ltr'>praepofitorum</span> <span class='ocrx_word' id='word_1_262' title='bbox 504 2686 519 2709; x_wconf 93' lang='lat'>,</span> <span class='ocrx_word' id='word_1_263' title='bbox 533 2657 602 2712; x_wconf 88' lang='lat' dir='ltr'>qui</span> <span class='ocrx_word' id='word_1_264' title='bbox 619 2657 909 2701; x_wconf 84' lang='lat' dir='ltr'>Venerabilem</span> <span class='ocrx_word' id='word_1_265' title='bbox 926 2661 1107 2701; x_wconf 86' lang='lat' dir='ltr'>Fratrem</span> <span class='ocrx_word' id='word_1_266' title='bbox 1123 2656 1195 2700; x_wconf 81' lang='lat' dir='ltr'>Ni.</span> 
     </span>
     <span class='ocr_line' id='line_1_44' title="bbox 190 2711 1196 2770; baseline -0.003 -13"><span class='ocrx_word' id='word_1_267' title='bbox 190 2715 355 2758; x_wconf 83' lang='lat' dir='ltr'>eolaum</span> <span class='ocrx_word' id='word_1_268' title='bbox 398 2711 640 2770; x_wconf 87' lang='lat' dir='ltr'>Episcopum</span> <span class='ocrx_word' id='word_1_269' title='bbox 677 2718 939 2761; x_wconf 85' lang='lat' dir='ltr'>Portuensem</span> <span class='ocrx_word' id='word_1_270' title='bbox 963 2743 977 2766; x_wconf 62' lang='lat'><em>2</em></span> <span class='ocrx_word' id='word_1_271' title='bbox 1011 2721 1052 2760; x_wconf 86' lang='lat' dir='ltr'>S.</span> <span class='ocrx_word' id='word_1_272' title='bbox 1071 2719 1122 2758; x_wconf 87' lang='lat' dir='ltr'>R.</span> <span class='ocrx_word' id='word_1_273' title='bbox 1149 2718 1196 2756; x_wconf 85' lang='grc' dir='ltr'>Ε.</span> 
     </span>
     <span class='ocr_line' id='line_1_45' title="bbox 191 2771 1196 2831; baseline 0.003 -17"><span class='ocrx_word' id='word_1_274' title='bbox 191 2771 454 2816; x_wconf 87' lang='lat' dir='ltr'>Cardinalem</span> <span class='ocrx_word' id='word_1_275' title='bbox 471 2797 486 2821; x_wconf 68' lang='lat'>2</span> <span class='ocrx_word' id='word_1_276' title='bbox 501 2773 755 2829; x_wconf 74' lang='lat' dir='ltr'>Acciajolum</span> <span class='ocrx_word' id='word_1_277' title='bbox 769 2786 1044 2831; x_wconf 88' lang='lat' dir='ltr'>nuncupatum</span> <span class='ocrx_word' id='word_1_278' title='bbox 1056 2802 1070 2824; x_wconf 85' lang='lat'>,</span> <span class='ocrx_word' id='word_1_279' title='bbox 1102 2774 1196 2817; x_wconf 65' lang='lat' dir='ltr'>disti</span> 
     </span>
     <span class='ocr_line' id='line_1_46' title="bbox 190 2828 1196 2888; baseline -0.009 -7"><span class='ocrx_word' id='word_1_280' title='bbox 190 2829 352 2873; x_wconf 60' lang='lat' dir='ltr'>ordinis</span> <span class='ocrx_word' id='word_1_281' title='bbox 380 2828 487 2883; x_wconf 74' lang='lat' dir='ltr'>apud</span> <span class='ocrx_word' id='word_1_282' title='bbox 525 2843 596 2870; x_wconf 74' lang='lat'><em>1¹08</em></span> <span class='ocrx_word' id='word_1_283' title='bbox 619 2858 634 2879; x_wconf 66' lang='lat' dir='ltr'>a</span> <span class='ocrx_word' id='word_1_284' title='bbox 669 2834 707 2872; x_wconf 65' lang='grc' dir='ltr'>ὃς</span> <span class='ocrx_word' id='word_1_285' title='bbox 740 2834 885 2876; x_wconf 88' lang='lat' dir='ltr'>Sedem</span> <span class='ocrx_word' id='word_1_286' title='bbox 918 2833 1196 2888; x_wconf 87' lang='lat' dir='ltr'>Apostolicam</span> 
     </span>
     <span class='ocr_line' id='line_1_47' title="bbox 190 2886 1198 2940; baseline -0.001 -9"><span class='ocrx_word' id='word_1_287' title='bbox 190 2889 470 2931; x_wconf 66' lang='lat' dir='ltr'>Protectorem</span> <span class='ocrx_word' id='word_1_288' title='bbox 498 2886 770 2939; x_wconf 86' lang='lat' dir='ltr'>audiverunt,</span> <span class='ocrx_word' id='word_1_289' title='bbox 800 2891 991 2940; x_wconf 74' lang='lat' dir='ltr'>consilio,</span> <span class='ocrx_word' id='word_1_290' title='bbox 1019 2894 1133 2940; x_wconf 84' lang='lat' dir='ltr'>vice,</span> <span class='ocrx_word' id='word_1_291' title='bbox 1159 2891 1198 2930; x_wconf 75' lang='grc' dir='ltr'>ὅτ.</span> 
     </span>
     <span class='ocr_line' id='line_1_48' title="bbox 191 2943 1199 3000; baseline 0 -14"><span class='ocrx_word' id='word_1_292' title='bbox 191 2948 289 2991; x_wconf 82' lang='lat' dir='ltr'>loco</span> <span class='ocrx_word' id='word_1_293' title='bbox 313 2946 587 3000; x_wconf 64' lang='lat' dir='ltr'>praedietorum</span> <span class='ocrx_word' id='word_1_294' title='bbox 609 2943 881 2988; x_wconf 87' lang='lat' dir='ltr'>Discretorum</span> <span class='ocrx_word' id='word_1_295' title='bbox 897 2975 911 2997; x_wconf 88' lang='lat'>,</span> <span class='ocrx_word' id='word_1_296' title='bbox 927 2947 965 2987; x_wconf 93' lang='lat' dir='ltr'>in</span> <span class='ocrx_word' id='word_1_297' title='bbox 984 2948 1199 2988; x_wconf 86' lang='lat' dir='ltr'>Provincia</span> 
     </span>
     <span class='ocr_line' id='line_1_49' title="bbox 191 3002 1201 3059; baseline -0.006 -10"><span class='ocrx_word' id='word_1_298' title='bbox 191 3002 561 3057; x_wconf 81' lang='lat' dir='ltr'>Flandro-Belgica</span> <span class='ocrx_word' id='word_1_299' title='bbox 579 3002 818 3059; x_wconf 87' lang='lat' dir='ltr'>hujusmodi,</span> <span class='ocrx_word' id='word_1_300' title='bbox 833 3006 930 3046; x_wconf 82' lang='lat' dir='ltr'>ficut</span> <span class='ocrx_word' id='word_1_301' title='bbox 945 3005 1201 3059; x_wconf 86' lang='lat' dir='ltr'>praemititur,</span> 
     </span>
     <span class='ocr_line' id='line_1_50' title="bbox 192 3062 1203 3113; baseline -0.005 -6"><span class='ocrx_word' id='word_1_302' title='bbox 192 3063 446 3107; x_wconf 87' lang='lat' dir='ltr'>sublatorum</span> <span class='ocrx_word' id='word_1_303' title='bbox 472 3063 540 3113; x_wconf 74' lang='grc' dir='ltr'>,δι</span> <span class='ocrx_word' id='word_1_304' title='bbox 560 3062 806 3104; x_wconf 88' lang='lat' dir='ltr'>abolitorum</span> <span class='ocrx_word' id='word_1_305' title='bbox 821 3093 835 3113; x_wconf 92' lang='lat'>,</span> <span class='ocrx_word' id='word_1_306' title='bbox 855 3063 1107 3105; x_wconf 87' lang='lat' dir='ltr'>immediatos</span> <span class='ocrx_word' id='word_1_307' title='bbox 1124 3063 1203 3102; x_wconf 85' lang='lat' dir='ltr'>Ex-</span> 
     </span>
     <span class='ocr_line' id='line_1_51' title="bbox 190 3119 1201 3171; baseline -0.005 -6"><span class='ocrx_word' id='word_1_308' title='bbox 190 3121 470 3165; x_wconf 84' lang='lat' dir='ltr'>Provinciales</span> <span class='ocrx_word' id='word_1_309' title='bbox 485 3149 498 3171; x_wconf 87' lang='lat'>,</span> <span class='ocrx_word' id='word_1_310' title='bbox 513 3121 688 3163; x_wconf 64' lang='lat' dir='ltr'>actuales</span> <span class='ocrx_word' id='word_1_311' title='bbox 706 3120 950 3164; x_wconf 86' lang='lat' dir='ltr'>Definitores</span> <span class='ocrx_word' id='word_1_312' title='bbox 965 3148 980 3169; x_wconf 64' lang='lat' dir='ltr'>s</span> <span class='ocrx_word' id='word_1_313' title='bbox 1002 3123 1041 3163; x_wconf 87' lang='lat'>&amp;</span> <span class='ocrx_word' id='word_1_314' title='bbox 1057 3119 1201 3163; x_wconf 86' lang='lat' dir='ltr'>Custo-</span> 
     </span>
     <span class='ocr_line' id='line_1_52' title="bbox 194 3179 1203 3237; baseline -0.005 -13"><span class='ocrx_word' id='word_1_315' title='bbox 194 3181 266 3224; x_wconf 89' lang='lat' dir='ltr'>des</span> <span class='ocrx_word' id='word_1_316' title='bbox 278 3180 454 3237; x_wconf 87' lang='lat' dir='ltr'>ejusdem</span> <span class='ocrx_word' id='word_1_317' title='bbox 467 3180 687 3223; x_wconf 84' lang='lat' dir='ltr'>Provinciae</span> <span class='ocrx_word' id='word_1_318' title='bbox 701 3179 1203 3236; x_wconf 61' lang='lat' dir='ltr'>Flandro-Belgicae2dum-</span> 
     </span>
     <span class='ocr_line' id='line_1_53' title="bbox 196 3237 1204 3288; baseline -0.003 -6"><span class='ocrx_word' id='word_1_319' title='bbox 196 3239 321 3282; x_wconf 81' lang='lat' dir='ltr'>modo</span> <span class='ocrx_word' id='word_1_320' title='bbox 338 3249 472 3281; x_wconf 86' lang='lat' dir='ltr'>tamen</span> <span class='ocrx_word' id='word_1_321' title='bbox 490 3237 803 3280; x_wconf 86' lang='lat' dir='ltr'>Guardianinon</span> <span class='ocrx_word' id='word_1_322' title='bbox 823 3239 894 3281; x_wconf 86' lang='lat' dir='ltr'>fint</span> <span class='ocrx_word' id='word_1_323' title='bbox 911 3266 925 3288; x_wconf 84' lang='lat'>,</span> <span class='ocrx_word' id='word_1_324' title='bbox 948 3239 1204 3280; x_wconf 59' lang='lat' dir='ltr'>Aueoritate.</span> 
     </span>
     <span class='ocr_line' id='line_1_54' title="bbox 195 3295 1203 3353; baseline -0.004 -12"><span class='ocrx_word' id='word_1_325' title='bbox 195 3297 430 3351; x_wconf 66' lang='lat' dir='ltr'>{Apostolica</span> <span class='ocrx_word' id='word_1_326' title='bbox 449 3324 463 3347; x_wconf 85' lang='lat'>,</span> <span class='ocrx_word' id='word_1_327' title='bbox 489 3306 632 3338; x_wconf 88' lang='lat' dir='ltr'>tenore</span> <span class='ocrx_word' id='word_1_328' title='bbox 645 3295 898 3353; x_wconf 75' lang='lat' dir='ltr'>praesentium</span> <span class='ocrx_word' id='word_1_329' title='bbox 913 3298 1174 3350; x_wconf 87' lang='lat' dir='ltr'>subrogamus</span> <span class='ocrx_word' id='word_1_330' title='bbox 1188 3324 1203 3345; x_wconf 87' lang='lat'>,</span> 
     </span>
     <span class='ocr_line' id='line_1_55' title="bbox 197 3349 1204 3411; baseline -0.005 -10"><span class='ocrx_word' id='word_1_331' title='bbox 197 3349 318 3401; x_wconf 70' lang='lat' dir='ltr'>salva’</span> <span class='ocrx_word' id='word_1_332' title='bbox 334 3367 466 3398; x_wconf 87' lang='lat' dir='ltr'>tamen</span> <span class='ocrx_word' id='word_1_333' title='bbox 492 3354 644 3411; x_wconf 88' lang='lat' dir='ltr'>semper</span> <span class='ocrx_word' id='word_1_334' title='bbox 671 3356 709 3397; x_wconf 91' lang='lat' dir='ltr'>in</span> <span class='ocrx_word' id='word_1_335' title='bbox 735 3355 931 3411; x_wconf 78' lang='lat' dir='ltr'>praemiffis</span> <span class='ocrx_word' id='word_1_336' title='bbox 964 3356 1204 3398; x_wconf 67' lang='lat' dir='ltr'>austeritate</span> 
     </span>
     <span class='ocr_line' id='line_1_56' title="bbox 201 3413 1202 3470; baseline -0.001 -13"><span class='ocrx_word' id='word_1_337' title='bbox 201 3414 542 3470; x_wconf 81' lang='lat' dir='ltr'>congregationis</span> <span class='ocrx_word' id='word_1_338' title='bbox 557 3413 784 3457; x_wconf 88' lang='lat' dir='ltr'>eorundem</span> <span class='ocrx_word' id='word_1_339' title='bbox 798 3414 1074 3458; x_wconf 87' lang='lat' dir='ltr'>Cardinalium</span> <span class='ocrx_word' id='word_1_340' title='bbox 1094 3442 1105 3455; x_wconf 81' lang='grc'><strong>.</strong></span> <span class='ocrx_word' id='word_1_341' title='bbox 1124 3415 1202 3456; x_wconf 90' lang='lat' dir='ltr'>De-</span> 
     </span>
     <span class='ocr_line' id='line_1_57' title="bbox 201 3472 1206 3530; baseline -0.001 -17"><span class='ocrx_word' id='word_1_342' title='bbox 201 3484 412 3516; x_wconf 85' lang='lat' dir='ltr'>cernentes</span> <span class='ocrx_word' id='word_1_343' title='bbox 427 3472 585 3517; x_wconf 83' lang='lat' dir='ltr'>easdem</span> <span class='ocrx_word' id='word_1_344' title='bbox 598 3475 675 3515; x_wconf 87' lang='lat' dir='ltr'>&amp;c.</span> <span class='ocrx_word' id='word_1_345' title='bbox 691 3472 896 3530; x_wconf 75' lang='lat' dir='ltr'>Residuum</span> <span class='ocrx_word' id='word_1_346' title='bbox 910 3476 963 3516; x_wconf 81' lang='lat' dir='ltr'>&#39;ut</span> <span class='ocrx_word' id='word_1_347' title='bbox 984 3478 1025 3514; x_wconf 71' lang='lat' dir='ltr'>in</span> <span class='ocrx_word' id='word_1_348' title='bbox 1046 3472 1206 3515; x_wconf 60' lang='lat' dir='ltr'>Litteris</span> 
     </span>
     <span class='ocr_line' id='line_1_58' title="bbox 198 3532 531 3585; baseline 0 -12"><span class='ocrx_word' id='word_1_349' title='bbox 198 3532 499 3585; x_wconf 65' lang='lat' dir='ltr'>praecedentibus</span> <span class='ocrx_word' id='word_1_350' title='bbox 519 3562 531 3573; x_wconf 91' lang='lat'><strong>.</strong></span> 
     </span>
    </p>

    <p class='ocr_par' dir='ltr' id='par_1_8' title="bbox 198 3589 1202 3764">
     <span class='ocr_line' id='line_1_59' title="bbox 264 3589 1202 3647; baseline 0 -17"><span class='ocrx_word' id='word_1_351' title='bbox 264 3591 408 3632; x_wconf 84' lang='lat' dir='ltr'>Datum</span> <span class='ocrx_word' id='word_1_352' title='bbox 423 3593 563 3634; x_wconf 88' lang='lat' dir='ltr'>Romae</span> <span class='ocrx_word' id='word_1_353' title='bbox 578 3590 682 3647; x_wconf 85' lang='lat' dir='ltr'>apud</span> <span class='ocrx_word' id='word_1_354' title='bbox 711 3594 751 3633; x_wconf 86' lang='lat' dir='ltr'>S.</span> <span class='ocrx_word' id='word_1_355' title='bbox 764 3593 925 3633; x_wconf 88' lang='lat' dir='ltr'>Petrum</span> <span class='ocrx_word' id='word_1_356' title='bbox 952 3589 1024 3632; x_wconf 90' lang='lat' dir='ltr'>sub</span> <span class='ocrx_word' id='word_1_357' title='bbox 1038 3589 1202 3634; x_wconf 87' lang='lat' dir='ltr'>Annulo</span> 
     </span>
     <span class='ocr_line' id='line_1_60' title="bbox 198 3646 1199 3701; baseline 0.001 -13"><span class='ocrx_word' id='word_1_358' title='bbox 198 3647 437 3701; x_wconf 77' lang='lat' dir='ltr'>piscatoris,</span> <span class='ocrx_word' id='word_1_359' title='bbox 462 3649 531 3692; x_wconf 91' lang='lat' dir='ltr'>die</span> <span class='ocrx_word' id='word_1_360' title='bbox 556 3665 648 3692; x_wconf 79' lang='lat' dir='ltr'>xvt.</span> <span class='ocrx_word' id='word_1_361' title='bbox 665 3650 763 3693; x_wconf 86' lang='lat' dir='ltr'>Maii</span> <span class='ocrx_word' id='word_1_362' title='bbox 779 3663 966 3693; x_wconf 83' lang='lat' dir='ltr'>MDcc1v.</span> <span class='ocrx_word' id='word_1_363' title='bbox 985 3646 1199 3693; x_wconf 81' lang='lat' dir='ltr'>Pontifica-</span> 
     </span>
     <span class='ocr_line' id='line_1_61' title="bbox 204 3706 725 3764; baseline 0 -17"><span class='ocrx_word' id='word_1_364' title='bbox 204 3715 270 3747; x_wconf 87' lang='lat' dir='ltr'>tus</span> <span class='ocrx_word' id='word_1_365' title='bbox 286 3706 405 3748; x_wconf 86' lang='lat' dir='ltr'>nostri</span> <span class='ocrx_word' id='word_1_366' title='bbox 418 3709 534 3758; x_wconf 84' lang='lat' dir='ltr'>Anno</span> <span class='ocrx_word' id='word_1_367' title='bbox 555 3718 725 3764; x_wconf 84' lang='lat' dir='ltr'>quarto.</span> 
     </span>
    </p>

    <p class='ocr_par' dir='ltr' id='par_1_9' title="bbox 200 3767 1196 3926">
     <span class='ocr_line' id='line_1_62' title="bbox 797 3767 1084 3814; baseline -0.007 -6"><span class='ocrx_word' id='word_1_368' title='bbox 797 3768 840 3808; x_wconf 78' lang='lat' dir='ltr'>F.</span> <span class='ocrx_word' id='word_1_369' title='bbox 860 3767 1084 3814; x_wconf 80' lang='lat' dir='ltr'>Oliverius.</span> 
     </span>
     <span class='ocr_line' id='line_1_63' title="bbox 200 3820 1196 3884; baseline -0.002 -19"><span class='ocrx_word' id='word_1_370' title='bbox 200 3826 297 3866; x_wconf 79' lang='lat' dir='ltr'>Aut.</span> <span class='ocrx_word' id='word_1_371' title='bbox 313 3824 354 3864; x_wconf 85' lang='lat' dir='ltr'>in</span> <span class='ocrx_word' id='word_1_372' title='bbox 369 3823 468 3864; x_wconf 54' lang='lat' dir='ltr'>dieto</span> <span class='ocrx_word' id='word_1_373' title='bbox 479 3826 591 3872; x_wconf 77' lang='lat' dir='ltr'>Arcb.</span> <span class='ocrx_word' id='word_1_374' title='bbox 606 3840 689 3882; x_wconf 85' lang='lat' dir='ltr'>reg.</span> <span class='ocrx_word' id='word_1_375' title='bbox 705 3825 821 3884; x_wconf 69' lang='lat' dir='ltr'>mens?</span> <span class='ocrx_word' id='word_1_376' title='bbox 831 3827 878 3875; x_wconf 64' lang='grc' dir='ltr'>ἐς</span> <span class='ocrx_word' id='word_1_377' title='bbox 890 3839 954 3869; x_wconf 88' lang='lat' dir='ltr'>an.</span> <span class='ocrx_word' id='word_1_378' title='bbox 959 3827 1075 3883; x_wconf 67' lang='lat' dir='ltr'>prgd.</span> <span class='ocrx_word' id='word_1_379' title='bbox 1080 3820 1121 3883; x_wconf 91' lang='lat' dir='ltr'><em>f</em></span> <span class='ocrx_word' id='word_1_380' title='bbox 1130 3836 1196 3875; x_wconf 87' lang='lat'>57.</span> 
     </span>
     <span class='ocr_line' id='line_1_64' title="bbox 317 3885 498 3926; baseline 0.011 -2"><span class='ocrx_word' id='word_1_381' title='bbox 317 3886 418 3924; x_wconf 74' lang='lat' dir='ltr'>Tom-</span> <span class='ocrx_word' id='word_1_382' title='bbox 435 3886 454 3924; x_wconf 92' lang='lat'><em>1</em></span> <span class='ocrx_word' id='word_1_383' title='bbox 465 3885 498 3926; x_wconf 90' lang='lat' dir='ltr'>V·</span> 
     </span>
    </p>
   </div>
   <div class='ocr_carea' id='block_1_6' title="bbox 1255 834 2293 3934">
    <p class='ocr_par' dir='ltr' id='par_1_10' title="bbox 1402 834 2272 890">
     <span class='ocr_line' id='line_1_65' title="bbox 1402 834 2272 890; baseline 0 -12"><span class='ocrx_word' id='word_1_384' title='bbox 1402 834 1539 879; x_wconf 90' lang='lat' dir='ltr'>Udum</span> <span class='ocrx_word' id='word_1_385' title='bbox 1569 849 1642 890; x_wconf 89' lang='lat' dir='ltr'>pro</span> <span class='ocrx_word' id='word_1_386' title='bbox 1667 841 1782 890; x_wconf 81' lang='lat' dir='ltr'>parte</span> <span class='ocrx_word' id='word_1_387' title='bbox 1803 836 2018 879; x_wconf 71' lang='lat' dir='ltr'>charissimi</span> <span class='ocrx_word' id='word_1_388' title='bbox 2043 840 2082 882; x_wconf 86' lang='lat' dir='ltr'>in</span> <span class='ocrx_word' id='word_1_389' title='bbox 2108 836 2272 882; x_wconf 79' lang='lat' dir='ltr'>Christo</span> 
     </span>
    </p>

    <p class='ocr_par' dir='ltr' id='par_1_11' title="bbox 1255 892 2293 3884">
     <span class='ocr_line' id='line_1_66' title="bbox 1413 892 2274 950; baseline 0 -16"><span class='ocrx_word' id='word_1_390' title='bbox 1413 893 1502 935; x_wconf 80' lang='lat' dir='ltr'>Filii</span> <span class='ocrx_word' id='word_1_391' title='bbox 1520 892 1837 948; x_wconf 78' lang='lat' dir='ltr'>nostri,Philippi</span> <span class='ocrx_word' id='word_1_392' title='bbox 1850 920 1864 941; x_wconf 65' lang='lat'>3</span> <span class='ocrx_word' id='word_1_393' title='bbox 1891 897 2171 950; x_wconf 81' lang='lat' dir='ltr'>Hispaniarum</span> <span class='ocrx_word' id='word_1_394' title='bbox 2186 898 2274 938; x_wconf 90' lang='lat' dir='ltr'>Re-</span> 
     </span>
     <span class='ocr_line' id='line_1_67' title="bbox 1259 951 2293 1009; baseline 0 -16"><span class='ocrx_word' id='word_1_395' title='bbox 1259 957 1316 1006; x_wconf 85' lang='lat' dir='ltr'>gis</span> <span class='ocrx_word' id='word_1_396' title='bbox 1331 951 1537 994; x_wconf 81' lang='lat' dir='ltr'>Catholici</span> <span class='ocrx_word' id='word_1_397' title='bbox 1553 951 1682 993; x_wconf 89' lang='lat' dir='ltr'>Nobis</span> <span class='ocrx_word' id='word_1_398' title='bbox 1701 954 1904 1005; x_wconf 77' lang='lat' dir='ltr'>exposito,</span> <span class='ocrx_word' id='word_1_399' title='bbox 1920 955 2047 1009; x_wconf 88' lang='lat' dir='ltr'>quod,</span> <span class='ocrx_word' id='word_1_400' title='bbox 2069 970 2160 998; x_wconf 89' lang='lat' dir='ltr'>cum</span> <span class='ocrx_word' id='word_1_401' title='bbox 2176 954 2293 997; x_wconf 73' lang='lat' dir='ltr'>alias&#39;</span> 
     </span>
     <span class='ocr_line' id='line_1_68' title="bbox 1259 1009 2276 1066; baseline -0.002 -14"><span class='ocrx_word' id='word_1_402' title='bbox 1259 1011 1309 1058; x_wconf 86' lang='lat' dir='ltr'>ad</span> <span class='ocrx_word' id='word_1_403' title='bbox 1326 1009 1512 1054; x_wconf 89' lang='lat' dir='ltr'>tollenda</span> <span class='ocrx_word' id='word_1_404' title='bbox 1524 1009 1667 1055; x_wconf 87' lang='lat' dir='ltr'>damna</span> <span class='ocrx_word' id='word_1_405' title='bbox 1682 1037 1696 1060; x_wconf 84' lang='lat'>,</span> <span class='ocrx_word' id='word_1_406' title='bbox 1722 1011 2032 1056; x_wconf 83' lang='lat' dir='ltr'>&amp;incommoda</span> <span class='ocrx_word' id='word_1_407' title='bbox 2044 1042 2060 1062; x_wconf 93' lang='lat'>,</span> <span class='ocrx_word' id='word_1_408' title='bbox 2084 1027 2167 1066; x_wconf 83' lang='lat' dir='ltr'>quae</span> <span class='ocrx_word' id='word_1_409' title='bbox 2183 1014 2276 1052; x_wconf 83' lang='lat' dir='ltr'>Fra-</span> 
     </span>
     <span class='ocr_line' id='line_1_69' title="bbox 1260 1068 2293 1126; baseline -0.001 -15"><span class='ocrx_word' id='word_1_410' title='bbox 1260 1079 1344 1111; x_wconf 89' lang='lat' dir='ltr'>tres</span> <span class='ocrx_word' id='word_1_411' title='bbox 1364 1068 1670 1114; x_wconf 87' lang='lat' dir='ltr'>Provinciarum</span> <span class='ocrx_word' id='word_1_412' title='bbox 1690 1069 1928 1123; x_wconf 88' lang='lat' dir='ltr'>Regnorum</span> <span class='ocrx_word' id='word_1_413' title='bbox 1960 1070 2167 1126; x_wconf 86' lang='lat' dir='ltr'>utriusque</span> <span class='ocrx_word' id='word_1_414' title='bbox 2193 1070 2293 1111; x_wconf 51' lang='lat' dir='ltr'>Ca-¹</span> 
     </span>
     <span class='ocr_line' id='line_1_70' title="bbox 1261 1127 2276 1184; baseline -0.003 -12"><span class='ocrx_word' id='word_1_415' title='bbox 1261 1128 1555 1179; x_wconf 68' lang='lat' dir='ltr'>stellae2veteris</span> <span class='ocrx_word' id='word_1_416' title='bbox 1574 1127 1741 1178; x_wconf 85' lang='lat' dir='ltr'>scilicet,</span> <span class='ocrx_word' id='word_1_417' title='bbox 1754 1130 1793 1175; x_wconf 70' lang='grc' dir='ltr'>ὃς</span> <span class='ocrx_word' id='word_1_418' title='bbox 1809 1143 1920 1171; x_wconf 88' lang='lat' dir='ltr'>novae</span> <span class='ocrx_word' id='word_1_419' title='bbox 1937 1130 2276 1184; x_wconf 82' lang='lat' dir='ltr'>nuncupatae,0r·</span> 
     </span>
     <span class='ocr_line' id='line_1_71' title="bbox 1259 1186 2273 1244; baseline -0.001 -14"><span class='ocrx_word' id='word_1_420' title='bbox 1259 1188 1363 1230; x_wconf 90' lang='lat' dir='ltr'>dinis</span> <span class='ocrx_word' id='word_1_421' title='bbox 1392 1187 1598 1232; x_wconf 84' lang='lat' dir='ltr'>Minorum</span> <span class='ocrx_word' id='word_1_422' title='bbox 1624 1190 1664 1229; x_wconf 87' lang='lat' dir='ltr'>S·</span> <span class='ocrx_word' id='word_1_423' title='bbox 1695 1186 1894 1234; x_wconf 84' lang='lat' dir='ltr'>Francisci</span> <span class='ocrx_word' id='word_1_424' title='bbox 1923 1189 2273 1244; x_wconf 49' lang='lat' dir='ltr'>Capucinorum,</span> 
     </span>
     <span class='ocr_line' id='line_1_72' title="bbox 1259 1245 2275 1300; baseline -0.002 -13"><span class='ocrx_word' id='word_1_425' title='bbox 1259 1257 1586 1300; x_wconf 79' lang='lat' dir='ltr'>nuncupatorum</span> <span class='ocrx_word' id='word_1_426' title='bbox 1600 1258 1649 1286; x_wconf 85' lang='lat' dir='ltr'>ex</span> <span class='ocrx_word' id='word_1_427' title='bbox 1666 1245 1864 1290; x_wconf 72' lang='lat' dir='ltr'>eleffione</span> <span class='ocrx_word' id='word_1_428' title='bbox 1882 1247 2156 1294; x_wconf 87' lang='lat' dir='ltr'>Discretorum</span> <span class='ocrx_word' id='word_1_429' title='bbox 2172 1274 2185 1296; x_wconf 90' lang='lat'>,</span> <span class='ocrx_word' id='word_1_430' title='bbox 2202 1245 2275 1299; x_wconf 87' lang='lat' dir='ltr'>qui</span> 
     </span>
     <span class='ocr_line' id='line_1_73' title="bbox 1259 1303 2276 1360; baseline -0.003 -13"><span class='ocrx_word' id='word_1_431' title='bbox 1259 1303 1574 1350; x_wconf 55' lang='lat' dir='ltr'>§.Conventibus</span> <span class='ocrx_word' id='word_1_432' title='bbox 1589 1304 1640 1345; x_wconf 90' lang='lat' dir='ltr'>ad</span> <span class='ocrx_word' id='word_1_433' title='bbox 1656 1303 1839 1350; x_wconf 66' lang='lat' dir='ltr'>effectum</span> <span class='ocrx_word' id='word_1_434' title='bbox 1853 1305 1919 1351; x_wconf 90' lang='lat' dir='ltr'>sua</span> <span class='ocrx_word' id='word_1_435' title='bbox 1940 1305 2122 1360; x_wconf 84' lang='lat' dir='ltr'>suffragia</span> <span class='ocrx_word' id='word_1_436' title='bbox 2135 1305 2175 1345; x_wconf 95' lang='lat' dir='ltr'>in</span> <span class='ocrx_word' id='word_1_437' title='bbox 2195 1306 2276 1345; x_wconf 90' lang='lat' dir='ltr'>Ca-</span> 
     </span>
     <span class='ocr_line' id='line_1_74' title="bbox 1260 1360 2274 1421; baseline -0.003 -15"><span class='ocrx_word' id='word_1_438' title='bbox 1260 1362 1395 1419; x_wconf 88' lang='lat' dir='ltr'>pitulis</span> <span class='ocrx_word' id='word_1_439' title='bbox 1410 1363 1730 1409; x_wconf 80' lang='lat' dir='ltr'>Provincialibus</span> <span class='ocrx_word' id='word_1_440' title='bbox 1745 1363 1899 1408; x_wconf 89' lang='lat' dir='ltr'>ferendi</span> <span class='ocrx_word' id='word_1_441' title='bbox 1920 1365 2016 1421; x_wconf 87' lang='lat' dir='ltr'>eligi</span> <span class='ocrx_word' id='word_1_442' title='bbox 2041 1360 2166 1406; x_wconf 93' lang='lat' dir='ltr'>consu</span> <span class='ocrx_word' id='word_1_443' title='bbox 2175 1376 2274 1405; x_wconf 90' lang='lat' dir='ltr'>eve-</span> 
     </span>
     <span class='ocr_line' id='line_1_75' title="bbox 1259 1421 2274 1478; baseline -0.003 -14"><span class='ocrx_word' id='word_1_444' title='bbox 1259 1424 1412 1472; x_wconf 84' lang='lat' dir='ltr'>runt‚in</span> <span class='ocrx_word' id='word_1_445' title='bbox 1429 1421 1619 1477; x_wconf 85' lang='lat' dir='ltr'>religiosae</span> <span class='ocrx_word' id='word_1_446' title='bbox 1634 1424 1739 1478; x_wconf 86' lang='lat' dir='ltr'>pacis</span> <span class='ocrx_word' id='word_1_447' title='bbox 1753 1452 1767 1475; x_wconf 93' lang='lat'>,</span> <span class='ocrx_word' id='word_1_448' title='bbox 1790 1426 1828 1471; x_wconf 68' lang='grc' dir='ltr'>ὃς</span> <span class='ocrx_word' id='word_1_449' title='bbox 1844 1424 2100 1474; x_wconf 78' lang='lat' dir='ltr'>concordiae,</span> <span class='ocrx_word' id='word_1_450' title='bbox 2123 1436 2168 1467; x_wconf 88' lang='lat' dir='ltr'>ac</span> <span class='ocrx_word' id='word_1_451' title='bbox 2187 1422 2274 1462; x_wconf 90' lang='lat' dir='ltr'>Re-</span> 
     </span>
     <span class='ocr_line' id='line_1_76' title="bbox 1260 1480 2269 1537; baseline -0.004 -13"><span class='ocrx_word' id='word_1_452' title='bbox 1260 1482 1412 1537; x_wconf 86' lang='lat' dir='ltr'>gularis</span> <span class='ocrx_word' id='word_1_453' title='bbox 1431 1480 1657 1535; x_wconf 87' lang='lat' dir='ltr'>Disciplinae</span> <span class='ocrx_word' id='word_1_454' title='bbox 1672 1482 1947 1536; x_wconf 67' lang='lat' dir='ltr'>praejudicium</span> <span class='ocrx_word' id='word_1_455' title='bbox 1971 1480 2060 1537; x_wconf 80' lang='lat' dir='ltr'>paffi</span> <span class='ocrx_word' id='word_1_456' title='bbox 2078 1481 2241 1521; x_wconf 84' lang='lat' dir='ltr'>fuerant</span> <span class='ocrx_word' id='word_1_457' title='bbox 2254 1508 2269 1530; x_wconf 88' lang='lat'>,</span> 
     </span>
     <span class='ocr_line' id='line_1_77' title="bbox 1260 1536 2274 1594; baseline -0.005 -11"><span class='ocrx_word' id='word_1_458' title='bbox 1260 1540 1349 1583; x_wconf 86' lang='lat' dir='ltr'>Fel.</span> <span class='ocrx_word' id='word_1_459' title='bbox 1377 1554 1457 1583; x_wconf 90' lang='lat' dir='ltr'>rec.</span> <span class='ocrx_word' id='word_1_460' title='bbox 1472 1540 1732 1580; x_wconf 88' lang='lat' dir='ltr'>Innocentius</span> <span class='ocrx_word' id='word_1_461' title='bbox 1750 1542 1855 1594; x_wconf 75' lang='lat' dir='ltr'>Papa</span> <span class='ocrx_word' id='word_1_462' title='bbox 1870 1542 1968 1582; x_wconf 81' lang='grc' dir='ltr'>ΧΠ.</span> <span class='ocrx_word' id='word_1_463' title='bbox 1998 1536 2274 1582; x_wconf 84' lang='lat' dir='ltr'>Praedeceffor</span> 
     </span>
     <span class='ocr_line' id='line_1_78' title="bbox 1256 1595 2280 1654; baseline 0 -16"><span class='ocrx_word' id='word_1_464' title='bbox 1256 1598 1388 1642; x_wconf 88' lang='lat' dir='ltr'>noster</span> <span class='ocrx_word' id='word_1_465' title='bbox 1403 1625 1415 1647; x_wconf 87' lang='lat'>,</span> <span class='ocrx_word' id='word_1_466' title='bbox 1441 1611 1511 1652; x_wconf 88' lang='lat' dir='ltr'>per</span> <span class='ocrx_word' id='word_1_467' title='bbox 1523 1595 1712 1654; x_wconf 85' lang='lat' dir='ltr'>quasdam</span> <span class='ocrx_word' id='word_1_468' title='bbox 1727 1598 1813 1639; x_wconf 89' lang='lat' dir='ltr'>suas</span> <span class='ocrx_word' id='word_1_469' title='bbox 1839 1598 1878 1639; x_wconf 88' lang='lat' dir='ltr'>in</span> <span class='ocrx_word' id='word_1_470' title='bbox 1897 1596 2012 1639; x_wconf 88' lang='lat' dir='ltr'>simili</span> <span class='ocrx_word' id='word_1_471' title='bbox 2029 1596 2163 1644; x_wconf 66' lang='lat' dir='ltr'>forma</span> <span class='ocrx_word' id='word_1_472' title='bbox 2179 1599 2280 1638; x_wconf 84' lang='lat' dir='ltr'>Bre-</span> 
     </span>
     <span class='ocr_line' id='line_1_79' title="bbox 1257 1655 2279 1711; baseline -0.002 -14"><span class='ocrx_word' id='word_1_473' title='bbox 1257 1657 1315 1698; x_wconf 88' lang='lat' dir='ltr'>vis</span> <span class='ocrx_word' id='word_1_474' title='bbox 1331 1683 1345 1706; x_wconf 87' lang='lat'>,</span> <span class='ocrx_word' id='word_1_475' title='bbox 1360 1655 1428 1697; x_wconf 87' lang='lat' dir='ltr'>die</span> <span class='ocrx_word' id='word_1_476' title='bbox 1456 1655 1714 1701; x_wconf 74' lang='lat' dir='ltr'>xxix-Martii</span> <span class='ocrx_word' id='word_1_477' title='bbox 1731 1669 1900 1702; x_wconf 75' lang='lat' dir='ltr'>mocxct</span> <span class='ocrx_word' id='word_1_478' title='bbox 1914 1670 1929 1698; x_wconf 86' lang='lat'>1</span> <span class='ocrx_word' id='word_1_479' title='bbox 1944 1670 1977 1698; x_wconf 85' lang='lat'>1.</span> <span class='ocrx_word' id='word_1_480' title='bbox 1996 1656 2204 1711; x_wconf 84' lang='lat' dir='ltr'>expeditas</span> <span class='ocrx_word' id='word_1_481' title='bbox 2228 1655 2279 1696; x_wconf 89' lang='lat' dir='ltr'>li—</span> 
     </span>
     <span class='ocr_line' id='line_1_80' title="bbox 1257 1712 2278 1769; baseline -0.003 -12"><span class='ocrx_word' id='word_1_482' title='bbox 1257 1725 1381 1764; x_wconf 84' lang='lat' dir='ltr'>teras,</span> <span class='ocrx_word' id='word_1_483' title='bbox 1400 1712 1605 1759; x_wconf 87' lang='lat' dir='ltr'>Discretos</span> <span class='ocrx_word' id='word_1_484' title='bbox 1620 1714 1829 1769; x_wconf 64' lang='lat' dir='ltr'>praedictos</span> <span class='ocrx_word' id='word_1_485' title='bbox 1858 1716 1897 1758; x_wconf 90' lang='lat' dir='ltr'>in</span> <span class='ocrx_word' id='word_1_486' title='bbox 1924 1715 2038 1760; x_wconf 67' lang='lat' dir='ltr'>dietis</span> <span class='ocrx_word' id='word_1_487' title='bbox 2054 1714 2278 1758; x_wconf 89' lang='lat' dir='ltr'>Provinciis</span> 
     </span>
     <span class='ocr_line' id='line_1_81' title="bbox 1256 1769 2276 1823; baseline -0.002 -8"><span class='ocrx_word' id='word_1_488' title='bbox 1256 1769 1492 1823; x_wconf 73' lang='lat' dir='ltr'>sustulisset,</span> <span class='ocrx_word' id='word_1_489' title='bbox 1523 1773 1562 1818; x_wconf 70' lang='grc' dir='ltr'>δε</span> <span class='ocrx_word' id='word_1_490' title='bbox 1591 1772 1822 1819; x_wconf 81' lang='lat' dir='ltr'>removisset</span> <span class='ocrx_word' id='word_1_491' title='bbox 1849 1801 1863 1822; x_wconf 65' lang='lat' dir='ltr'>a</span> <span class='ocrx_word' id='word_1_492' title='bbox 1890 1787 1937 1815; x_wconf 88' lang='lat' dir='ltr'>ac</span> <span class='ocrx_word' id='word_1_493' title='bbox 1965 1772 2135 1821; x_wconf 84' lang='lat' dir='ltr'>subinde</span> <span class='ocrx_word' id='word_1_494' title='bbox 2165 1773 2276 1814; x_wconf 89' lang='lat' dir='ltr'>inter</span> 
     </span>
     <span class='ocr_line' id='line_1_82' title="bbox 1255 1831 2276 1881; baseline -0.002 -7"><span class='ocrx_word' id='word_1_495' title='bbox 1255 1833 1334 1874; x_wconf 90' lang='lat' dir='ltr'>alia</span> <span class='ocrx_word' id='word_1_496' title='bbox 1368 1833 1637 1880; x_wconf 86' lang='lat' dir='ltr'>remotionem</span> <span class='ocrx_word' id='word_1_497' title='bbox 1659 1859 1673 1881; x_wconf 87' lang='lat'>,</span> <span class='ocrx_word' id='word_1_498' title='bbox 1706 1834 1744 1873; x_wconf 89' lang='lat'>&amp;</span> <span class='ocrx_word' id='word_1_499' title='bbox 1770 1832 2033 1876; x_wconf 77' lang='lat' dir='ltr'>abolitionem</span> <span class='ocrx_word' id='word_1_500' title='bbox 2063 1831 2276 1878; x_wconf 86' lang='lat' dir='ltr'>Discreto-</span> 
     </span>
     <span class='ocr_line' id='line_1_83' title="bbox 1258 1889 2277 1948; baseline -0.001 -16"><span class='ocrx_word' id='word_1_501' title='bbox 1258 1905 1346 1934; x_wconf 81' lang='lat' dir='ltr'>rum</span> <span class='ocrx_word' id='word_1_502' title='bbox 1363 1889 1607 1945; x_wconf 86' lang='lat' dir='ltr'>hujusmodi,</span> <span class='ocrx_word' id='word_1_503' title='bbox 1623 1891 1910 1948; x_wconf 87' lang='lat' dir='ltr'>expeditasque</span> <span class='ocrx_word' id='word_1_504' title='bbox 1927 1892 2099 1947; x_wconf 86' lang='lat' dir='ltr'>desuper</span> <span class='ocrx_word' id='word_1_505' title='bbox 2115 1891 2277 1935; x_wconf 80' lang='lat' dir='ltr'>litteras</span> 
     </span>
     <span class='ocr_line' id='line_1_84' title="bbox 1260 1947 2280 2006; baseline -0.004 -12"><span class='ocrx_word' id='word_1_506' title='bbox 1260 1949 1466 2006; x_wconf 61' lang='lat' dir='ltr'>praedictas</span> <span class='ocrx_word' id='word_1_507' title='bbox 1490 1947 1539 1990; x_wconf 91' lang='lat' dir='ltr'>ad</span> <span class='ocrx_word' id='word_1_508' title='bbox 1555 1950 1788 1997; x_wconf 86' lang='lat' dir='ltr'>Provincias</span> <span class='ocrx_word' id='word_1_509' title='bbox 1807 1950 1994 1999; x_wconf 82' lang='lat' dir='ltr'>Boethicae</span> <span class='ocrx_word' id='word_1_510' title='bbox 2007 1953 2070 1999; x_wconf 69' lang='lat'>2&amp;</span> <span class='ocrx_word' id='word_1_511' title='bbox 2089 1955 2280 1993; x_wconf 88' lang='lat' dir='ltr'>Navarrae</span> 
     </span>
     <span class='ocr_line' id='line_1_85' title="bbox 1262 2007 2278 2066; baseline -0.001 -15"><span class='ocrx_word' id='word_1_512' title='bbox 1262 2024 1334 2066; x_wconf 88' lang='lat' dir='ltr'>per</span> <span class='ocrx_word' id='word_1_513' title='bbox 1350 2009 1444 2055; x_wconf 84' lang='lat' dir='ltr'>alias</span> <span class='ocrx_word' id='word_1_514' title='bbox 1462 2010 1547 2053; x_wconf 87' lang='lat' dir='ltr'>suas</span> <span class='ocrx_word' id='word_1_515' title='bbox 1576 2007 1715 2052; x_wconf 85' lang='lat' dir='ltr'>itidem</span> <span class='ocrx_word' id='word_1_516' title='bbox 1742 2010 1780 2051; x_wconf 90' lang='lat' dir='ltr'>in</span> <span class='ocrx_word' id='word_1_517' title='bbox 1806 2007 1934 2055; x_wconf 90' lang='lat' dir='ltr'>forma</span> <span class='ocrx_word' id='word_1_518' title='bbox 1958 2009 2095 2053; x_wconf 83' lang='lat' dir='ltr'>Brevis</span> <span class='ocrx_word' id='word_1_519' title='bbox 2118 2009 2278 2051; x_wconf 85' lang='lat' dir='ltr'>litteras</span> 
     </span>
     <span class='ocr_line' id='line_1_86' title="bbox 1262 2067 2278 2124; baseline -0.002 -13"><span class='ocrx_word' id='word_1_520' title='bbox 1262 2069 1328 2111; x_wconf 89' lang='lat' dir='ltr'>die</span> <span class='ocrx_word' id='word_1_521' title='bbox 1355 2081 1380 2112; x_wconf 80' lang='lat' dir='ltr'>x</span> <span class='ocrx_word' id='word_1_522' title='bbox 1404 2082 1415 2110; x_wconf 88' lang='lat' dir='ltr'>i</span> <span class='ocrx_word' id='word_1_523' title='bbox 1446 2082 1475 2110; x_wconf 82' lang='lat'>1.</span> <span class='ocrx_word' id='word_1_524' title='bbox 1500 2067 1751 2121; x_wconf 77' lang='lat' dir='ltr'>Septembris</span> <span class='ocrx_word' id='word_1_525' title='bbox 1778 2067 1955 2124; x_wconf 84' lang='lat' dir='ltr'>ejusdem</span> <span class='ocrx_word' id='word_1_526' title='bbox 1983 2069 2077 2114; x_wconf 87' lang='lat' dir='ltr'>anni</span> <span class='ocrx_word' id='word_1_527' title='bbox 2108 2068 2278 2124; x_wconf 82' lang='lat' dir='ltr'>desuper</span> 
     </span>
     <span class='ocr_line' id='line_1_87' title="bbox 1264 2125 2273 2183; baseline -0.003 -13"><span class='ocrx_word' id='word_1_528' title='bbox 1264 2137 1467 2171; x_wconf 85' lang='lat' dir='ltr'>emanatas</span> <span class='ocrx_word' id='word_1_529' title='bbox 1494 2125 1762 2180; x_wconf 83' lang='lat' dir='ltr'>extendiffet,</span> <span class='ocrx_word' id='word_1_530' title='bbox 1789 2129 1830 2169; x_wconf 91' lang='lat'>&amp;</span> <span class='ocrx_word' id='word_1_531' title='bbox 1855 2127 2106 2183; x_wconf 71' lang='lat' dir='ltr'>ampliasset,</span> <span class='ocrx_word' id='word_1_532' title='bbox 2134 2127 2273 2168; x_wconf 66' lang='lat' dir='ltr'>dilecti</span> 
     </span>
     <span class='ocr_line' id='line_1_88' title="bbox 1264 2184 2278 2239; baseline -0.003 -9"><span class='ocrx_word' id='word_1_533' title='bbox 1264 2188 1364 2230; x_wconf 77' lang='lat' dir='ltr'>vero</span> <span class='ocrx_word' id='word_1_534' title='bbox 1413 2185 1503 2227; x_wconf 84' lang='lat' dir='ltr'>Filii</span> <span class='ocrx_word' id='word_1_535' title='bbox 1546 2187 1708 2228; x_wconf 87' lang='lat' dir='ltr'>Fratres</span> <span class='ocrx_word' id='word_1_536' title='bbox 1736 2215 1749 2239; x_wconf 90' lang='lat'>,</span> <span class='ocrx_word' id='word_1_537' title='bbox 1806 2188 2031 2229; x_wconf 74' lang='lat' dir='ltr'>Provinciaev</span> <span class='ocrx_word' id='word_1_538' title='bbox 2075 2184 2278 2227; x_wconf 82' lang='lat' dir='ltr'>Flandro-</span> 
     </span>
     <span class='ocr_line' id='line_1_89' title="bbox 1265 2244 2278 2301; baseline -0.004 -14"><span class='ocrx_word' id='word_1_539' title='bbox 1265 2244 1658 2301; x_wconf 68' lang='lat' dir='ltr'>Belgicaeiiipradiffi</span> <span class='ocrx_word' id='word_1_540' title='bbox 1673 2245 1837 2286; x_wconf 86' lang='lat' dir='ltr'>Ordinis</span> <span class='ocrx_word' id='word_1_541' title='bbox 1865 2245 2010 2290; x_wconf 86' lang='lat' dir='ltr'>eadem</span> <span class='ocrx_word' id='word_1_542' title='bbox 2026 2245 2172 2287; x_wconf 84' lang='lat' dir='ltr'>damna</span> <span class='ocrx_word' id='word_1_543' title='bbox 2188 2272 2202 2295; x_wconf 87' lang='lat'>,</span> <span class='ocrx_word' id='word_1_544' title='bbox 2239 2244 2278 2284; x_wconf 91' lang='lat'>&amp;</span> 
     </span>
     <span class='ocr_line' id='line_1_90' title="bbox 1263 2302 2278 2352; baseline -0.005 -5"><span class='ocrx_word' id='word_1_545' title='bbox 1263 2305 1522 2352; x_wconf 80' lang='lat' dir='ltr'>incommoda</span> <span class='ocrx_word' id='word_1_546' title='bbox 1550 2318 1600 2350; x_wconf 79' lang='lat' dir='ltr'>ex</span> <span class='ocrx_word' id='word_1_547' title='bbox 1627 2303 1743 2347; x_wconf 78' lang='lat' dir='ltr'>simili</span> <span class='ocrx_word' id='word_1_548' title='bbox 1766 2305 2049 2348; x_wconf 89' lang='lat' dir='ltr'>Discretorum</span> <span class='ocrx_word' id='word_1_549' title='bbox 2076 2302 2278 2345; x_wconf 60' lang='lat' dir='ltr'>eleaione</span> 
     </span>
     <span class='ocr_line' id='line_1_91' title="bbox 1262 2361 2278 2419; baseline -0.003 -15"><span class='ocrx_word' id='word_1_550' title='bbox 1262 2365 1347 2419; x_wconf 87' lang='lat' dir='ltr'>pati</span> <span class='ocrx_word' id='word_1_551' title='bbox 1372 2371 1641 2416; x_wconf 85' lang='lat' dir='ltr'>cogere-ntur,</span> <span class='ocrx_word' id='word_1_552' title='bbox 1673 2371 1754 2406; x_wconf 87' lang='lat' dir='ltr'>tam</span> <span class='ocrx_word' id='word_1_553' title='bbox 1794 2364 1890 2417; x_wconf 84' lang='lat' dir='ltr'>ipfi,</span> <span class='ocrx_word' id='word_1_554' title='bbox 1921 2365 2042 2418; x_wconf 68' lang='lat' dir='ltr'>quam</span> <span class='ocrx_word' id='word_1_555' title='bbox 2066 2361 2278 2417; x_wconf 60' lang='lat' dir='ltr'>praediRus</span> 
     </span>
     <span class='ocr_line' id='line_1_92' title="bbox 1262 2421 2279 2477; baseline -0.004 -12"><span class='ocrx_word' id='word_1_556' title='bbox 1262 2421 1470 2476; x_wconf 89' lang='lat' dir='ltr'>Philippus</span> <span class='ocrx_word' id='word_1_557' title='bbox 1485 2423 1591 2471; x_wconf 81' lang='lat' dir='ltr'>Rex,</span> <span class='ocrx_word' id='word_1_558' title='bbox 1612 2434 1827 2464; x_wconf 88' lang='lat' dir='ltr'>commune</span> <span class='ocrx_word' id='word_1_559' title='bbox 1852 2422 1971 2477; x_wconf 77' lang='lat' dir='ltr'>hujus</span> <span class='ocrx_word' id='word_1_560' title='bbox 1997 2433 2162 2477; x_wconf 88' lang='lat' dir='ltr'>quoque</span> <span class='ocrx_word' id='word_1_561' title='bbox 2179 2422 2279 2462; x_wconf 88' lang='lat' dir='ltr'>Pro-</span> 
     </span>
     <span class='ocr_line' id='line_1_93' title="bbox 1263 2478 2280 2534; baseline -0.006 -10"><span class='ocrx_word' id='word_1_562' title='bbox 1263 2481 1400 2524; x_wconf 87' lang='lat' dir='ltr'>vinciae</span> <span class='ocrx_word' id='word_1_563' title='bbox 1410 2479 1560 2521; x_wconf 88' lang='lat' dir='ltr'>bonum</span> <span class='ocrx_word' id='word_1_564' title='bbox 1576 2479 1846 2534; x_wconf 87' lang='lat' dir='ltr'>promovendi</span> <span class='ocrx_word' id='word_1_565' title='bbox 1863 2480 1991 2526; x_wconf 85' lang='lat' dir='ltr'>studio</span> <span class='ocrx_word' id='word_1_566' title='bbox 2006 2478 2280 2530; x_wconf 66' lang='lat' dir='ltr'>du&amp;us,usum</span> 
     </span>
     <span class='ocr_line' id='line_1_94' title="bbox 1259 2538 2286 2595; baseline -0.005 -12"><span class='ocrx_word' id='word_1_567' title='bbox 1259 2539 1438 2595; x_wconf 84' lang='lat' dir='ltr'>eligendi</span> <span class='ocrx_word' id='word_1_568' title='bbox 1459 2538 1658 2580; x_wconf 87' lang='lat' dir='ltr'>Discretos</span> <span class='ocrx_word' id='word_1_569' title='bbox 1676 2539 1883 2592; x_wconf 61' lang='lat' dir='ltr'>praedifms</span> <span class='ocrx_word' id='word_1_570' title='bbox 1897 2540 1933 2581; x_wconf 91' lang='lat' dir='ltr'>in</span> <span class='ocrx_word' id='word_1_571' title='bbox 1950 2539 2090 2582; x_wconf 91' lang='lat' dir='ltr'>eadem</span> <span class='ocrx_word' id='word_1_572' title='bbox 2105 2538 2286 2579; x_wconf 68' lang='lat' dir='ltr'>Provin-&#39;</span> 
     </span>
     <span class='ocr_line' id='line_1_95' title="bbox 1256 2598 2279 2653; baseline -0.004 -12"><span class='ocrx_word' id='word_1_573' title='bbox 1256 2601 1317 2641; x_wconf 87' lang='lat' dir='ltr'>cia</span> <span class='ocrx_word' id='word_1_574' title='bbox 1332 2598 1546 2652; x_wconf 83' lang='lat' dir='ltr'>abrogari,</span> <span class='ocrx_word' id='word_1_575' title='bbox 1576 2600 1613 2639; x_wconf 92' lang='lat'>&amp;</span> <span class='ocrx_word' id='word_1_576' title='bbox 1630 2598 1869 2653; x_wconf 83' lang='lat' dir='ltr'>Apostolicae</span> <span class='ocrx_word' id='word_1_577' title='bbox 1883 2598 2049 2653; x_wconf 89' lang='lat' dir='ltr'>desuper</span> <span class='ocrx_word' id='word_1_578' title='bbox 2061 2599 2279 2640; x_wconf 63' lang='lat' dir='ltr'>auetorita-</span> 
     </span>
     <span class='ocr_line' id='line_1_96' title="bbox 1257 2655 2278 2711; baseline -0.005 -11"><span class='ocrx_word' id='word_1_579' title='bbox 1257 2659 1309 2701; x_wconf 81' lang='lat' dir='ltr'>tis</span> <span class='ocrx_word' id='word_1_580' title='bbox 1333 2658 1474 2700; x_wconf 86' lang='lat' dir='ltr'>nostrae</span> <span class='ocrx_word' id='word_1_581' title='bbox 1490 2667 1624 2710; x_wconf 83' lang='lat' dir='ltr'>partes</span> <span class='ocrx_word' id='word_1_582' title='bbox 1655 2658 1858 2711; x_wconf 84' lang='lat' dir='ltr'>interponi</span> <span class='ocrx_word' id='word_1_583' title='bbox 1882 2657 2101 2711; x_wconf 77' lang='lat' dir='ltr'>plurimum</span> <span class='ocrx_word' id='word_1_584' title='bbox 2119 2655 2278 2699; x_wconf 86' lang='lat' dir='ltr'>defide-</span> 
     </span>
     <span class='ocr_line' id='line_1_97' title="bbox 1258 2714 2277 2771; baseline -0.006 -12"><span class='ocrx_word' id='word_1_585' title='bbox 1258 2717 1433 2759; x_wconf 83' lang='lat' dir='ltr'>rabant:</span> <span class='ocrx_word' id='word_1_586' title='bbox 1468 2719 1552 2757; x_wconf 83' lang='lat' dir='ltr'>Nos</span> <span class='ocrx_word' id='word_1_587' title='bbox 1582 2718 1652 2770; x_wconf 90' lang='lat' dir='ltr'>piis</span> <span class='ocrx_word' id='word_1_588' title='bbox 1675 2716 1790 2770; x_wconf 80' lang='lat' dir='ltr'>ipiius</span> <span class='ocrx_word' id='word_1_589' title='bbox 1825 2715 1998 2771; x_wconf 88' lang='lat' dir='ltr'>Philippi</span> <span class='ocrx_word' id='word_1_590' title='bbox 2017 2715 2141 2768; x_wconf 88' lang='lat' dir='ltr'>Regis</span> <span class='ocrx_word' id='word_1_591' title='bbox 2171 2714 2277 2755; x_wconf 92' lang='lat' dir='ltr'>votis</span> 
     </span>
     <span class='ocr_line' id='line_1_98' title="bbox 1259 2772 2279 2826; baseline -0.006 -8"><span class='ocrx_word' id='word_1_592' title='bbox 1259 2775 1333 2818; x_wconf 63' lang='lat' dir='ltr'>hac</span> <span class='ocrx_word' id='word_1_593' title='bbox 1350 2776 1387 2816; x_wconf 89' lang='lat' dir='ltr'>in</span> <span class='ocrx_word' id='word_1_594' title='bbox 1404 2789 1446 2816; x_wconf 88' lang='lat' dir='ltr'>re</span> <span class='ocrx_word' id='word_1_595' title='bbox 1462 2772 1746 2815; x_wconf 82' lang='lat' dir='ltr'>favorabiliter</span> <span class='ocrx_word' id='word_1_596' title='bbox 1760 2787 1938 2814; x_wconf 86' lang='lat' dir='ltr'>annuere</span> <span class='ocrx_word' id='word_1_597' title='bbox 1957 2773 2159 2822; x_wconf 82' lang='lat' dir='ltr'>volentes,</span> <span class='ocrx_word' id='word_1_598' title='bbox 2184 2772 2279 2826; x_wconf 90' lang='lat' dir='ltr'>sup-</span> 
     </span>
     <span class='ocr_line' id='line_1_99' title="bbox 1259 2828 2277 2888; baseline -0.003 -13"><span class='ocrx_word' id='word_1_599' title='bbox 1259 2833 1546 2888; x_wconf 77' lang='lat' dir='ltr'>plicationibus</span> <span class='ocrx_word' id='word_1_600' title='bbox 1584 2831 1671 2886; x_wconf 88' lang='lat' dir='ltr'>ejus</span> <span class='ocrx_word' id='word_1_601' title='bbox 1700 2832 1862 2872; x_wconf 90' lang='lat' dir='ltr'>nomine</span> <span class='ocrx_word' id='word_1_602' title='bbox 1899 2830 2030 2871; x_wconf 83' lang='lat' dir='ltr'>Nobis</span> <span class='ocrx_word' id='word_1_603' title='bbox 2059 2828 2174 2885; x_wconf 89' lang='lat' dir='ltr'>super</span> <span class='ocrx_word' id='word_1_604' title='bbox 2198 2831 2277 2872; x_wconf 91' lang='lat' dir='ltr'>hoc</span> 
     </span>
     <span class='ocr_line' id='line_1_100' title="bbox 1261 2887 2276 2944; baseline -0.002 -12"><span class='ocrx_word' id='word_1_605' title='bbox 1261 2891 1467 2932; x_wconf 86' lang='lat' dir='ltr'>humiliter</span> <span class='ocrx_word' id='word_1_606' title='bbox 1504 2891 1699 2944; x_wconf 59' lang='lat' dir='ltr'>porrectis</span> <span class='ocrx_word' id='word_1_607' title='bbox 1725 2887 1905 2928; x_wconf 86' lang='lat' dir='ltr'>inclinati</span> <span class='ocrx_word' id='word_1_608' title='bbox 1929 2916 1941 2939; x_wconf 91' lang='lat'>,</span> <span class='ocrx_word' id='word_1_609' title='bbox 1976 2898 2138 2931; x_wconf 85' lang='lat' dir='ltr'>attento</span> <span class='ocrx_word' id='word_1_610' title='bbox 2179 2898 2276 2931; x_wconf 90' lang='lat' dir='ltr'>voto</span> 
     </span>
     <span class='ocr_line' id='line_1_101' title="bbox 1261 2946 2274 3003; baseline -0.001 -14"><span class='ocrx_word' id='word_1_611' title='bbox 1261 2946 1519 2989; x_wconf 86' lang='lat' dir='ltr'>Venerabilis</span> <span class='ocrx_word' id='word_1_612' title='bbox 1549 2947 1698 2987; x_wconf 87' lang='lat' dir='ltr'>Fratris</span> <span class='ocrx_word' id='word_1_613' title='bbox 1722 2946 1844 2989; x_wconf 82' lang='lat' dir='ltr'>nostri</span> <span class='ocrx_word' id='word_1_614' title='bbox 1862 2946 2050 2998; x_wconf 87' lang='lat' dir='ltr'>Nicolai,</span> <span class='ocrx_word' id='word_1_615' title='bbox 2084 2947 2274 3003; x_wconf 86' lang='lat' dir='ltr'>Episcopi</span> 
     </span>
     <span class='ocr_line' id='line_1_102' title="bbox 1262 3004 2275 3063; baseline -0.001 -14"><span class='ocrx_word' id='word_1_616' title='bbox 1262 3004 1489 3049; x_wconf 85' lang='lat' dir='ltr'>Portuenfis</span> <span class='ocrx_word' id='word_1_617' title='bbox 1517 3008 1556 3045; x_wconf 88' lang='lat' dir='ltr'>S.</span> <span class='ocrx_word' id='word_1_618' title='bbox 1578 3006 1627 3045; x_wconf 88' lang='lat' dir='ltr'>R.</span> <span class='ocrx_word' id='word_1_619' title='bbox 1648 3006 1692 3045; x_wconf 87' lang='lat' dir='ltr'>E.</span> <span class='ocrx_word' id='word_1_620' title='bbox 1711 3004 1942 3046; x_wconf 84' lang='lat' dir='ltr'>Cardinalis</span> <span class='ocrx_word' id='word_1_621' title='bbox 1961 3005 2158 3063; x_wconf 84' lang='lat' dir='ltr'>Acciajoli</span> <span class='ocrx_word' id='word_1_622' title='bbox 2176 3021 2275 3048; x_wconf 85' lang='lat' dir='ltr'>nun·</span> 
     </span>
     <span class='ocr_line' id='line_1_103' title="bbox 1262 3061 2277 3119; baseline -0.001 -13"><span class='ocrx_word' id='word_1_623' title='bbox 1262 3062 1581 3118; x_wconf 82' lang='lat' dir='ltr'>cupati,0rdinis</span> <span class='ocrx_word' id='word_1_624' title='bbox 1594 3061 1697 3116; x_wconf 89' lang='lat' dir='ltr'>apud</span> <span class='ocrx_word' id='word_1_625' title='bbox 1718 3067 1802 3105; x_wconf 91' lang='lat' dir='ltr'>Nos</span> <span class='ocrx_word' id='word_1_626' title='bbox 1817 3091 1830 3113; x_wconf 83' lang='lat'>,</span> <span class='ocrx_word' id='word_1_627' title='bbox 1854 3065 1892 3104; x_wconf 86' lang='lat'>&amp;</span> <span class='ocrx_word' id='word_1_628' title='bbox 1909 3064 2054 3105; x_wconf 88' lang='lat' dir='ltr'>Sedem</span> <span class='ocrx_word' id='word_1_629' title='bbox 2072 3065 2277 3119; x_wconf 82' lang='lat' dir='ltr'>Apostoli-</span> 
     </span>
     <span class='ocr_line' id='line_1_104' title="bbox 1262 3120 2278 3177; baseline -0.003 -12"><span class='ocrx_word' id='word_1_630' title='bbox 1262 3135 1342 3165; x_wconf 84' lang='lat' dir='ltr'>cam</span> <span class='ocrx_word' id='word_1_631' title='bbox 1367 3120 1610 3164; x_wconf 68' lang='lat' dir='ltr'>Protestoris</span> <span class='ocrx_word' id='word_1_632' title='bbox 1629 3149 1643 3172; x_wconf 86' lang='lat'>,</span> <span class='ocrx_word' id='word_1_633' title='bbox 1659 3121 1707 3162; x_wconf 90' lang='lat' dir='ltr'>ad</span> <span class='ocrx_word' id='word_1_634' title='bbox 1725 3136 1844 3177; x_wconf 85' lang='lat' dir='ltr'>quem</span> <span class='ocrx_word' id='word_1_635' title='bbox 1859 3123 2072 3177; x_wconf 86' lang='lat' dir='ltr'>supplicem</span> <span class='ocrx_word' id='word_1_636' title='bbox 2090 3123 2278 3166; x_wconf 87' lang='lat' dir='ltr'>libellum</span> 
     </span>
     <span class='ocr_line' id='line_1_105' title="bbox 1263 3179 2277 3236; baseline -0.002 -13"><span class='ocrx_word' id='word_1_637' title='bbox 1263 3181 1392 3223; x_wconf 89' lang='lat' dir='ltr'>Nobis</span> <span class='ocrx_word' id='word_1_638' title='bbox 1424 3181 1540 3234; x_wconf 89' lang='lat' dir='ltr'>super</span> <span class='ocrx_word' id='word_1_639' title='bbox 1573 3179 1768 3234; x_wconf 81' lang='lat' dir='ltr'>praemiffis</span> <span class='ocrx_word' id='word_1_640' title='bbox 1805 3183 2031 3236; x_wconf 61' lang='lat' dir='ltr'>porrefilum</span> <span class='ocrx_word' id='word_1_641' title='bbox 2069 3183 2277 3225; x_wconf 78' lang='lat' dir='ltr'>remisera-</span> 
     </span>
     <span class='ocr_line' id='line_1_106' title="bbox 1266 3239 2278 3291; baseline 0 -10"><span class='ocrx_word' id='word_1_642' title='bbox 1266 3254 1350 3282; x_wconf 88' lang='lat' dir='ltr'>mus</span> <span class='ocrx_word' id='word_1_643' title='bbox 1367 3268 1380 3291; x_wconf 91' lang='lat'>,</span> <span class='ocrx_word' id='word_1_644' title='bbox 1404 3239 1671 3282; x_wconf 86' lang='lat' dir='ltr'>remotionem</span> <span class='ocrx_word' id='word_1_645' title='bbox 1685 3268 1699 3290; x_wconf 92' lang='lat'>,</span> <span class='ocrx_word' id='word_1_646' title='bbox 1724 3241 1764 3286; x_wconf 84' lang='lat'>&amp;</span> <span class='ocrx_word' id='word_1_647' title='bbox 1782 3240 2041 3282; x_wconf 86' lang='lat' dir='ltr'>abolitionem</span> <span class='ocrx_word' id='word_1_648' title='bbox 2067 3241 2278 3283; x_wconf 87' lang='lat' dir='ltr'>Discreto-</span> 
     </span>
     <span class='ocr_line' id='line_1_107' title="bbox 1265 3295 2278 3350; baseline -0.001 -10"><span class='ocrx_word' id='word_1_649' title='bbox 1265 3314 1352 3340; x_wconf 89' lang='lat' dir='ltr'>rum</span> <span class='ocrx_word' id='word_1_650' title='bbox 1381 3295 1607 3350; x_wconf 81' lang='lat' dir='ltr'>hujus‘modi</span> <span class='ocrx_word' id='word_1_651' title='bbox 1638 3299 1677 3340; x_wconf 90' lang='lat' dir='ltr'>in</span> <span class='ocrx_word' id='word_1_652' title='bbox 1704 3298 1809 3340; x_wconf 55' lang='lat' dir='ltr'>dieta</span> <span class='ocrx_word' id='word_1_653' title='bbox 1839 3299 2050 3340; x_wconf 84' lang='lat' dir='ltr'>Provincia</span> <span class='ocrx_word' id='word_1_654' title='bbox 2080 3299 2278 3342; x_wconf 86' lang='lat' dir='ltr'>Flandro-</span> 
     </span>
     <span class='ocr_line' id='line_1_108' title="bbox 1264 3355 2277 3412; baseline -0.001 -13"><span class='ocrx_word' id='word_1_655' title='bbox 1264 3357 1425 3412; x_wconf 84' lang='lat' dir='ltr'>Belgica</span> <span class='ocrx_word' id='word_1_656' title='bbox 1453 3356 1503 3398; x_wconf 86' lang='lat' dir='ltr'>ad</span> <span class='ocrx_word' id='word_1_657' title='bbox 1520 3356 1797 3412; x_wconf 87' lang='lat' dir='ltr'>impediendas</span> <span class='ocrx_word' id='word_1_658' title='bbox 1814 3357 2080 3399; x_wconf 85' lang='lat' dir='ltr'>relaxationes</span> <span class='ocrx_word' id='word_1_659' title='bbox 2095 3387 2109 3407; x_wconf 84' lang='lat'>,</span> <span class='ocrx_word' id='word_1_660' title='bbox 2140 3355 2277 3400; x_wconf 80' lang='lat' dir='ltr'>&amp;evi-</span> 
     </span>
     <span class='ocr_line' id='line_1_109' title="bbox 1266 3413 2278 3470; baseline -0.001 -13"><span class='ocrx_word' id='word_1_661' title='bbox 1266 3416 1385 3459; x_wconf 86' lang='lat' dir='ltr'>tanda</span> <span class='ocrx_word' id='word_1_662' title='bbox 1401 3414 1628 3469; x_wconf 83' lang='lat' dir='ltr'>praejudicia</span> <span class='ocrx_word' id='word_1_663' title='bbox 1641 3444 1654 3466; x_wconf 89' lang='lat'>,</span> <span class='ocrx_word' id='word_1_664' title='bbox 1667 3429 1750 3470; x_wconf 87' lang='lat' dir='ltr'>quae</span> <span class='ocrx_word' id='word_1_665' title='bbox 1767 3416 1803 3456; x_wconf 91' lang='lat' dir='ltr'>in</span> <span class='ocrx_word' id='word_1_666' title='bbox 1822 3416 2051 3469; x_wconf 80' lang='lat' dir='ltr'>regularum</span> <span class='ocrx_word' id='word_1_667' title='bbox 2066 3413 2278 3458; x_wconf 88' lang='lat' dir='ltr'>observan-</span> 
     </span>
     <span class='ocr_line' id='line_1_110' title="bbox 1266 3473 2276 3528; baseline -0.001 -13"><span class='ocrx_word' id='word_1_668' title='bbox 1266 3475 1362 3516; x_wconf 84' lang='lat' dir='ltr'>tiam</span> <span class='ocrx_word' id='word_1_669' title='bbox 1377 3488 1424 3523; x_wconf 83' lang='lat' dir='ltr'>ex</span> <span class='ocrx_word' id='word_1_670' title='bbox 1438 3473 1601 3519; x_wconf 90' lang='lat' dir='ltr'>illorum</span> <span class='ocrx_word' id='word_1_671' title='bbox 1617 3475 1878 3516; x_wconf 68' lang='lat' dir='ltr'>electionibus</span> <span class='ocrx_word' id='word_1_672' title='bbox 1893 3475 2070 3528; x_wconf 87' lang='lat' dir='ltr'>irrepere</span> <span class='ocrx_word' id='word_1_673' title='bbox 2082 3473 2276 3522; x_wconf 82' lang='lat' dir='ltr'>solebant,</span> 
     </span>
     <span class='ocr_line' id='line_1_111' title="bbox 1265 3531 2275 3589; baseline -0.003 -14"><span class='ocrx_word' id='word_1_674' title='bbox 1265 3532 1480 3587; x_wconf 84' lang='lat' dir='ltr'>expedire,</span> <span class='ocrx_word' id='word_1_675' title='bbox 1503 3547 1548 3575; x_wconf 83' lang='lat' dir='ltr'>ac</span> <span class='ocrx_word' id='word_1_676' title='bbox 1566 3533 1606 3575; x_wconf 86' lang='lat' dir='ltr'>in</span> <span class='ocrx_word' id='word_1_677' title='bbox 1625 3532 1878 3587; x_wconf 89' lang='lat' dir='ltr'>Religionis,</span> <span class='ocrx_word' id='word_1_678' title='bbox 1893 3531 2053 3588; x_wconf 87' lang='lat' dir='ltr'>ejusque</span> <span class='ocrx_word' id='word_1_679' title='bbox 2073 3533 2275 3589; x_wconf 87' lang='lat' dir='ltr'>regiminis</span> 
     </span>
     <span class='ocr_line' id='line_1_112' title="bbox 1264 3589 2277 3645; baseline -0.003 -10"><span class='ocrx_word' id='word_1_680' title='bbox 1264 3594 1411 3635; x_wconf 89' lang='lat' dir='ltr'>bonum</span> <span class='ocrx_word' id='word_1_681' title='bbox 1427 3589 1616 3633; x_wconf 82' lang='lat' dir='ltr'>cessuram</span> <span class='ocrx_word' id='word_1_682' title='bbox 1633 3590 1708 3634; x_wconf 80' lang='lat' dir='ltr'>effe</span> <span class='ocrx_word' id='word_1_683' title='bbox 1723 3592 1944 3641; x_wconf 81' lang='lat' dir='ltr'>censentes,</span> <span class='ocrx_word' id='word_1_684' title='bbox 1960 3592 2161 3634; x_wconf 87' lang='lat' dir='ltr'>Discretos</span> <span class='ocrx_word' id='word_1_685' title='bbox 2177 3605 2277 3645; x_wconf 86' lang='lat' dir='ltr'>prae·</span> 
     </span>
     <span class='ocr_line' id='line_1_113' title="bbox 1260 3649 2275 3707; baseline -0.003 -16"><span class='ocrx_word' id='word_1_686' title='bbox 1260 3651 1386 3692; x_wconf 67' lang='lat' dir='ltr'>dictos</span> <span class='ocrx_word' id='word_1_687' title='bbox 1401 3650 1436 3691; x_wconf 92' lang='lat' dir='ltr'>in</span> <span class='ocrx_word' id='word_1_688' title='bbox 1454 3649 1815 3692; x_wconf 79' lang='lat' dir='ltr'>eademProvincia</span> <span class='ocrx_word' id='word_1_689' title='bbox 1830 3649 2275 3707; x_wconf 63' lang='lat' dir='ltr'>amiloritateApostoli-</span> 
     </span>
     <span class='ocr_line' id='line_1_114' title="bbox 1259 3707 2275 3762; baseline -0.003 -13"><span class='ocrx_word' id='word_1_690' title='bbox 1259 3722 1306 3750; x_wconf 90' lang='lat' dir='ltr'>ca</span> <span class='ocrx_word' id='word_1_691' title='bbox 1335 3708 1557 3751; x_wconf 88' lang='lat' dir='ltr'>sustulimus</span> <span class='ocrx_word' id='word_1_692' title='bbox 1575 3708 1748 3762; x_wconf 80' lang='lat' dir='ltr'>pariter,</span> <span class='ocrx_word' id='word_1_693' title='bbox 1775 3709 1812 3748; x_wconf 87' lang='lat'>&amp;</span> <span class='ocrx_word' id='word_1_694' title='bbox 1830 3709 2071 3752; x_wconf 86' lang='lat' dir='ltr'>removimus</span> <span class='ocrx_word' id='word_1_695' title='bbox 2087 3739 2100 3760; x_wconf 83' lang='lat'>,</span> <span class='ocrx_word' id='word_1_696' title='bbox 2126 3713 2162 3752; x_wconf 90' lang='lat'>&amp;</span> <span class='ocrx_word' id='word_1_697' title='bbox 2178 3707 2275 3750; x_wconf 70' lang='lat' dir='ltr'>alias</span> 
     </span>
     <span class='ocr_line' id='line_1_115' title="bbox 1260 3766 2278 3822; baseline -0.004 -14"><span class='ocrx_word' id='word_1_698' title='bbox 1260 3777 1383 3822; x_wconf 85' lang='lat' dir='ltr'>prout</span> <span class='ocrx_word' id='word_1_699' title='bbox 1400 3768 1436 3808; x_wconf 89' lang='lat' dir='ltr'>in</span> <span class='ocrx_word' id='word_1_700' title='bbox 1451 3767 1591 3809; x_wconf 84' lang='lat' dir='ltr'>nostris</span> <span class='ocrx_word' id='word_1_701' title='bbox 1608 3795 1621 3816; x_wconf 82' lang='lat'>‚</span> <span class='ocrx_word' id='word_1_702' title='bbox 1646 3766 1784 3808; x_wconf 88' lang='lat' dir='ltr'>itidem</span> <span class='ocrx_word' id='word_1_703' title='bbox 1814 3768 1851 3808; x_wconf 90' lang='lat' dir='ltr'>in</span> <span class='ocrx_word' id='word_1_704' title='bbox 1868 3767 1981 3810; x_wconf 85' lang='lat' dir='ltr'>simili</span> <span class='ocrx_word' id='word_1_705' title='bbox 1997 3768 2121 3811; x_wconf 79' lang='lat' dir='ltr'>forma</span> <span class='ocrx_word' id='word_1_706' title='bbox 2141 3766 2278 3810; x_wconf 90' lang='lat' dir='ltr'>Brevis</span> 
     </span>
     <span class='ocr_line' id='line_1_116' title="bbox 1259 3825 2283 3884; baseline -0.005 -16"><span class='ocrx_word' id='word_1_707' title='bbox 1259 3826 1326 3869; x_wconf 90' lang='lat' dir='ltr'>dic</span> <span class='ocrx_word' id='word_1_708' title='bbox 1340 3839 1516 3873; x_wconf 72' lang='lat' dir='ltr'>xxvtrr.</span> <span class='ocrx_word' id='word_1_709' title='bbox 1543 3825 1710 3879; x_wconf 83' lang='lat' dir='ltr'>Augusti</span> <span class='ocrx_word' id='word_1_710' title='bbox 1744 3840 1941 3870; x_wconf 76' lang='lat' dir='ltr'>mocon.</span> <span class='ocrx_word' id='word_1_711' title='bbox 1969 3828 2166 3884; x_wconf 81' lang='lat' dir='ltr'>expeditis</span> <span class='ocrx_word' id='word_1_712' title='bbox 2192 3826 2283 3866; x_wconf 81' lang='lat' dir='ltr'>lite-</span> 
     </span>
    </p>

    <p class='ocr_par' dir='ltr' id='par_1_12' title="bbox 1600 3886 2230 3934">
     <span class='ocr_line' id='line_1_117' title="bbox 1600 3886 2230 3934; baseline -0.002 -7"><span class='ocrx_word' id='word_1_713' title='bbox 1600 3886 1641 3927; x_wconf 89' lang='lat' dir='ltr'>N</span> <span class='ocrx_word' id='word_1_714' title='bbox 1672 3900 1699 3929; x_wconf 71' lang='lat'><em>2</em></span> <span class='ocrx_word' id='word_1_715' title='bbox 2141 3887 2193 3928; x_wconf 86' lang='lat' dir='ltr'>ris</span> <span class='ocrx_word' id='word_1_716' title='bbox 2216 3913 2230 3934; x_wconf 83' lang='lat'>,</span> 
     </span>
    </p>
   </div>
  </div>
 </body>
</html>
