2638 4204
917 226 1565 341 Coloniensi-s.

228 367 515 422 Provinciam
550 372 595 419 in
629 369 770 425 duas,
796 365 1113 417 coloniensem
1146 364 1209 413 vi&

294 440 459 490 delicet
474 476 490 499 ,
517 440 565 493 ὅ(
584 442 845 491 Rhenanam
866 435 1006 485 dividi
1023 434 1170 497 jubet.

250 578 288 620 A
304 587 443 634 tergo:
476 578 627 620 Ditem
642 577 744 620 Filio
758 603 772 626 ,
787 570 966 628 Ministro
990 567 1175 635 Gener-ali

335 636 491 679 Ordinis
504 639 694 679 Fratrum
708 632 907 676 Minorum
922 632 1089 682 Capuct-
1168 650 1177 658 ·

459 707 595 737 norum
621 700 927 746 nuncupatorum
943 715 956 728 .

222 811 704 862 CLEMENS
784 806 1027 854 PAPA
1109 804 1200 852 IX.

307 947 458 993 Ditem·
473 947 557 991 Fili
575 943 749 1002 filma-m
762 968 777 991 ,
800 941 848 988 δ’
860 941 1117 996 Apostolicam

550 1000 862 1044 Beni-aimonem.

322 1118 452 1175 Xponi
468 1117 583 1160 nobis
607 1130 731 1172 nuper
745 1115 926 1159 fecerunt
947 1113 1091 1155 Dilecti
1106 1111 1198 1155 Filii

338 1181 501 1223 Fratres
530 1176 746 1218 Provinciae
762 1175 988 1224 Rhenanae,
1015 1171 1082 1214 seu
1109 1175 1198 1214 Co-

213 1236 398 1280 lonienfis
422 1236 482 1278 tui
508 1234 672 1277 Ordinis
698 1235 901 1276 Minorum
941 1236 978 1273 δ’.
997 1229 1194 1274 Francisci

210 1297 517 1350 Capucinorum
532 1301 849 1346 nuncupatorum
862 1317 877 1338 ,
894 1290 1001 1345 quod
1018 1291 1057 1330 in
1071 1289 1192 1341 Capi-

212 1354 302 1396 tulo
315 1351 507 1396 Generali
527 1351 620 1393 dieti
634 1351 822 1400 Ordinis,
846 1347 1051 1390 novissime
1064 1348 1100 1388 in
1116 1347 1191 1388 Al-

211 1424 272 1454 ma
289 1415 399 1457 Urbe
413 1412 638 1460 celebrato,
656 1407 840 1450 Difinitio
856 1406 1066 1450 Generalis
1093 1408 1192 1448 bene

208 1469 455 1525 perspectam
486 1470 634 1511 habens
661 1467 888 1510 Provincia
914 1465 1104 1521 praedistae
1133 1466 1172 1505 ni

213 1529 334 1570 miam
359 1527 579 1569 vastitatem
595 1554 610 1576 ,
634 1525 687 1567 ob
709 1539 823 1582 quam
844 1524 910 1565 uni
929 1524 996 1565 soli
1016 1522 1195 1565 Ministro

209 1586 451 1627 Provinciali
479 1586 635 1640 penitus
665 1585 727 1626 est
754 1581 998 1638 impossibilis
1025 1582 1195 1622 visitatio

211 1641 398 1685 consueta
433 1644 574 1697 vigore
603 1642 766 1697 Regulae
794 1644 833 1683 δι
857 1640 1193 1682 Constitutionum

213 1702 476 1745 Generalium
500 1702 666 1742 omnino
691 1698 876 1755 requisita
897 1697 946 1739 ad
959 1697 1189 1738 conservan-

208 1761 301 1802 dam
327 1758 587 1814 Disciplinam
614 1757 855 1811 Regularem
871 1783 884 1806 ,
910 1756 1072 1811 aliisque
1094 1768 1192 1797 cau-

205 1818 252 1859 fis
279 1817 505 1872 gravissimis
533 1814 818 1865 consideratis,
848 1813 998 1856 censuit
1030 1813 1191 1857 eidem..

210 1876 429 1917 Provinciae
443 1873 754 1916 subveniendum
769 1872 848 1915 effe
863 1887 933 1927 per
947 1873 1193 1915 convenien-

204 1943 288 1974 tem
314 1932 552 1977 divisionem
569 1959 584 1982 ,
596 1932 647 1974 de
662 1932 778 1987 hujus
795 1933 942 1974 Sanc'tae
957 1930 1067 1973 Sedis
1084 1933 1193 1985 Apo·

205 1990 349 2032 stolicae
373 1992 538 2033 licentia
556 1990 777 2032 faciendam
794 2018 805 2031 .
828 1992 964 2046 Qare
981 1989 1047 2042 ipfi
1066 1991 1195 2043 Expo.

205 2058 348 2089 nentes
364 2049 489 2090 Nobis
505 2048 714 2091 humiliter
740 2047 954 2102 supplicari
983 2045 1192 2098 fecerunt,

205 2105 302 2147 utin
316 2107 512 2160 praemissis
526 2107 752 2162 opportune
785 2105 1005 2161 providere
1021 2133 1034 2156 ,
1057 2106 1096 2146 ὅ(
1109 2133 1124 2155 ,
1152 2115 1196 2146 ut

206 2161 338 2213 infra,
365 2163 576 2219 indulgere
602 2163 652 2207 de
670 2164 920 2220 benignitate
931 2163 1193 2220 Apostolica..

207 2221 466 2276 dignaremur
481 2251 494 2263 .

265 2283 350 2320 Nos
376 2282 497 2334 igitur
519 2280 646 2322 diuos
680 2282 932 2334 Exponentes
963 2277 1199 2335 specialibus

203 2333 402 2380 favoribus
418 2340 456 2380 &
473 2339 607 2393 gratiis
635 2341 818 2394 prosequi
837 2340 1022 2381 volentes
1037 2367 1050 2390 ,
1077 2340 1114 2380 δι
1131 2350 1202 2378 eo-

203 2409 292 2438 rum
316 2397 531 2451 singulares
553 2395 735 2452 personas
765 2399 785 2440 'a
809 2396 1006 2452 quibusvis
1033 2409 1202 2442 exeom-

201 2453 480 2496 municationis
495 2483 509 2505 ,
534 2453 786 2511 suspensionis
799 2456 838 2496 δι
851 2455 1054 2499 interdie‘ti
1067 2486 1079 2507 ,
1095 2454 1201 2498 aliis-

202 2525 283 2567 que
303 2511 579 2555 Ecclefiasticis
599 2512 833 2564 sententiis,
860 2514 1033 2558 censuris
1055 2518 1091 2557 δι
1110 2526 1200 2569 poe·

205 2570 305 2611 nis-5
329 2569 418 2625 jure
433 2599 450 2621 ‚
480 2571 542 2613 vel
570 2573 619 2616 ab
634 2572 792 2614 homine
810 2573 948 2627 quavis
964 2575 1169 2616 occasione
1181 2597 1196 2620 2

203 2627 268 2670 vel
283 2627 392 2671 causa
414 2629 503 2671 latis
517 2655 530 2676 2
552 2630 575 2672 fi
595 2630 737 2686 quibus
753 2630 1056 2686 quomodolibet
1082 2633 1201 2674 inno-

202 2684 303 2727 datae
325 2686 498 2729 existunt
519 2715 534 2738 ,
553 2688 603 2730 ad
634 2686 814 2731 effestum
831 2688 1077 2743 praesentium
1093 2690 1199 2732 dun-

2041 253 2190 330 311

1267 363 1306 403 in
1333 359 1529 416 Capitulis
1552 351 1997 398 Generalibus'Ordinis
2022 353 2172 407 praefati
2195 372 2262 399 au-

1265 421 1352 475 geri
1378 433 1454 460 non
1483 414 1650 470 poffint,
1681 411 1744 454 sed
1765 410 1953 467 cujusque
1968 412 2185 454 Provincia:
2211 415 2261 455 sie

1264 476 1394 519 divisae
1410 473 1573 517 Ministri
1591 469 1864 514 provinciales
1892 484 2063 514 unacum
2083 471 2263 514 Custode

1263 534 1494 581 alternatim
1513 530 1702 585 eligendo
1725 527 1764 568 in
1790 527 2104 583 dictoCapitulo
2132 530 2262 571 inter-

1265 596 1402 635 venire
1426 591 1631 634 debeant,
1658 587 1741 635 ita,
1772 595 1815 625 ut
1842 587 1921 626 tria
1949 588 2103 628 tantum
2133 599 2226 630 vota
2246 616 2263 638 ,

1260 663 1407 704 nempe
1428 649 1600 690 duorum
1624 643 1898 687 Ministrorum
1917 644 2229 689 Provincialium
2245 673 2262 696 ,

1261 712 1299 751 δι
1326 707 1437 748 unius
1451 702 1635 748 Custodis
1664 701 1932 753 constituam
1961 713 2086 757 utque
2106 706 2143 745 in
2165 717 2265 758 prae-

1262 765 1373 809 dictis
1388 762 1605 805 Provinciis
1636 761 1770 803 divisis
1785 759 1880 801 novi
1899 763 2134 804 Conventus
2158 763 2265 817 erigi

1261 821 1514 878 imposterum
1539 820 1766 862 nullatenus
1787 816 1928 874 poffint
1945 843 1958 864 2
1988 821 2065 863 sine
2077 821 2259 876 expressa.

1262 880 1426 927 licentia
1441 879 1554 921 dietae
1568 877 1680 920 Sedis
1692 907 1708 927 ,
1735 891 1808 934 per
1824 875 1982 919 litteras
1997 878 2034 918 in
2049 878 2163 921 simili
2178 879 2263 922 for..

1220 988 1224 992 ,
1263 955 1325 984 ma
1340 938 1476 981 Brevis
1490 935 1740 991 expedienda
1751 965 1767 987 ,
1780 947 1865 990 quae
1877 934 2043 990 deroget
2061 937 2263 992 hujusmo.

1264 1001 1304 1042 di
1321 996 1607 1054 prohibitioni,
1632 1008 1712 1037 non
1737 992 1981 1036 obstantibus
2004 993 2074 1034 fel.
2099 996 2263 1040 record.

1263 1055 1415 1102 Urbani
1439 1057 1517 1097 PP.
1533 1055 1652 1096 V111.
1670 1049 1965 1098 Praedeeefforis
1980 1051 2100 1093 nostri
2116 1052 2261 1099 litteris

1257 1117 1326 1168 die
1343 1126 1491 1158 xv111.
1514 1112 1624 1167 Junii
1649 1124 1815 1155 moeni
1831 1125 1843 1152 1
1859 1123 1891 1151 ι.
1921 1110 2117 1152 emanans
2135 1139 2148 1162 ,
2188 1125 2262 1167 per

1256 1188 1354 1230 quas
1368 1175 1476 1215 inter
1491 1172 1569 1213 alia
1586 1171 1890 1214 Provinciarum
1904 1168 2001 1210 dieti
2016 1170 2182 1211 Ordinis
2198 1170 2262 1211 di-

1257 1235 1352 1276 visio
1374 1229 1575 1287 prohibita
1603 1230 1802 1284 reperitur
1818 1258 1832 1279 ‚
1859 1225 2024 1283 aliisque
2050 1224 2264 1271 Con'stitu-

1252 1292 1424 1335 tionibus
1439 1316 1453 1339 ,
1475 1290 1516 1329 δι
1530 1287 1863 1331 ordinationibus
1882 1286 2124 1341 Apostolicis
2143 1316 2157 1339 ,
2189 1302 2265 1330 nec

1254 1365 1333 1394 non
1347 1347 1512 1390 Ordinis
1527 1375 1541 1397 ,
1559 1346 1881 1389 Confirmatione
1900 1344 2133 1400 Apostolica
2153 1374 2167 1397 ,
2196 1346 2264 1389 vel

1252 1408 1391 1466 quavis
1419 1405 1609 1448 firmitate
1640 1406 1716 1449 alia
1744 1405 1974 1456 roboratis,
2004 1405 2160 1447 statutis
2178 1433 2191 1455 ,
2224 1408 2263 1447 &

1253 1465 1609 1510 consuetudinibus
1622 1491 1635 1513 ,
1662 1464 1883 1520 privilegiis
1898 1477 2059 1519 quoque
2075 1463 2266 1517 indultis,

1253 1529 1293 1570 δε
1307 1526 1474 1569 Litteris
1487 1522 1727 1580 Apostolicis
1755 1524 1792 1566 in
1818 1523 2070 1565 contrarium
2088 1521 2266 1575 praemis·

1253 1587 1384 1627 sorum
1410 1582 1722 1638 quomodolibet
1749 1578 1939 1624 conceffis
1966 1608 1980 1631 ,
2011 1579 2262 1624 confirmatis

1251 1641 1510 1684 &innovatis
1533 1668 1543 1679 .
1575 1641 1734 1695 Quibus
1766 1639 1951 1700 omnibus
1991 1641 2031 1681 &
2073 1638 2265 1694 fingulis,

1253 1714 1390 1745 earum
1405 1704 1567 1742 tenores
1582 1696 1839 1752 praesentibus
1867 1712 1940 1754 pro
1961 1698 2083 1752 plene
2100 1700 2137 1740 &
2153 1697 2266 1741 suffi-

1252 1762 1408 1803 cienter
1434 1757 1648 1814 expressis,
1672 1760 1710 1799 &
1741 1757 1898 1799 insertis
1928 1758 2122 1800 habentes
2141 1786 2154 1809 ,
2181 1759 2261 1801 illis
2334 1800 2337 1812 Ἰ,

1253 1820 1353 1862 alias
1378 1819 1416 1859 in
1444 1816 1514 1859 suo
1532 1820 1678 1859 robore
1693 1815 1986 1871 permansuris,
2012 1818 2063 1859 ad
2092 1818 2270 1870 praemis-
2326 1816 2333 1835 ³

1255 1877 1384 1919 sorum
1409 1875 1591 1918 effeffilum
1617 1879 1688 1918 hac
1718 1874 1808 1917 vice
1825 1874 2048 1926 duntaxat,
2079 1874 2268 1930 speciali-

1254 1945 1318 1978 ter
1340 1963 1355 1987 ,
1396 1936 1436 1975 &
1461 1934 1648 1989 expresse
1671 1934 1940 1988 derogamus,
1969 1933 2269 1990 caeterisque-2

1254 1994 1469 2037 contrariis
1490 1993 1794 2048 quibuscunque
1811 2021 1822 2033 .

1315 2055 1465 2094 Datum
1495 2054 1633 2095 Romae
1659 2052 1762 2107 apud
1778 2058 1820 2097 S.
1836 2051 2004 2093 Mariam
2023 2049 2266 2105 Maiorem

1256 2110 1324 2153 sub
1352 2109 1514 2154 Annulo
1543 2111 1755 2154 Piscatoris
1782 2140 1795 2162 ‚
1830 2110 1898 2151 die
1939 2123 2038 2151 v11.
2072 2112 2264 2164 Septem-

1257 2171 1339 2211 bris
1368 2183 1479 2210 Μῦς
1497 2183 1622 2212 ικνι
1648 2183 1680 2211 ι.
1719 2167 1985 2214 Pontificatfis
2022 2167 2146 2211 nostri
2180 2171 2267 2211 An·

1258 2243 1312 2272 no
1338 2228 1466 2282 primo
1487 2257 1498 2267 .

1659 2409 1721 2465 Jo.
1735 2404 1972 2450 Gualterius
1987 2403 2153 2447 Slufius.

1316 2583 1414 2643 Autss
1445 2597 1487 2636 in
1534 2594 1704 2638 Archiv·
1727 2594 1875 2653 ficret.
1910 2588 2100 2635 Bri-vium
2133 2589 2266 2648 Apost.

1375 2654 1531 2710 Regesto
1553 2655 1684 2711 Mens-⁹
1695 2683 1712 2705 ‚
1738 2656 1792 2702 ὠ·
1811 2651 1921 2696 Anni
1938 2650 2067 2705 praed.
2079 2646 2124 2708 f
2140 2662 2210 2705 9¹·

203 2753 316 2784 taxat
339 2744 660 2800 consequendum
675 2775 691 2797 ,
715 2748 853 2789 harum
876 2743 973 2789 serie
986 2747 1200 2790 absolven-
1279 2776 1282 2779 »

203 2811 296 2851 tes,
325 2802 362 2842 δι
388 2803 580 2846 absolutas
605 2802 690 2846 fore
718 2804 954 2852 censentes,
977 2804 1203 2861 hujusmodi

202 2858 560 2913 supplicationibus
593 2862 772 2903 inclinati
797 2891 811 2912 ‚
841 2877 886 2903 ac
911 2862 963 2904 de
997 2873 1064 2905 tua
1094 2862 1205 2912 fide,

203 2917 440 2973 prudentia,
469 2917 666 2962 charitate
683 2919 959 2975 ‚·vigilantia‚
980 2922 1132 2976 pietate
1157 2933 1203 2962 ac

203 2976 427 3032 Religionis
445 2977 535 3018 zelo
562 2978 777 3033 plurimum
797 2982 834 3021 in
856 2978 1032 3021 Domino
1046 2977 1175 3020 confisi
1189 3003 1204 3025 ,

206 3034 327 3083 Tibi,
350 3045 395 3077 ut
425 3036 464 3076 in
489 3037 572 3078 aaa
599 3035 832 3080 visitationis
857 3047 1088 3081 memoratae
1102 3039 1203 3080 Pro·

208 3091 346 3136 vinciae
368 3095 391 3136 ὲ
420 3095 479 3135 Te
508 3094 775 3138 benedicente
792 3096 966 3138 Domino
987 3094 1200 3145 faciendae,

207 3150 375 3194 eandem
408 3151 663 3196 Provinciam
682 3154 721 3195 in
747 3153 845 3195 duas
861 3183 875 3205 ,
896 3167 1015 3196 unam
1040 3153 1204 3211 quidem

206 3207 520 3261 Coloniensem,
550 3210 718 3254 alteram
751 3214 849 3254 vero
878 3214 1109 3256 Rhenanam
1136 3224 1205 3252 re-

210 3265 378 3321 spective
394 3268 952 3322 nuncupandas,Au&0ritate
967 3269 1093 3311 nostra
1105 3270 1213 3324 Apo-

208 3324 348 3367 stolica
364 3325 550 3367 dividere
565 3355 579 3377 ,
611 3341 655 3369 ac
671 3327 832 3382 utrique
847 3326 1066 3369 Provinciae
1081 3325 1210 3382 hujus-

211 3383 318 3425 modi
332 3410 346 3431 2
375 3386 609 3425 Conventus
625 3412 639 3435 ,
655 3387 830 3431 nomos,
848 3386 889 3426 δι
907 3385 1089 3439 Hospitia
1109 3387 1210 3428 Pro-

211 3439 346 3482 vinciae
365 3441 413 3482 sic
429 3441 652 3484 dividendae
668 3441 882 3496 respective
897 3442 1087 3498 assignare
1100 3471 1114 3493 ,
1135 3457 1208 3484 cae·

212 3506 376 3552 teraque
405 3499 442 3540 in
461 3499 678 3554 praemiffis,
699 3502 735 3542 δι
751 3501 857 3543 circa
884 3515 931 3543 ea
952 3499 1207 3556 quomodoli-

207 3553 279 3618 bet
297 3556 501 3598 necessaria
516 3583 530 3605 ,
552 3559 589 3598 ὅτ.
616 3569 842 3613 opportuna
870 3559 1032 3610 facere,
1056 3560 1096 3600 δι
1114 3571 1208 3600 exe-

207 3625 275 3676 qui
304 3611 428 3678 libere
454 3615 596 3668 poffis,
624 3617 661 3657 &
684 3616 845 3663 valeas,
878 3615 1113 3659 facultatem
1129 3645 1143 3667 ,
1168 3617 1208 3658 δι

208 3668 413 3711 licentiam
437 3675 682 3716 authoritate
699 3674 909 3728 praedieta,
940 3682 1081 3717 tenore
1107 3687 1204 3729 prae-

206 3725 375 3769 sentium
391 3728 598 3771 tribuimus
611 3760 623 3782 ,
648 3735 687 3774 δι
702 3733 979 3787 impertimur3
1009 3731 1058 3774 ea
1073 3743 1208 3775 tamen

206 3785 294 3842 lege
310 3814 325 3838 ,
351 3797 392 3828 ut
416 3800 487 3842 per
511 3787 730 3845 hujusmodi
743 3789 979 3847 divisionem
997 3790 1207 3845 suffragia„

1537 2860 1992 2925 NOTA.

1260 3069 1352 3156 N
1367 3066 1576 3116 E,impedito
1589 3066 1788 3105 PMinistro
1802 3067 2164 3113 Generali,divifionis
2178 3080 2265 3105 exe-

1377 3120 1473 3156 cutio
1496 3114 1740 3160 retardaretur,
1762 3118 1967 3155 constitutus
1988 3118 2035 3154 est
2050 3118 2135 3154 alius
2149 3118 2261 3153 Com-

1264 3167 1427 3206 miffatius
1435 3162 1660 3213 apostolicus
1684 3176 1743 3211 per
1765 3167 1901 3205 litteras
1929 3167 2120 3214 sequentes.

2136 3843 2209 3886 Di·
