2658 4256
347 329 445 373 bera
461 345 562 373 voce
580 328 809 384 proponat3
837 339 883 368 ac
909 321 1133 380 praedicet,
1154 325 1194 365 &
1217 327 1375 367 Catho-

353 387 475 431 licam
490 390 633 432 Fidem
649 416 663 438 ‚
683 384 829 441 quufi
847 386 967 427 decet
984 382 1258 439 Apostolicum
1275 384 1371 427 Mis-

351 447 598 498 sionarium,
624 445 869 502 prudentia,
900 443 1020 489 zelo,
1048 457 1095 483 ac
1124 442 1371 486 dexteritate

348 517 592 563 promoveat
605 536 619 557 ,
646 516 718 555 ut,
735 501 1074 560 quemadmodum
1091 502 1275 544 hactenus
1290 517 1368 545 non

347 566 433 608 sine
464 566 601 622 insigni
631 564 696 606 fua
722 563 841 606 laude
861 593 876 614 ,
903 576 948 604 ac
964 574 1058 615 erga
1086 561 1190 602 hanc
1225 562 1374 604 Sedem

349 623 632 680 Apostolicam
660 623 819 665 meritis
856 623 895 664 in
925 623 1073 675 Regno
1094 621 1297 664 Bohemiae
1330 622 1373 665 id

351 682 535 740 praestitit
550 713 565 736 ‚
592 684 641 726 ad
663 684 886 724 Dominum
904 680 1069 729 Vineae,
1092 681 1161 734 qui
1190 679 1245 722 est
1271 681 1377 738 ejuf-

353 743 447 784 dem
463 743 614 785 Christi
634 741 798 784 Domini
816 739 997 783 Vicarius
1028 740 1066 779 in
1095 741 1213 781 terris
1238 766 1252 789 ‚
1290 754 1373 783 non

351 815 530 850 vacuus,
557 801 623 843 sed
652 815 742 843 cum
767 797 1097 855 ingentifrutstu,
1122 796 1298 853 Spiritus
1329 805 1370 843 S.

356 859 489 914 gratia
504 861 784 917 proveniente,
798 861 837 901 δι
850 865 1095 914 cooperante
1110 866 1368 911 revertatur,

353 932 440 963 non
469 920 716 963 obstantibus
742 921 818 962 &c.

408 978 569 1021 Eodem
597 978 663 1020 die
680 976 956 1022 sanctissimus
986 975 1187 1018 Dominus
1215 976 1363 1020 Noster

349 1037 565 1080 decretum
613 1042 740 1081 Sacrae
779 1036 1119 1090 congregationis
1154 1032 1367 1078 confirma-

355 1096 418 1138 vit
444 1122 458 1145 ,
495 1098 535 1138 δι
561 1096 829 1152 approbavit,
866 1096 989 1150 &per
1015 1095 1194 1135 R.P.D.
1227 1094 1365 1137 Ciam«

349 1151 491 1211 polum
510 1157 640 1197 Breve
654 1154 835 1209 expediri
850 1152 1059 1194 mandavit
1080 1180 1094 1202 ‚
1122 1151 1171 1192 ad
1189 1152 1366 1195 eundem

347 1217 513 1258 Patrem
529 1214 820 1262 Valerianum,
845 1212 885 1253 in
915 1223 997 1264 quo
1024 1210 1123 1251 fazsta
1152 1212 1364 1255 mentione

347 1272 403 1313 de
425 1271 508 1326 ejus
522 1271 711 1314 Missione
726 1299 740 1321 ,
767 1275 876 1327 juxta
904 1265 1083 1323 ejusdem
1103 1272 1192 1311 Sac.
1208 1274 1363 1326 Congr-

349 1329 580 1380 decretum‚
595 1329 708 1371 illum
724 1328 861 1371 sedulo
878 1329 1098 1376 moneam&
1114 1329 1300 1372 hortetur
1314 1329 1363 1372 ad

343 1390 450 1431 tanti
466 1388 645 1432 muneris
660 1386 1043 1444 prosecutionem0&
1056 1390 1340 1432 executionem
1355 1419 1366 1431 .

383 1507 483 1557 Οὲἶ.
497 1508 717 1575 Episcopus
730 1506 895 1557 Omen.
912 1505 1039 1555 Card.
1054 1505 1269 1559 Bandinus
1278 1544 1291 1557 .

765 1629 824 1668 Ex
841 1623 1214 1681 Archivopraedmo
1230 1653 1244 1666 .

344 1764 753 1785 ———-—-
986 1767 1119 1779 -σι
1123 1766 1356 1780 -=——

339 1865 555 1916 Eundem
582 1867 658 1912 Fr.
671 1863 971 1911 Valerianum
992 1880 1044 1909 ex
1062 1863 1287 1927 Sapientia
1308 1861 1358 1915 ὅ(

413 1938 581 2003 pietate
614 1932 770 1982 laudat
795 1969 811 1990 ,
850 1936 1062 1998 Eumque
1104 1931 1161 1980 ad
1189 1950 1354 1984 munus

416 2003 692 2056 Miffionarii
722 2000 979 2071 Apostolici
1014 2003 1058 2049 in
1088 2005 1272 2051 Boemia
1305 2002 1354 2055 ἃ·

414 2077 664 2124 Germania
698 2072 925 2140 superiore
967 2070 1148 2122 strenue
1191 2073 1354 2124 obeun-

411 2145 526 2195 dum
542 2179 559 2202 ,
596 2141 801 2194 stimulat
818 2180 832 2192 .

369 2276 407 2318 A
422 2281 566 2330 tergo:
593 2270 746 2314 Dilec'lo
761 2271 863 2314 Filio
877 2300 892 2322 ‚
921 2272 1121 2316 Valeriano
1140 2276 1318 2331 Magno‘,

632 2331 832 2374 Sacerdote·
853 2331 1048 2386 Capacino
1061 2359 1073 2372 .

394 2451 826 2506 URBANUS
879 2452 1101 2501 PAPA
1149 2455 1302 2503 VIII.

428 2568 585 2612 Diche
606 2568 691 2613 Rei
701 2568 881 2624 sblutem
894 2597 908 2620 ‚
941 2569 990 2617 θ’
1007 2569 1264 2625 Apostolicam

690 2627 1014 2671 Benediffionem.
1187 2656 1190 2661 -

454 2747 612 2800 Xperta
638 2745 759 2803 plane
785 2746 961 2789 feliciter
986 2748 1177 2791 hactenus
1196 2748 1249 2790 est
1267 2751 1347 2791 Ec·

464 2805 580 2847 clefia
597 2804 784 2858 progigni
809 2819 858 2847 ex
887 2804 1078 2860 sapientia
1103 2809 1139 2848 ὅ(
1155 2809 1346 2863 pietate)

340 2876 413 2906 tua
439 2864 590 2906 fruetus
618 2863 752 2906 salutis
776 2862 936 2918 populis
956 2892 970 2915 ‚
995 2878 1139 2919 panem
1167 2865 1347 2920 Angelo-

319 2921 324 2927 ’
341 2936 432 2965 rum
447 2922 713 2965 esurientibus
727 2951 738 2961 .
771 2924 869 2980 Quae
882 2931 1022 2965 autem
1038 2924 1169 2966 officia
1194 2923 1345 2965 sollici.

339 2981 492 3024 tudinis
513 2990 588 3022 tuae
610 2981 649 3021 in
680 2983 840 3022 Boemia
870 2982 1096 3025 habuerunt
1115 2985 1246 3024 Deum
1274 2997 1346 3024 au·

340 3041 502 3084 thorem
526 3040 565 3080 δι
580 3036 837 3094 suffragantes
853 3040 1069 3092 Coclites,
1098 3055 1177 3083 non
1199 3056 1344 3084 carue-

338 3108 431 3142 runt
449 3099 560 3142 certe
576 3100 715 3140 Romae
742 3096 881 3153 plausu
905 3101 944 3141 δι
958 3099 1179 3142 Pontificiae
1195 3101 1344 3143 autho-

337 3158 469 3202 ritatis
494 3157 847 3200 commendatione
862 3186 872 3197 .
899 3161 1036 3216 Qare
1053 3163 1139 3201 Nos
1168 3161 1206 3201 δι
1222 3162 1344 3202 Sacra

338 3216 617 3272 Congregatio
638 3246 652 3268 ‚
681 3217 944 3272 propagandae
966 3215 1059 3259 fidei
1084 3220 1247 3273 negotia
1273 3233 1341 3260 cu-

338 3289 458 3324 ram,
474 3274 659 3317 decrevit
687 3275 880 3318 virtutem
898 3285 1005 3318 tuam
1024 3277 1174 3333 Regnis
1199 3276 1341 3319 saluta-

337 3348 425 3378 rem
451 3348 499 3376 ex
515 3336 653 3376 umbra
684 3334 875 3390 religiosae
891 3335 1018 3377 Cellae
1032 3337 1285 3379 educandam
1303 3336 1342 3377 in

336 3394 469 3436 lucem
489 3394 672 3449 gentium
686 3423 702 3444 ,
729 3405 852 3450 atque
868 3393 992 3435 Aulas
1011 3397 1315 3438 Dominantium
1329 3423 1342 3435 .

336 3455 444 3495 Cum
466 3453 590 3508 igitur
610 3454 669 3494 Te
693 3453 895 3495 charitate
913 3452 1139 3508 Apostolica
1165 3454 1342 3508 comple-

333 3510 375 3553 xi
393 3512 507 3554 fimus
523 3541 536 3562 ‚
565 3513 602 3552 &
621 3512 752 3567 Regni
775 3511 954 3555 coelestis
971 3514 1136 3568 negotia
1153 3512 1339 3557 differen-

337 3579 422 3612 tem
438 3570 695 3613 libentiffime
719 3571 1018 3619 audiverimus,
1049 3572 1231 3614 volumus
1247 3601 1260 3623 ,
1284 3574 1342 3614 I'e

333 3628 618 3671 benedictione
647 3628 778 3672 nostra
803 3639 1002 3673 armatum
1028 3631 1077 3671 ad
1112 3645 1156 3672 ea
1182 3631 1340 3674 castra...

336 3688 471 3730 redire
489 3716 502 3739 ‚
529 3690 566 3729 in
582 3689 722 3743 quibus
739 3703 916 3744 pugnans
929 3688 1122 3732 adversus
1137 3691 1342 3744 Principes

334 3750 593 3789 tenebrarum
625 3748 829 3790 extollere
858 3759 973 3802 potes
998 3750 1220 3804 trophaeum
1235 3754 1340 3792 Cru-

333 3806 392 3849 cis
407 3805 556 3852 Christi
571 3834 582 3847 .
615 3806 793 3852 Proinde
807 3808 976 3864 Angelis
989 3809 1311 3854 custodientibus
1323 3835 1338 3859 2

1156 192 1704 280 Provincia

1435 328 1476 371 δι
1501 324 1788 366 comitantibus
1824 323 2045 370 virtutibus
2069 330 2319 391 {affigi-'edere
2352 338 2448 383 Mis.

1434 387 1626 428 fionarius
1646 383 1896 439 Apostolicus
1910 387 1949 428 in
1966 389 2212 446 Bohemiam,
2227 396 2266 437 δι
2278 399 2452 442 Germa-

1432 447 1536 487 niam
1553 444 1813 497 superimem,
1830 445 1875 486 iis
1891 446 2118 502 privilegiis
2141 454 2314 498 munitus
2335 472 2449 514 ‚quae

1431 504 1546 547 sacrae
1560 504 1902 558 Congrcgationis
1918 504 2152 558 Diplomate
2172 507 2444 558 declarantur.

1438 563 1592 606 Scimus
1614 563 1756 605 alienis
1796 562 2144 608 admonitionibus
2171 582 2259 611 non·
2283 585 2447 630 egere...

1434 622 1679 681 perspectam
1695 621 1938 666 charitatem
1957 634 2096 676 tuam,
2128 626 2169 667 in
2190 622 2301 683 cujus
2317 632 2447 676 medi-

1438 682 1592 725 tatione
1607 680 1832 724 exardescit
1849 683 1947 736 ignis
1969 683 2103 725 Divini
2128 687 2302 738 amoris,
2331 691 2443 746 cujus

1435 751 1584 783 conatu
1624 742 1815 796 progigni
1842 740 1946 783 solet
1978 739 2168 786 foelicitas
2198 746 2443 794 animarum.

1433 799 1648 843 Voluiinus
1666 811 1803 843 tamen
1820 802 1880 842 Te
1896 800 2215 857 Apostolicarum
2234 804 2445 852 literarum

1431 872 1534 901 voce
1567 869 1741 901 nontam
1768 862 1951 911 moneri,
1977 863 2096 916 quam
2117 862 2337 915 decorari,
2369 874 2445 920 ut,

1425 917 1494 973 qui
1522 920 1636 960 bonae
1669 918 1917 961 conscientiae
1958 920 2123 962 theatro
2153 951 2167 972 ‚
2199 923 2239 963 δε
2269 923 2444 967 videntis

1425 977 1503 1018 Dei
1519 975 1669 1031 judicio
1683 977 2100 1028 contentus‚insanias
2117 978 2230 1023 salsas
2243 982 2445 1025 ambitiofi

1426 1034 1544 1078 fastus
1558 1035 1812 1091 posthabuisti
1826 1037 2014 1079 doctrina:
2030 1038 2227 1081 Crucifixi
2247 1042 2440 1093 Domini,

1425 1094 1860 1150 consolarialiquando
1885 1095 2002 1151 poffis
2026 1095 2184 1140 labores
2200 1106 2293 1141 tuos
2312 1126 2327 1149 ,
2353 1109 2443 1143 tum
2475 1130 2485 1145 ι,

1422 1152 1727 1196 difficultatibus
1742 1183 1755 1204 ,
1772 1165 1858 1196 tum
1875 1155 2080 1197 laboribus
2093 1168 2365 1212 oppugnatos,
2382 1159 2446 1202 lu-

1425 1211 1590 1254 culenta
1607 1213 1681 1254 hac
1694 1212 1914 1254 Pontificiae
1932 1214 2223 1258 benevolentia:
2250 1216 2440 1260 testifica—

1427 1272 1561 1313 tione.
1592 1270 1809 1314 Custodiat
1826 1273 1885 1313 Te
1901 1273 2102 1314 Dominus
2119 1275 2157 1315 in
2174 1276 2356 1318 omnibus
2369 1276 2443 1318 viis

1426 1330 1503 1371 tuis
1519 1359 1528 1371 .
1560 1333 1647 1371 Nos
1659 1329 1769 1371 certe
1784 1344 1875 1372 eum
1903 1331 2108 1373 orabimus
2124 1361 2138 1383 ‚
2171 1345 2215 1374 ut
2232 1334 2272 1375 in
2287 1334 2438 1377 semitis

1426 1403 1505 1430 non
1532 1388 1658 1432 solum
1678 1389 1831 1431 Divinae
1857 1389 1985 1445 legis,
2016 1389 2084 1431 sed
2111 1391 2231 1433 etiam
2245 1393 2445 1436 Christia-

1424 1461 1481 1489 nae
1496 1446 1721 1489 foelicitatis
1736 1448 1894 1505 pulchri
1923 1449 1995 1492 sint
2010 1449 2137 1504 pedes
2153 1452 2443 1504 evangelizan-

1426 1505 1526 1550 tium
1541 1520 1680 1560 pacem
1698 1535 1710 1546 .

1483 1567 1637 1607 Datum
1669 1566 1805 1607 Romae
1829 1566 1933 1621 apud
1962 1570 2150 1610 sanctum
2180 1571 2348 1612 Petrum
2366 1568 2437 1611 sub

1420 1623 1588 1666 Annulo
1603 1622 1816 1666 piscatoris
1845 1626 1914 1667 die
1949 1638 2015 1666 vi.
2046 1627 2199 1681 Aprilis
2230 1641 2437 1672 Mncxxix.

1419 1679 1686 1725 Pontificatus
1702 1682 1837 1726 Nostri
1851 1687 1973 1728 Anno
1986 1682 2100 1727 sexto
2116 1714 2130 1727 .

1757 1801 1932 1855 Joannes
1950 1800 2187 1857 Ciampolus
2202 1804 2315 1846 Secr.

1476 1921 1620 1972 Autog.
1637 1919 1679 1958 in
1693 1920 1831 1959 snm-t.
1855 1921 1969 1960 Brev.
1992 1918 2041 1961 ad
2058 1920 2194 1963 Princ.
2215 1932 2300 1975 reg·
2315 1918 2434 1976 mens:

1531 1976 1579 2023 &J
1592 1976 1687 2018 anni
1703 1977 1832 2031 praed.
1847 1976 1929 2034 fol.
1947 1980 2018 2022 28.

1410 2213 1622 2266 Eundem
1651 2219 1727 2264 Fr.
1748 2215 2077 2274 Valerianum,
2115 2213 2141 2263 έὶ
2169 2218 2298 2263 Duce
2327 2215 2432 2263 Me-

1476 2282 1713 2355 chelburgi
1741 2288 1937 2333 Romam
1954 2285 2218 2354 ablegatum
2237 2319 2253 2343 ,
2267 2300 2354 2333 ceu
2369 2279 2432 2332 fa-

1482 2355 1685 2405 cundum
1710 2356 1967 2405 litterarum
2001 2359 2302 2422 Interpretem
2322 2389 2338 2411 ,
2376 2352 2428 2405 ὅ(

1484 2426 1675 2544 dignum
1706 2425 1931 2475 commiffi
1948 2427 2122 2493 negotii
2143 2430 2424 2476 Curatorem

1482 2500 1505 2545 a
1556 2515 1578 2545 e
1605 2497 1813 2546 auditum
1834 2493 1947 2554 effe,
1987 2496 2149 2546 Eidem
2169 2497 2424 2556 Ducinun3

1485 2580 1599 2616 tiat.

1465 2685 1503 2727 A
1520 2693 1656 2741 tergo:
1691 2686 1844 2729 Dileb‘t'o
1860 2686 2119 2737 Filtomobt'lt·
2139 2686 2243 2736 Viro,
2259 2685 2364 2727 Duce·

1764 2746 2039 2800 Machelburgi
2051 2773 2063 2786 .

1442 2864 1858 2918 URBANUS
1945 2865 2153 2914 PAPA
2231 2864 2383 2914 VIII.

1502 2981 1657 3026 nili-Ele
1690 2980 1776 3025 Fili
1795 3008 1809 3030 ‚
1841 2979 1998 3025 Nobilis
2027 2983 2090 3024 Vir
2105 2980 2332 3036 ,sblutcm,
2408 3020 2420 3028 ,

1583 3040 1631 3088 &¹
1647 3039 1905 3095 Apostolicam
1919 3038 2241 3081 Benedtffioncm.

1540 3159 1617 3200 Ota
1636 3155 1846 3200 &consilia
1862 3157 2100 3200 Nobilitatis
2118 3164 2193 3200 tuae
2207 3155 2303 3198 dum
2319 3169 2418 3212 pro·

1553 3229 1701 3272 pagare
1713 3229 1913 3259 conantur
1934 3217 2163 3271 Religionis
2182 3216 2415 3272 Imperium,

1404 3275 1524 3329 digna
1552 3279 1668 3324 sunt,
1702 3289 1784 3330 quae
1809 3278 2060 3331 triumphent
2079 3276 2119 3317 in
2146 3272 2328 3316 conciliis
2354 3271 2415 3329 ju*

1404 3335 1550 3377 storum
1578 3364 1591 3385 ,
1635 3335 1674 3375 δι
1701 3346 1909 3378 armentur
1942 3335 2170 3390 patrocinio
2197 3332 2412 3374 Bellatoris

1402 3395 1706 3450 Omnipotentis
1731 3421 1741 3432 .
1775 3396 1956 3436 Dextera
1993 3393 2156 3435 Domini
2182 3390 2300 3434 faciat
2328 3392 2413 3433 vir-

1403 3463 1532 3496 tutem
1552 3454 1590 3495 in
1613 3453 1784 3495 dextera
1801 3453 2038 3495 Nobilitatis
2056 3462 2129 3493 tuae
2142 3480 2157 3501 ,
2174 3464 2241 3504 per
2253 3464 2410 3506 quam

1402 3512 1570 3555 fulmina
1596 3512 1750 3553 Divinae
1777 3511 1943 3554 ultionis
1971 3511 2008 3552 in
2034 3508 2241 3565 perfidiam
2270 3509 2415 3564 impio·

1403 3586 1498 3614 rum
1514 3569 1689 3613 Ecclesia
1713 3569 1860 3624 gaudet
1876 3569 2138 3625 contorqueri
2154 3597 2165 3608 .
2201 3571 2285 3610 Nos
2303 3567 2416 3610 cert‘e

1403 3629 1678 3674 benedicimus
1697 3628 1817 3679 Tibi,
1833 3630 2043 3683 cupientes
2069 3638 2182 3669 tanto
2199 3627 2303 3669 Duci
2320 3640 2414 3683 gra·

1404 3689 1523 3733 tulari
1540 3687 1753 3737 victorias,
1783 3688 1925 3743 quibus
1952 3689 2100 3730 haerefis
2115 3698 2346 3729 exarmetur
2373 3686 2414 3727 &

1400 3749 1651 3792 deterreatur
1668 3747 1872 3788 Barbaries
1887 3777 1897 3788 .
1915 3747 2155 3802 Accepimus
2173 3746 2309 3788 literas
2323 3755 2415 3787 tan-s

1399 3810 1430 3853 ti
1459 3807 1618 3865 negotii
1641 3804 2135 3860 indices,&1ibentiffim?=
2158 3804 2413 3870 audivimus,

2293 3876 2360 3920 qui
