2658 4256
421 247 586 356 138
862 250 869 255 ”
1130 241 1695 354 Provincia

354 391 600 437 morumque
616 377 838 434 prestantia
853 404 868 430 ,
898 377 976 435 qui
990 376 1121 420 eidem
1139 379 1365 436 Religiosus
1427 375 1643 420 Piscatoris
1657 375 1724 419 die
1744 389 1782 418 x·
1804 374 1942 420 Martii
1962 389 2150 423 »ωε-ενι.
2175 382 2439 430 pontificatus

356 441 434 483 Vir
468 437 507 482 se
549 436 663 483 tanti
692 439 1055 486 commendatione
1093 438 1261 495 dignum
1290 453 1365 493 per
1425 436 1702 481 NostriAnno
1717 444 1866 493 quarto
1885 462 1897 477 .

349 499 490 542 omnia
508 497 718 553 perhibuit
731 526 745 540 .
778 498 882 540 ‘rum
906 498 1004 540 vero
1016 498 1221 540 cumulate
1239 499 1366 539 Nobis

351 557 595 602 satisfactum
616 555 701 608 est,
730 570 825 600 cum
847 555 887 600 id
915 570 1036 598 omne
1066 568 1226 612 gratum
1255 554 1366 599 fuisse
1571 550 1729 610 Ulyffes
1749 550 1896 609 Joseph
1921 552 2251 612 Archiepiscopus
2265 561 2376 603 Goz-

350 620 584 672 accepimus
603 614 822 660 Nobilitati
838 626 914 658 tuae
927 644 941 667 ‚
972 616 1034 657 cui
1057 630 1147 659 cum
1165 618 1367 659 bonorum
1654 615 1820 658 zadinus
1836 641 1852 664 ,
1877 615 2039 655 Secret-

350 677 534 719 omnium
549 675 729 731 auspicio
748 675 1018 730 Apostolicam
1030 675 1365 719 Benedictionem

347 745 610 792 paramenter
623 734 876 791 impertimur
890 761 902 774 .
1489 736 1636 787 Autog.
1665 734 1707 773 in
1725 734 1865 773 secret.
1882 735 1998 774 Brcv.
2010 730 2058 772 ad
2075 729 2281 787 Principes
2297 732 2437 792 regesto

412 796 565 838 Datum
580 795 721 837 Roma:
745 793 850 850 apud
866 795 911 836 S.
929 794 1097 837 Petrum
1114 792 1185 836 sub
1198 793 1368 838 Annulo
1544 791 1662 849 mcnfl
1679 791 1727 841 ὅ
1739 790 1836 834 anni
1854 788 2147 847 ῥητά-βιῳ.

1115 972 1716 1059 NOTA.-

345 1172 591 1264 PRaeconio
616 1173 804 1211 Pontificio
817 1195 830 1215 ‚
856 1184 915 1218 per
935 1172 1162 1220 praecedentes
1179 1172 1401 1217 Apostolicas
1412 1175 1558 1211 Litteras
1587 1173 1631 1210 de
1646 1169 1775 1207 metitis
1802 1171 1856 1206 Fr.
1869 1171 2050 1207 Gabrielis
2075 1172 2231 1210 laconice
2255 1172 2407 1210 deducto
2421 1197 2436 1217 ‚

448 1225 587 1263 uberior
610 1223 768 1270 jungitur
793 1220 930 1256 virtutis
953 1221 1100 1263 relatio,
1123 1231 1160 1256 ut
1174 1220 1290 1265 Viro,
1314 1223 1375 1269 qui
1389 1224 1475 1258 inter
1501 1234 1564 1259 nos
1575 1219 1763 1258 ambulavit
1788 1230 1865 1254 cum
1890 1219 2044 1262 decore,
2070 1232 2141 1257 non
2169 1222 2438 1259 deiithonoratae

350 1273 523 1309 memoriae
542 1271 730 1307 tributum.
763 1272 964 1307 Procreavus
978 1269 1036 1304 ille
1055 1269 1090 1305 in
1103 1270 1313 1316 Augustanis
1329 1270 1495 1308 clausuris
1508 1295 1520 1315 ,
1544 1281 1629 1319 quas
1645 1270 1772 1312 vulgus
1787 1265 1911 1315 Clusen
1940 1267 2094 1311 vocitat,
2119 1271 2139 1305 ἢ
2156 1271 2362 1311 Parentibus*
2372 1273 2440 1315 1¹9·

345 1321 447 1357 uestis
457 1344 471 1364 ,
502 1320 661 1356 videlicet
678 1322 779 1356 Petro
797 1316 993 1359 Pondfcstr,
1006 1318 1040 1354 8<
1056 1325 1153 1354 Anna
1168 1319 1279 1356 Maria
1299 1320 1514 1362 Marellin,in
1529 1322 1632 1366 Aqua
1647 1316 1914 1361 regenerationis
1936 1326 2062 1352 nomen
2078 1317 2262 1354 Christiani
2278 1320 2408 1365 accepit
2421 1343 2435 1364 ,

342 1374 377 1405 ὅ(
393 1369 691 1414 ingenium‚quod
705 1377 827 1405 natura
841 1366 874 1401 ei
888 1365 1026 1403 indulfit
1043 1367 1283 1408 felicissimurn‚
1298 1369 1415 1405 studiis
1438 1370 1472 1405 in
1482 1370 1670 1418 juventute
1685 1366 1742 1400 sua
1756 1365 1804 1400 ita
1816 1363 1991 1408 excoluit,
2008 1375 2043 1401 ut
2065 1365 2301 1411 Magisterium
2319 1368 2436 1404 Philo-

343 1417 472 1464 sopbiae
485 1427 672 1453 mereretur
689 1428 701 1457 ;
730 1415 848 1452 limina
864 1424 981 1451 autem
995 1415 1084 1463 juris
1097 1417 1268 1452 Canonici
1281 1417 1448 1461 ingress'us
1462 1442 1475 1461 ,
1488 1421 1530 1455 de
1546 1416 1731 1454 vocatione
1751 1415 1807 1449 sua
1823 1413 1922 1450 Serio
1941 1414 2110 1459 cogitavit
2126 1439 2138 1458 ,
2164 1418 2196 1450 &
2213 1417 2360 1463 expleto
2375 1427 2435 1454 21·

338 1466 448 1502 aetatis
473 1476 565 1501 anno
594 1466 763 1502 strenuum
789 1464 823 1499 in
845 1463 957 1499 nostra
974 1465 1162 1509 Religione
1186 1465 1475 1503 commilitonem
1492 1465 1602 1503 induit
1617 1490 1627 1501 .
1656 1463 1779 1501 Primis
1794 1463 1939 1500 Ordinis
1955 1466 2053 1500 annis
2074 1463 2291 1501 laudabiliter
2309 1465 2433 1511 transa-

341 1515 407 1551 etis
425 1538 438 1558 ,
460 1513 642 1560 studiisque
658 1511 849 1549 honorifice
863 1514 1011 1559 expletis
1028 1539 1039 1556 ,
1066 1512 1197 1557 egregii
1210 1512 1482 1551 Concionatoris
1497 1539 1506 1553 ,
1529 1527 1568 1551 ac
1585 1513 1734 1562 preclari
1748 1511 2027 1548 Controvetlistae
2041 1511 2160 1548 famam
2188 1513 2336 1561 adeptus
2357 1514 2405 1551 est
2419 1538 2434 1559 ,

343 1565 395 1600 ita
411 1588 423 1604 ‚
446 1572 484 1598 ut
497 1564 516 1598 it
529 1562 749 1599 Sereniffimo
766 1561 924 1598 Elei-'iore
940 1561 1099 1598 Palatino
1119 1562 1388 1608 Heidelbergam
1414 1563 1516 1600 fuerit
1538 1573 1683 1599 vocatus
1698 1586 1710 1605 ,
1737 1561 1797 1597 ubi
1821 1561 1902 1597 zelo
1921 1561 2172 1606 p.aedicationis
2188 1589 2194 1600 ‚
2222 1563 2256 1599 &
2273 1562 2434 1608 Religio-

339 1614 383 1649 fae
410 1610 677 1647 conversationis
703 1612 866 1657 exemplo
889 1611 1078 1656 plurimos,
1099 1610 1258 1649 doctrina
1273 1613 1307 1649 8<
1322 1611 1486 1658 sanguine
1513 1614 1706 1659 praeliantes
1725 1637 1732 1648 ,
1757 1609 1802 1645 ad
1828 1608 2036 1653 agnitionem
2062 1609 2216 1647 veritatis
2239 1612 2432 1648 Catholicae

338 1660 516 1703 deduxit,
542 1659 660 1697 Fidem
688 1658 866 1707 plusquam
893 1660 1044 1695 centenis
1071 1659 1167 1696 annis
1199 1661 1378 1709 expulsam
1410 1687 1418 1699 ‚
1457 1662 1585 1699 restitui
1624 1658 1759 1708 adjuvit
1785 1682 1796 1701 ‚
1837 1669 1874 1693 ac
1900 1657 2027 1702 septem
2057 1658 2213 1704 Hospitia
2240 1660 2296 1695 seu
2321 1661 2434 1698 Fami·

339 1710 406 1747 lias
420 1732 432 1753 ‚
460 1718 498 1745 ut
517 1707 774 1744 neo-Converti
791 1709 1044 1753 Operatiorum
1058 1707 1205 1744 subfidio
1231 1709 1265 1745 in
1282 1721 1416 1755 recepta
1433 1711 1522 1747 Fide
1541 1711 1648 1755 magis
1662 1708 1939 1745 confortarentur
1953 1732 1963 1749 ‚
1990 1708 2137 1743 dextero
2151 1706 2212 1742 suo
2226 1708 2308 1744 zelo
2324 1709 2438 1746 intro·

337 1759 420 1796 duci
433 1757 569 1794 cutavit
583 1781 593 1792 .
619 1758 762 1804 Septem
780 1755 879 1792 annis
903 1756 936 1790 in
954 1756 1110 1793 Palatina
1128 1759 1217 1793 Aula
1231 1759 1453 1795 Sereniliimae
1470 1759 1675 1801 EleQriciS,
1700 1758 1735 1792 8<
1751 1755 1917 1799 Principia
1936 1755 2094 1792 Friderici
2112 1755 2349 1795 Confeffatius
2363 1759 2434 1796 Ot-

339 1807 495 1844 dlnnrius
510 1833 520 1848 ‚
546 1806 580 1841 8(
594 1806 744 1840 aliorum
765 1804 957 1850 Principum
974 1829 986 1848 ,
1011 1818 1049 1842 ac
1067 1806 1341 1851 Principiffarum
1364 1808 1658 1845 extraordinarius
1680 1831 1689 1847 ‚
1714 1816 1836 1840 munus
1853 1806 1918 1838 hoc
1931 1803 2109 1839 communi
2140 1806 2238 1842 laude
2256 1807 2431 1854 explevit.

337 1857 439 1904 Saepe
461 1855 505 1890 nb
522 1854 688 1890 Eleatice
705 1852 911 1900 requifirus,
938 1855 1072 1890 tandem
1093 1855 1223 1902 abipsa
1244 1859 1318 1898 eius
1337 1856 1422 1893 Pilia
1439 1880 1449 1896 ‚
1477 1856 1611 1901 Regina
1632 1853 1816 1891 Catholica
1840 1851 1876 1886 in
1903 1852 2100 1895 Hispaniam
2126 1852 2257 1891 ascitus
2274 1878 2287 1899 ,
2311 1855 2355 1892 ab
2369 1857 2430 1893 hac

334 1905 371 1942 in
382 1903 598 1942 conscientia
615 1904 679 1941 suae
698 1903 882 1943 arbitrum,
906 1903 1203 1950 Elemosynarium
1224 1904 1393 1952 Majorem
1407 1930 1419 1949 ,
1435 1907 1468 1942 8<
1482 1906 1715 1950 Capellanum
1746 1900 1895 1946 Regium
1926 1902 1988 1938 fuit
2004 1900 2133 1938 eleetos
2147 1927 2158 1938 .
2188 1903 2428 1951 Qntumvis

333 1966 398 2000 per
413 1954 529 1990 decem
548 1963 716 1988 annorum
745 1950 887 1997 spatium
912 1951 946 1986 in
962 1952 1072 1987 totius
1093 1951 1186 1997 quali
1202 1954 1414 1990 Monarchiae
1433 1954 1603 1999 gubernio
1622 1958 1755 2000 partem
1777 1950 1934 1986 habuerit
1948 1975 1959 1991 ‚
1987 1951 2123 1986 oblatos
2137 1960 2246 1988 tamen
2268 1952 2428 1994 honores,

332 2002 509 2050 speciatim
533 2000 744 2048 lnquilitoris
765 2000 972 2043 Generalis,
1000 2001 1320 2047 Archiepiscoparfis
1349 2001 1602 2045 Valentinum,
1630 2003 1665 2038 8<
1690 2001 1770 2036 bina
1799 1998 1875 2035 vice
1890 2000 2138 2036 Cardinalatsts
2164 2000 2352 2038 constanter
2376 2015 2433 2040 te-

336 2051 500 2088 cusavit:
526 2062 567 2086 ne
580 2049 680 2086 etiam
705 2051 723 2086 ἢ
740 2049 928 2094 Religione
953 2049 997 2085 ad
1014 2049 1209 2086 Praelaturas
1225 2052 1311 2087 ullas
1339 2062 1601 2096 promoveretur
1617 2075 1630 2094 ‚
1654 2048 1884 2094 exemptionis
1912 2049 2081 2085 indultum
2108 2050 2167 2085 abs
2198 2050 2428 2093 Apostolica...

340 2101 434 2138 Sede
448 2098 600 2134 obtinuit
614 2096 838 2142 ‚humilisuae
857 2097 1056 2135 vocationis
1080 2099 1164 2135 statu
1181 2102 1227 2134 ita
1241 2109 1421 2137 contentus
1437 2124 1449 2143 ,
1476 2111 1515 2135 ut
1542 2100 1584 2135 ad
1600 2099 1799 2143 exemplum
1818 2098 1862 2132 D.
1881 2098 2026 2143 Ephrem
2043 2097 2138 2144 Syri,
2155 2099 2174 2132 a
2189 2099 2225 2133 S.
2242 2098 2427 2144 Gregorio

338 2147 502 2197 Nyss'eno
517 2148 825 2189 commendatum,
850 2147 893 2182 ab
915 2148 1006 2182 omni
1033 2159 1126 2182 vana
1142 2173 1154 2192 ,
1181 2157 1285 2196 atque
1307 2149 1483 2185 mundana
1509 2149 1696 2185 abhorrens
1716 2143 1857 2194 gloria,
1884 2157 1960 2182 cum
1988 2147 2026 2180 in
2056 2145 2253 2183 hac-adhuc
2276 2149 2434 2197 peregri-

343 2205 494 2234 naretur
517 2196 595 2231 vita
609 2218 622 2239 ,
637 2195 670 2244 fi
689 2197 711 2231 ci
733 2195 891 2243 quopiam
908 2196 948 2244 se
963 2195 1103 2232 laudari·
1128 2196 1452 2235 animadvertebat.
1485 2209 1574 2245 aegro
1597 2200 1710 2233 animo
1734 2194 1873 2242 ferens,
1898 2195 2072 2242 aliumque
2095 2193 2182 2230 alios
2212 2194 2359 2233 colorem*
2374 2209 2434 2234 ca·

336 2247 470 2330 fiens,
494 2252 597 2291 atque
621 2244 731 2282 oculor
748 2245 786 2279 in
800 2253 931 2281 terram
954 2244 1162 2291 demittens,
1193 2246 1292 2284 tenui
1318 2258 1357 2282 ac
1373 2245 1503 2296 subtili
1529 2246 1680 2283 maderet
1696 2243 1825 2294 sudore
1839 2268 1852 2288 ‚
1876 2242 2011 2293 altoque
2025 2243 2161 2294 stlentio
2178 2266 2190 2287 ‚
2217 2246 2430 2284 verecundia

351 2296 492 2343 inguam
508 2293 737 2342 praepediente
759 2295 995 2342 corriperetur
1014 2319 1026 2331 .

432 2342 569 2379 Domus
593 2341 660 2378 Dei
683 2347 715 2379 8(
732 2342 869 2381 decoris
885 2343 981 2379 illius
997 2343 1212 2390 particularis
1228 2355 1380 2386 amator,
1396 2346 1556 2393 plurimas
1574 2343 1751 2380 Sacristias
1766 2341 1890 2379 casulis
1901 2365 1914 2385 ,
1930 2342 2047 2385 ,Albis
2060 2365 2070 2384 ‚
2084 2340 2251 2380 calicibus
2266 2366 2280 2387 ,
2311 2342 2426 2385 varist-

338 2405 409 2440 que
436 2392 538 2428 Sacra
563 2391 781 2436 Supellectile
806 2392 1017 2435 adornavit,
1043 2395 1209 2438 opulenta
1230 2406 1374 2430 munera
1391 2419 1404 2439 ,
1430 2395 1664 2441 pinguemque
1682 2391 1914 2438 elemosynam
1945 2390 2175 2426 sustentationi
2198 2390 2263 2428 suae
2290 2392 2429 2437 affigna·

332 2453 404 2478 tam
434 2439 529 2483 regia
544 2438 679 2476 licentia
701 2442 737 2477 8(
752 2441 914 2480 consensu
941 2444 975 2478 in
991 2441 1185 2485 hujusmodi
1209 2442 1280 2489 pias
1299 2443 1439 2486 causas,
1465 2445 1500 2481 8<
1526 2442 1591 2479 alia
1617 2440 1792 2478 charitatis
1816 2438 1957 2475 sublidia
1988 2439 2193 2475 distribuens
2209 2463 2220 2475 .
2247 2440 2430 2478 (Σαίὶίηιίε

331 2502 407 2530 non
431 2488 542 2524 minus
566 2487 733 2524 sollicitus
752 2499 822 2524 etat
843 2490 997 2534 Custos,
1021 2492 1110 2526 adeo
1125 2501 1372 2539 ‚utnunquam
1398 2493 1521 2529 adduci
1545 2491 1723 2539 potuerit,
1748 2500 1783 2525 ut
1811 2488 1853 2524 ad
1875 2499 2008 2535 portam
2040 2500 2118 2524 cum
2140 2487 2274 2525 foemina
2290 2514 2302 2533 ‚
2326 2489 2428 2526 etiam

331 2534 539 2582 Principiffa
565 2537 622 2572 vel
638 2537 780 2574 Ducissa
806 2538 1028 2585 loqueretur,
1050 2550 1116 2574 non
1141 2539 1206 2576 fine
1229 2552 1350 2585 magna
1378 2542 1588 2578 saecularium
1607 2538 1700 2586 aeque
1730 2552 1769 2577 ac
1795 2539 1950 2574 Fratrum
1975 2536 2203 2581 nidificatione
2221 2563 2230 2571 .
2256 2537 2424 2575 Orationi

331 2589 370 2625 8(
387 2585 603 2623 meditationi
624 2585 819 2629 continuo,
846 2588 964 2633 quoad
988 2587 1089 2624 licuit
1114 2614 1124 2630 ‚
1153 2588 1332 2634 incubuit,
1359 2590 1525 2627 exercitia
1549 2588 1750 2637 Spiritualia
1774 2599 1833 2633 per
1853 2586 2039 2623 duodecim
2065 2586 2138 2622 dies
2166 2585 2306 2631 lingulis
2328 2587 2429 2624 annis

328 2638 383 2674 bis
409 2634 544 2683 peregit
568 2658 580 2676 ‚
603 2633 638 2670 8<
675 2634 787 2671 Missa:
813 2635 1027 2672 Sacrificium
1049 2662 1062 2681 ,
1087 2648 1323 2684 quantumque
1355 2639 1460 2675 etiam
1471 2649 1659 2686 occupatus
1680 2648 1738 2673 aut
1762 2635 1967 2681 defatigatus
1985 2660 1996 2679 ‚
2021 2647 2192 2681 nunquam
2224 2636 2426 2672 intermisit.

331 2683 584 2731 Temperantia·
608 2693 679 2718 erat
696 2684 932 2727 amiciflimus‚
962 2685 1039 2722 licet
1060 2687 1151 2722 enim
1174 2688 1218 2723 ab
1237 2690 1326 2725 Aula
1343 2712 1355 2732 ,
1380 2689 1501 2725 &aliis
1517 2687 1646 2725 Amicis
1669 2687 1814 2723 delicata
1837 2685 1993 2731 quotidie
2016 2683 2141 2720 cibaria
2164 2684 2214 2721 illi
2242 2685 2426 2721 mitteren-

328 2745 384 2772 tut·
403 2758 416 2779 ,
441 2735 484 2768 ab
505 2731 547 2767 iis
561 2742 675 2767 tamen
700 2733 864 2768 abstinuit
882 2760 892 2776 ‚
918 2735 953 2770 8(
983 2735 1100 2770 eadem
1115 2736 1256 2781 aegrotis
1293 2749 1332 2775 ac
1358 2736 1453 2774 senio
1465 2736 1631 2774 confcffis
1650 2734 1825 2772 Fratribus
1847 2734 1945 2771 illico
1962 2733 2144 2779 dispensari
2166 2732 2308 2779 rogavit
2323 2757 2333 2766 .

428 2779 600 2825 Hffss’ffliae
617 2783 790 2824 M³g¹²³1es
803 2805 814 2824 2
842 2782 898 2817 seu
926 2783 1087 2820 Grandffl'
1102 2809 1114 2828 2
1141 2793 1179 2819 ut
1198 2797 1330 2821 V0<3²nt
1346 2811 1357 2829 ‚
1384 2787 1587 2825 Gabrielem
1612 2785 1791 2823 Grandem
1818 2783 1882 2819 Dei
1909 2783 2060 2818 Servum
2077 2805 2089 2824 ‚
2110 2781 2143 2816 8<
2159 2781 2331 2826 Magnum
2346 2780 2429 2817 Fr:-

330 2843 421 2870 trem
439 2830 614 2865 Minorem
637 2829 813 2874 appellare
837 2830 1112 2874 consueverant,
1141 2834 1185 2869 εὸ
1210 2835 1305 2882 quod
1321 2835 1405 2872 inter
1433 2847 1488 2871 tot
1504 2834 1603 2872 Aulae
1632 2834 1805 2880 pericula,
1831 2832 1866 2868 8(
1890 2830 2110 2866 occafionum
2135 2830 2239 2866 illicia
2255 2841 2326 2864 non
2354 2839 2427 2866 ten-

332 2883 408 2918 tiam
431 2875 618 2914 abillicitis
643 2875 702 2911 libi
730 2885 963 2924 temperaret,
992 2879 1046 2916 sed
1070 2881 1103 2918 8<
1133 2894 1176 2918 ex
1193 2885 1284 2918 malo
1298 2884 1427 2920 bonum
1449 2885 1572 2922 elicere
1597 2883 1738 2919 noverit
1762 2892 1838 2916 raro
1865 2879 1930 2914 suae
1957 2879 2097 2913 virtutis
2116 2879 2278 2925 exemplo
2294 2903 2303 2919 ‚
2328 2877 2430 2916 &fe-

331 2930 392 2968 lici
411 2926 617 2964 Aulicotum
631 2925 825 2969 magisterio
840 2955 848 2963 .
876 2927 995 2964 Vitam
1011 2930 1216 2967 laudabilem
1228 2943 1319 2968 mors
1336 2933 1392 2980 pia
1408 2933 1521 2969 secuta
1534 2933 1582 2968 est
1602 2955 1615 2974 ,
1640 2928 1833 2974 libimetipfi
1848 2927 2011 2974 praedifta
2024 2918 2313 2977 §quamprimum
2337 2927 2429 2965 enim

335 2989 467 3016 novum
486 2974 734 3010 Monasterium
753 2975 950 3013 Clufinenl'e
979 2977 1022 3013 de
1053 2978 1157 3024 longe
1174 2980 1331 3024 aspexit,
1358 2983 1427 3018 haec
1450 2984 1493 3017 ad
1525 2982 1659 3021 Patrem
1683 2978 1826 3016 Socium
1851 2977 1954 3012 verba
1979 2975 2149 3022 protulit:
2176 2976 2261 3012 Haec
2292 2977 2428 3022 requt'er

337 3039 410 3066 mea
424 3051 437 3068 ‚
462 3025 518 3060 hic
546 3022 707 3060 habitabo
727 3050 736 3062 ,
771 3027 932 3072 quoniam
958 3025 1045 3075 elegi
1071 3039 1145 3064 eam
1162 3054 1172 3064 .
1198 3032 1318 3066 Omen
1342 3031 1538 3076 complevit
1553 3039 1726 3071 eventus,
1751 3039 1827 3063 nam
1847 3025 1943 3061 sexto
1959 3023 2161 3061 Decembris
2182 3023 2280 3070 1706.
2301 3023 2426 3062 affefiu

339 3072 583 3121 hemipleffico
606 3072 673 3108 fuit
697 3073 869 3118 obrutus,
895 3076 976 3120 cui,
1002 3078 1083 3113 dum
1099 3077 1205 3115 febris
1229 3089 1331 3115 acuta
1345 3079 1475 3115 acceffit
1491 3103 1504 3123 ‚
1527 3076 1739 3116 duodecimo
1767 3075 1917 3123 ejusdem
1941 3072 2060 3110 mensis
2078 3072 2166 3109 circa
2179 3072 2299 3108 horam
2322 3072 2427 3119 septi·-

334 3137 425 3163 mam
441 3150 450 3159 .
477 3121 669 3159 Serotinam
685 3147 697 3166 ,
726 3122 783 3156 sibi
802 3124 845 3159 ad
868 3135 1058 3162 extremum
1082 3139 1190 3175 usque
1206 3128 1352 3164 halitum
1380 3127 1547 3175 praesens,
1572 3126 1682 3164 oculis
1706 3126 1741 3161 in
1756 3121 1925 3160 Crucifixi
1940 3122 2124 3166 imaginem
2141 3120 2293 3156 intentus
2306 3145 2319 3165 ,
2337 3123 2426 3158 inter

333 3175 463 3212 devota
488 3169 634 3217 suspiria
649 3197 660 3211 ,
685 3172 718 3207 8(
734 3172 889 3208 fratrum
916 3175 1120 3212 adstantium
1145 3178 1274 3218 luctum
1300 3177 1447 3214 animam
1470 3178 1533 3214 suo
1559 3174 1709 3213 reddidit
1722 3171 1895 3216 Creatori,
1912 3182 2002 3208 anno
2016 3169 2124 3208 aetatis
2154 3168 2296 3218 phyficae
2322 3170 2426 3218 quin-

338 3220 538 3272 quagesimo
551 3230 678 3268 quarto
693 3244 705 3265 ,
731 3219 766 3258 8(
791 3223 988 3267 Religionis
1004 3224 1178 3273 trigelimo
1196 3237 1323 3276 quarto
1341 3255 1350 3266 .

433 3378 489 3417 EX
519 3374 720 3416 PYOWCOHO
739 3378 965 3426 Pr⁰v3n05ae2
992 3382 1036 3424 ἐν
1052 3383 1301 3434 manuscriptis
1326 3384 1485 3423 Archivi
1507 3380 1692 3423 Generalis
1713 3378 1889 3420 Ordinis·

2273 3907 2370 3949 DE-
