2658 4256
415 196 527 258 20
1113 167 1730 254 Monumentu

357 313 431 347 'cum
446 305 514 346 Vos
532 315 594 356 pro
616 302 783 354 perspecta
797 300 906 351 vestra
929 299 1022 347 apud
1044 297 1242 345 universum
1257 297 1427 334 Ordinem
1449 297 1593 345 vestrum
1611 295 1798 330 validitate
1814 290 1998 342 plurimun}
2010 297 2111 334 eriam
2128 298 2282 346 conferre
2297 301 2440 350 poffitis,·

359 359 434 395 ideo
455 356 476 393 ὰ
499 357 595 392 vobis
616 340 825 402 perbenign}
840 348 1097 390 contendimus,
1124 346 1241 383 velitis
1266 357 1336 382 rem
1358 358 1505 382 unacum
1518 342 1683 380 Generali
1697 341 1873 387 Ordinis,
1887 343 1924 378 in
1943 346 2095 390 proximo
2105 347 2264 395 Capffmlo
2279 350 2442 387 Genera,-

358 407 395 443 εὸ
409 405 583 452 dirigere,
609 413 712 450 atque
734 396 907 447 disponere
919 421 929 437 ‚
958 406 998 432 ut
1011 394 1296 445 &suffragiorum
1306 396 1441 441 paritas
1454 418 1466 436 ‚
1489 394 1532 434 (ς’
1547 391 1696 440 facultas
1714 391 1913 428 Conventus
1941 390 2062 438 absque
2075 394 2210 442 speciali
2231 398 2332 434 Suri,-
2351 398 2444 446 Apo·

351 455 474 506 stolicae
492 453 633 490 licentia
653 448 808 496 erigendi
823 470 836 490 ,
862 457 928 480 non
943 443 1034 480 modo
1046 454 1109 492 pro
1124 443 1339 483 imminenti,
1361 443 1480 478 verum
1492 442 1595 477 etiam
1617 440 1769 475 omnibus
1789 439 1926 487 futuris
1943 439 2112 486 Capitulis
2128 445 2355 483 Generalihus
2378 459 2444 484 me-

358 512 494 542 moratae
500 502 608 551 supra
624 496 822 536 Provineiae
835 493 1025 530 ‘Bohemicae
1036 502 1137 540 atquc
1150 489 1337 539 Austriacae
1349 514 1362 534 ,
1387 501 1516 526 necnon
1533 498 1728 526 caeterorum
1740 486 1938 535 Regnorum
1951 513 1960 527 .
1982 488 2025 529 &⁸
2039 488 2228 530 Dimum„
2257 494 2444 543 nostrarum

359 551 661 589 haereditariarum
671 571 684 590 ,
711 544 926 590 Romanique
942 541 1079 589 Imperii
1097 539 1298 578 Provinciis
1310 539 1517 574 concedatur
1529 564 1539 574 .
1565 537 1770 574 Exhibituri
1787 534 1903 574 Nobis
1916 537 1990 588 estis
1998 536 2168 584 peculiare
2180 540 2372 580 devotionis
2392 554 2445 581 te-

351 601 549 652 stimonium
560 622 572 640 ‚
596 597 639 638 (θ’
655 594 789 642 quidem
803 593 842 627 in
862 600 925 626 cau
941 601 962 624 ιι
974 613 986 632 ,
1011 588 1032 625 ὰ
1043 600 1111 637 qua
1124 587 1215 624 nullo
1228 587 1322 623 modo
1336 587 1525 623 recedemus
1537 611 1550 631 ,
1572 586 1675 634 usque
1687 586 1768 621 dum
1781 596 1853 620 eam
1864 585 2056 633 secundum
2068 585 2289 628 intentionem
2301 590 2443 641 nostram

347 651 582 688 terminatam
605 653 779 680 cernemus
794 665 805 676 .
834 640 907 677 Con
927 637 1042 674 'dimus
1060 637 1228 685 proinde,
1252 635 1320 675 Vos
1345 636 1529 682 benignam
1543 634 1734 682 fiduciam,
1760 643 1860 680 quam
1882 634 1921 669 in
1942 635 2038 671 vobis
2067 635 2279 682 reponimus,
2302 642 2444 687 agusta,

360 710 417 735 ros
432 722 445 739 ,
473 696 645 741 eidemque
666 690 782 738 indefe
808 700 824 724 o
841 686 953 736 fludio
967 685 1071 735 vestro
1082 685 1349 734 corresponsuros
1370 681 1429 733 eſje
1442 695 1452 723 ς
1478 684 1520 720 de
1540 683 1670 729 reliquo
1692 681 1848 729 gratiam
1874 683 1971 720 «νοω,
1993 681 2136 734 nostram
2157 681 2346 732 Casurum,
2363 697 2442 737 pen

363 744 509 794 benigne
522 741 755 791 confirmantes
766 764 777 775 .
805 737 916 773 ‘Data
931 732 1114 784 Neostadii
1137 735 1219 771 ‘Die
1235 744 1289 783 27.
1308 731 1485 783 ‘Januarii
1498 733 1604 771 Anno
1626 731 1726 778 1678.

501 838 767 911 Leopoldus
786 874 800 888 .

1882 952 2176 1011 Christophorus
2191 952 2309 997 Abele
2320 983 2334 995 .

461 1094 541 1130 Tot
556 1115 569 1135 ‚
593 1092 628 1127 &
650 1097 744 1123 tanta
761 1086 912 1123 Caesarea
925 1086 993 1123 &c.
1016 1085 1192 1122 conamina
1216 1083 1357 1120 effecere
1373 1080 1505 1118 tandem
1519 1105 1528 1120 ‚
1556 1091 1594 1117 ut
1613 1091 1681 1116 non
1709 1082 1819 1122 solia-n
1834 1082 1999 1130 punaum
2022 1085 2066 1121 de
2093 1084 2236 1132 paritate
2264 1091 2449 1126 votorum,

363 1142 423 1181 sed
439 1141 539 1177 etiarn
554 1139 648 1175 aliud
661 1137 704 1172 de
718 1137 893 1172 erectione
915 1147 1085 1170 novorum
1102 1136 1348 1169 Conventuum
1374 1130 1439 1166 sine
1466 1132 1503 1166 S.
1514 1131 1613 1167 Sedis
1633 1130 1773 1166 licentia
1787 1154 1800 1174 ,
1828 1131 2000 1179 hucrisque
2022 1132 2156 1171 nonnisi
2172 1133 2215 1170 ad
2243 1142 2381 1179 tempus
2399 1131 2450 1168 vi.

366 1189 534 1228 fitationis
565 1191 602 1224 P.
616 1185 793 1226 Generalis
817 1182 1005 1220 restriftum
1021 1206 1035 1227 ‚
1052 1181 1151 1218 fuerit
1166 1179 1353 1218 concessum
1375 1179 1513 1216 Litteris
1529 1178 1726 1217 Pontificiis
1745 1180 1965 1227 sequentibus
1979 1207 1990 1218 .

363 1339 479 1353 ——-
483 1324 2106 1349 fflm———fflq—-—
2110 1327 2456 1343 —-——

363 1445 632 1516 Quamlibet·
645 1438 893 1492 divisarum
912 1439 1257 1488 Provinciarum
1271 1474 1286 1495 ,
1305 1443 1377 1488 tri-

432 1521 514 1569 bus
550 1517 670 1566 votis
717 1514 760 1560 in
799 1510 1026 1577 Capitulis
1073 1509 1374 1559 Generalibus

430 1586 653 1658 gaudere,
680 1582 727 1633 ὅ(
756 1598 897 1630 novas
923 1581 968 1628 in
1002 1581 1053 1627 iis
1080 1582 1255 1628 Domos
1284 1578 1374 1628 fine

431 1655 609 1709 recursu
630 1653 684 1703 ad
705 1651 913 1702 Sanctam
944 1647 1109 1700 Sedem
1139 1647 1372 1707 construi,

431 1731 488 1780 ad
517 1721 835 1795 Augustiffimi
864 1721 1163 1787 Imperatoris
1182 1722 1372 1788 Leopol-

433 1803 480 1849 di
512 1797 601 1848 ἅς.
637 1793 863 1843 instantias
891 1791 1124 1858 indulget.

363 1933 969 1991 INNOCENTIUS
1022 1932 1227 1982 PAPA
1280 1934 1376 1982 XI.

535 2078 601 2121 Ad
617 2084 848 2134 perpetuom
872 2075 934 2118 rei
957 2073 1204 2115 memoriam.

487 2211 526 2251 D
552 2205 748 2248 pastorale
764 2203 978 2260 fastigium,
990 2199 1139 2244 meritis
1152 2199 1247 2243 licet
1262 2202 1383 2256 impa.

358 2280 373 2301 r·
516 2265 623 2309 ribus
640 2294 653 2316 ‚
665 2263 805 2309 divina
821 2261 1078 2320 dispositione
1092 2261 1249 2312 eveeri,
1267 2262 1380 2303 Reli-

362 2327 564 2382 giosorum
583 2321 778 2365 Virorum
802 2334 896 2365 vota
929 2321 992 2364 sua
1015 2322 1103 2361 Deo
1139 2320 1209 2362 sub
1238 2320 1380 2362 lauda-

360 2385 433 2428 bili
462 2381 691 2424 austerioris
733 2383 828 2424 vitae
855 2379 1064 2436 disciplina
1090 2405 1104 2428 ‚
1132 2393 1225 2422 cum
1256 2394 1376 2435 popu.

361 2444 393 2486 li
408 2439 621 2484 Christiani
647 2438 909 2482 aedificatione
925 2438 1097 2482 reddere
1114 2436 1265 2492 jugiter
1278 2438 1378 2479 sata—

362 2501 546 2556 gentium
569 2497 712 2548 statui,
738 2497 907 2547 decori,
933 2500 973 2540 δε
996 2495 1226 2538 commodis
1250 2497 1379 2539 liben-

364 2572 430 2602 ter
446 2556 704 2614 providemus
721 2584 734 2605 ,
760 2569 805 2597 ac
829 2556 1051 2611 inidipsum
1078 2553 1295 2597 tendentes
1311 2555 1373 2596 su·

361 2618 547 2662 blimium
574 2614 807 2669 Principum
823 2628 962 2669 preces
988 2612 1189 2668 propensa
1206 2625 1380 2669 paterna:

361 2675 573 2719 charitatis
589 2673 838 2729 benignitate
863 2672 1123 2720 exaudimus,
1152 2670 1374 2716 favoribus*-

363 2750 441 2791 que
464 2736 503 2774 &
527 2732 664 2788 gratiis
690 2731 964 2786 prosequimur
987 2732 1226 2786 opportunis
1244 2762 1254 2773 .
1291 2736 1377 2775 Nu—

365 2809 437 2851 per
465 2792 656 2846 siquidem
685 2802 757 2842 pro
786 2801 900 2844 parte
927 2789 1137 2832 charissimi
1155 2791 1196 2831 in
1214 2791 1376 2835 Christo

375 2853 467 2895 Filii
506 2848 639 2891 Nostri
678 2847 876 2900 Leopoldi
915 2850 1188 2891 Romanorum
1220 2851 1373 2904 Regis,

368 2913 406 2954 in
426 2913 719 2964 Imperatorem
733 2905 865 2952 eleni,
886 2907 1014 2948 Nobis
1037 2905 1259 2955 expositum
1275 2907 1351 2951 fuit
1366 2936 1380 2957 a

367 2970 475 3026 quod
504 2968 600 3009 alias
630 2965 669 3005 in
699 2964 779 3005 vim
805 2965 1051 3019 quarundam
1075 2963 1152 3005 sel.
1178 2979 1258 3007 rec.
1284 2967 1383 3008 Cle·

366 3027 512 3071 mentis
532 3027 604 3067 IX.
619 3050 632 3072 ³
665 3024 704 3063 δε
731 3022 954 3065 Clementis
972 3025 1022 3065 X.
1065 3024 1381 3066 Romanorum..-

368 3084 610 3130 Pontificum
627 3079 910 3124 Praedecefforu
919 3097 953 3122 m
971 3081 1196 3123 nostrorum
1212 3082 1249 3123 in
1265 3082 1376 3125 simili

371 3146 498 3187 forma
524 3143 658 3185 Brevis
691 3139 918 3183 litterarum
950 3150 1125 3195 quatuor
1154 3141 1375 3184 Provinciae

369 3203 531 3247 Ordinis
546 3205 727 3244 Fratrum
743 3200 948 3241 Minorum
973 3205 1009 3241 S.
1030 3197 1222 3241 Francisci
1240 3203 1379 3255 Capu·

371 3265 555 3304 cinorum
587 3269 905 3314 nuncupatorum
922 3286 935 3307 ‚
960 3271 1198 3313 unaquaeque
1225 3258 1378 3302 scilicet

371 3322 535 3363 illarum
555 3319 592 3360 in
613 3318 710 3360 duas
729 3316 894 3366 divisae,
919 3326 1040 3370 atque
1064 3317 1118 3359 ita
1132 3331 1180 3358 ex
1196 3317 1275 3361 illis
1291 3321 1384 3361 0610

372 3379 624 3428 Provinciae,
649 3391 732 3432 quae
761 3375 988 3425 Helvetiae,
1017 3376 1181 3418 Austriae
1203 3379 1385 3420 anterio-

373 3440 450 3490 ris,
475 3437 748 3486 Colonicnsis,
768 3435 995 3482 Rhenanae,
1028 3434 1284 3489 Tyrolensis,
1309 3440 1382 3480 Ba·

376 3498 515 3544 variae,
533 3495 743 3545 Bohemiae‚
757 3495 793 3535 &
811 3493 977 3536 Austriae
993 3495 1213 3546 respective
1230 3509 1387 3538 nuncu·

376 3565 554 3613 pantur,
582 3553 798 3596 constitutae
824 3552 1017 3597 fuerunt:
1050 3550 1096 3597 ea
1119 3565 1248 3596 tamen
1267 3555 1383 3610 lege,

375 3627 420 3658 ut
451 3627 522 3668 per
547 3611 734 3667 ejusmodi
752 3612 988 3654 divisionem
1005 3611 1182 3667 suffragia
1207 3613 1246 3654 in
1263 3616 1384 3669 Capi.

373 3673 470 3716 tulis
499 3672 765 3714 Generalibus
783 3671 947 3714 Ordinis
968 3670 1117 3725 praesati
1143 3673 1276 3724 augeri
1306 3688 1382 3714 non

370 3729 554 3791 possent,
586 3729 653 3774 sed
681 3730 866 3791 cujusque
890 3730 1115 3775 Provinciae
1140 3730 1270 3776 divisae
1302 3732 1383 3776 Mi-

1439 1438 1548 1481 nistri
1565 1439 1833 1483 provinciales
1859 1440 1936 1482 una
1963 1455 2053 1483 cum
2069 1438 2246 1483 Custode
2269 1437 2452 1481 alterna-

1437 1498 1509 1539 tim
1538 1498 1731 1552 eligendo
1757 1499 1795 1542 in
1822 1501 1930 1542 dieto
1944 1501 2141 1553 Capitulo
2168 1498 2453 1542 intervenire)

1435 1556 1663 1606 deberent,
1682 1557 1763 1605 ita,
1794 1569 1838 1600 ut
1865 1558 1942 1600 tria
1965 1559 2120 1599 tantum
2152 1568 2279 1608 vota,
2308 1569 2453 1611 nempe

1434 1615 1609 1656 duorum
1626 1615 1900 1659 Ministrorum
1917 1615 2233 1665 Provincialium
2245 1645 2259 1665 ‚
2273 1629 2317 1656 ac
2333 1615 2451 1657 unius

1434 1672 1621 1715 Custodis
1653 1687 1727 1727 pro
1756 1673 1915 1729 singulis
1930 1674 2158 1716 Provinciis
2175 1686 2251 1724 ,ex
2278 1686 2355 1714 una
2379 1675 2454 1715 in.‚

1435 1731 1532 1774 duas
1558 1731 1692 1773 divisis
1724 1731 1946 1787 hujusmodi
1974 1732 2297 1783 constituerent3
2327 1741 2454 1787 utque

1439 1793 1478 1833 in
1506 1788 1676 1846 praefatis
1693 1791 1920 1833 Provinciis
1945 1790 2077 1832 divisis
2102 1791 2454 1832 noviConventus

1438 1850 1541 1904 erigi
1567 1848 1808 1905 inposterum
1837 1850 2065 1892 nullatenus
2093 1846 2243 1904 possent
2274 1848 2350 1891 fine
2383 1863 2455 1891 ex-

1436 1907 1561 1965 pressa
1577 1910 1690 1951 Sedis
1707 1909 1943 1963 Apostolicae
1962 1908 2219 1964 licentia-,per
2234 1907 2397 1956 litteras,
2415 1907 2455 1948 in

1438 1967 1566 2009 forma
1594 1968 1735 2011 Brevis
1749 1966 1995 2024 expedienda
2012 1994 2025 2016 ‚
2055 1981 2140 2023 quae
2161 1967 2251 2009 huic
2275 1965 2457 2022 prohibi-

1438 2027 1540 2069 tioni
1555 2025 1796 2081 derogaret,
1811 2029 1850 2069 &
1865 2026 2031 2069 subinde
2048 2027 2176 2068 dietus
2192 2025 2387 2067 Clemens
2401 2027 2455 2066 X.

1440 2085 1704 2131 Praedecessor
1735 2100 1806 2140 per
1831 2086 2021 2141 quasdam
2039 2084 2124 2126 suas
2143 2085 2292 2140 pariter
2315 2086 2354 2125 in
2373 2081 2460 2124 for-

1442 2159 1504 2187 ma
1518 2146 1657 2187 Brevis
1672 2145 1737 2187 die
1754 2143 1910 2187 decimzi
1926 2142 2066 2200 quintii
2079 2143 2460 2192 Novembrist675.

1443 2203 1650 2259 expeditas
1679 2204 1835 2245 litteras
1866 2203 2041 2257 benigne
2067 2201 2264 2254 indulsit,
2309 2211 2351 2244 ut
2383 2215 2458 2256 pro

1440 2262 1631 2317 Capitulo
1645 2262 1839 2306 Generali
1855 2263 1949 2305 dieti
1964 2261 2147 2312 Ordinis,
2163 2271 2257 2303 tunc
2274 2259 2456 2315 proxime

1439 2321 1686 2364 celebrando
1702 2320 1914 2372 tantumn
1931 2318 2087 2374 singulis
2102 2318 2272 2374 praesatis
2287 2322 2457 2361 Germa-

1437 2381 1512 2423 niae
1541 2381 1767 2423 Provinciis
1802 2379 1898 2435 eligi
1934 2378 2090 2434 possent
2119 2378 2202 2419 duo
2227 2377 2455 2424 Custodes,

1439 2441 1504 2495 qui
1525 2450 1663 2481 votum
1679 2439 1875 2482 haberent
1892 2438 1931 2479 in
1946 2437 2094 2480 eodem
2108 2437 2306 2492 Capitulo
2319 2441 2457 2479 Gene-

1439 2498 1514 2540 rali
1534 2511 1548 2547 3
1579 2498 1674 2553 quid
1693 2498 1792 2544 veri>
1823 2497 1861 2539 in
1877 2496 2058 2540 futurum
2077 2496 2315 2539 servandum
2334 2492 2459 2545 effer,

1441 2556 1676 2607 mandavit,
1709 2567 1754 2600 ut
1785 2556 1825 2598 in
1855 2556 2000 2600 eodem
2031 2556 2229 2610 Capitulo
2262 2553 2459 2597 Generali

1441 2623 1537 2658 tunc
1571 2617 1756 2671 proxime
1791 2614 2038 2659 celebrando
2076 2613 2304 2670 hujusmodi
2336 2620 2460 2668 nego-

1441 2674 1542 2716 tium
1558 2677 1857 2719 examinaretur
1871 2703 1884 2724 ,
1899 2677 1937 2717 &
1952 2675 2047 2717 alias
2059 2703 2071 2725 ,
2088 2685 2209 2729 prout
2229 2675 2264 2716 in
2286 2669 2459 2728 praefatis

1440 2733 1661 2776 eorundem
1679 2732 2006 2777 Praedecessorum
2023 2733 2169 2774 litteris
2183 2759 2196 2780 ‚
2211 2744 2376 2788 quarum
2395 2741 2460 2772 te·

1436 2805 1562 2836 nores
1588 2793 1842 2846 praesentibus
1875 2808 1948 2846 pro
1978 2792 2128 2846 plene,
2153 2793 2193 2832 &
2210 2790 2453 2832 sufficienter

1443 2851 1626 2906 expressis
1642 2881 1655 2904 ,
1679 2851 1892 2895 &insertis
1921 2851 2055 2892 haberi
2082 2848 2265 2892 volumus
2282 2875 2295 2895 s
2325 2849 2459 2892 uberi-

1443 2924 1486 2951 us
1513 2911 1772 2953 continetur.
1803 2913 1908 2951 Cum
1932 2918 2096 2960 autem,
2115 2906 2213 2948 sicut
2234 2906 2376 2949 eadem
2391 2919 2461 2949 ex·

1444 2967 1588 3021 positio
1606 2968 1895 3024 subjungebat,
1929 2979 1974 3009 ut
1991 2966 2296 3021 provinciarum
2316 2965 2459 3019 praedi-

1443 3028 1594 3067 Ctarum
1627 3027 1910 3076 incremento,
1936 3039 1980 3067 ac
1999 3024 2210 3078 Religiosae
2238 3025 2395 3079 quieti,
2421 3025 2461 3065 &

1440 3082 1754 3126 honorificentiae
1779 3083 2021 3140 peramplius
2050 3082 2281 3136 consulatur
2297 3111 2311 3133 ,
2330 3083 2458 3124 dietus

1439 3141 1673 3197 Leopoldus
1705 3145 1795 3186 Rex
1821 3142 1920 3185 duas
1939 3141 2195 3183 conditiones
2215 3139 2454 3196 supradit‘tas

1440 3201 1480 3243 in
1506 3199 1763 3244 divisionibus
1796 3200 2020 3257 hujusinodi
2050 3202 2243 3255 appositas
2263 3200 2383 3250 tolli,
2417 3202 2456 3242 &

1444 3259 1633 3315 abrogari
1651 3260 1867 3315 plurimum
1883 3259 2112 3302 desiderat:
2148 3259 2274 3301 Nobis
2290 3269 2458 3313 propte-

1446 3333 1515 3362 rea
1539 3318 1714 3370 ejusdem
1733 3319 1932 3374 Leopoldi
1961 3318 2083 3373 Regis
2112 3318 2270 3359 nomine
2298 3317 2459 3360 humili-

1448 3387 1512 3421 ter
1546 3377 1808 3433 supplicatum
1825 3376 1928 3428 fuit,
1959 3388 2002 3419 ut
2031 3377 2068 3417 in
2086 3376 2281 3432 praemissis
2306 3389 2460 3432 oppor-

1448 3437 1542 3479 tune
1559 3436 1794 3492 providere,
1807 3439 1861 3488 δι,
1876 3446 1920 3478 ut
1935 3433 2261 3490 infra‚iudulgere
2274 3434 2325 3476 de
2342 3436 2456 3478 beni-

1447 3495 1603 3552 gnitate
1630 3495 1854 3548 Apostolica
1884 3495 2145 3555 dignarempr
2170 3522 2180 3535 .
2220 3498 2305 3537 Nos
2331 3494 2457 3547 igitur

1444 3556 1517 3610 piis
1536 3556 1648 3610 ipfius
1668 3555 1867 3609 Leopoldi
1885 3554 2003 3608 Regis
2019 3551 2121 3594 votis
2137 3555 2209 3595 hac
2226 3553 2263 3594 in
2279 3567 2462 3608 rc‚quan.

1445 3624 1528 3655 tum
1558 3629 1648 3658 cum
1668 3615 1842 3655 Domino
1856 3610 2066 3666 possumus,
2085 3611 2360 3655 favorabiliter
2385 3627 2460 3655 an-

1445 3687 1571 3715 nuere
1589 3671 2018 3726 volentes‚hujusinodi
2035 3670 2387 3727 supplicationibus
2404 3676 2459 3715 in.

1443 3732 1611 3787 clinati,
1640 3730 1872 3789 supradietis
1890 3731 2142 3783 Provinciis,
2170 3730 2398 3782 Helvetiae,
2420 3732 2460 3773 8:

2318 3793 2404 3830 Au-
