2658 4256
299 360 367 401 vel
397 355 619 404 Oenei-ali,
648 353 711 393 seu
730 348 894 391 vicario
918 348 1176 403 Apostolico,
1203 357 1244 388 ut
1271 346 1334 387 di-

300 424 407 459 &um
435 419 488 459 est
510 443 525 465 ‚
559 410 714 465 lingulis
754 408 1035 460 apponendam
1057 432 1071 452 ,
1102 404 1331 459 hujusmodi

303 473 496 518 facultate
511 472 568 513 uti
593 471 753 512 valeat,
780 463 958 519 injuncto
984 465 1205 505 eorundem
1224 462 1334 515 Epis-

300 546 497 589 coporum
517 558 528 578 ‚
544 527 608 569 seu
628 520 888 565 Vicarsoru‘m
903 516 1155 563 conscientiae
1173 549 1184 570 ,
1210 531 1254 561 ut
1270 519 1334 561 ul-

301 603 366 633 tra
395 587 571 643 superius
598 584 698 623 dieta
725 593 803 620 non
830 580 1015 621 omnibus
1042 579 1332 626 indifferenter,

301 650 441 705 quibus
470 642 592 685 fuerit
613 639 932 686 communicata,
963 638 1030 680 sed
1061 639 1199 690 paucis
1216 637 1331 678 dum·

301 716 415 749 taxat
432 733 445 754 ‚
471 700 591 752 iisque
619 696 850 737 maturioris
878 696 1128 750 prudentiae,
1162 711 1209 738 ac
1228 697 1337 747 zeli,

301 768 340 806 ὃς
364 765 429 817 qui
456 753 636 798 absolute
661 753 868 796 neceffarii
894 754 1009 804 sunt,
1035 768 1112 796 nec
1139 768 1216 810 pro
1232 769 1335 810 quo·

299 824 397 864 libet
428 818 548 864 ioco,
574 812 642 855 sed
669 814 736 855 ubi
763 812 894 866 gravis
918 812 1128 854 neceffitas
1157 813 1334 864 tulerit,

297 883 336 921 δι
361 875 410 919 ad
440 877 563 915 breve
587 881 776 926 tempus,
803 881 848 914 ut
875 870 1023 912 dictum
1046 873 1133 923 est,
1160 870 1335 914 faculta-

298 949 377 980 tem
396 931 525 989 quoad
547 933 624 972 hoc
640 931 977 971 communicatam
993 955 1007 978 ,
1021 931 1248 985 approbent
1262 958 1273 970 .

355 1007 377 1041 7
444 988 735 1044 Dispensandi,
763 990 802 1030 &
821 989 1097 1031 commutandi
1125 1000 1221 1032 vota
1242 991 1333 1030 ssm-

295 1050 417 1109 plicia
447 1051 486 1091 in
503 1049 580 1090 alia
607 1047 669 1101 pia
685 1060 836 1101 opera,
867 1046 1048 1102 exceptis
1077 1047 1183 1090 votis
1201 1047 1330 1090 Casti-

296 1110 395 1154 tatis
408 1139 421 1159 ‚
449 1110 485 1149 &
502 1105 728 1161 Religionis
744 1134 755 1144 .

360 1170 381 1208 8
446 1163 708 1220 Dispensandi
738 1165 775 1204 in
809 1161 901 1205 soro
932 1164 1185 1207 conscientiae
1218 1162 1332 1221 super

297 1226 601 1281 irregularitate
628 1237 676 1265 ex
700 1222 849 1264 delicto
863 1223 1029 1266 occulto
1045 1225 1330 1279 proveniente,

296 1290 335 1328 δε
357 1299 436 1326 non
467 1283 639 1325 deducto
666 1282 714 1323 ad
742 1279 872 1322 forum
899 1281 1221 1334 contentiosum,
1250 1297 1331 1324 non

297 1356 430 1385 tamen
449 1358 498 1384 ex
526 1340 745 1383 homicidio
762 1339 1023 1388 voluntario,
1049 1352 1117 1384 aut
1144 1343 1329 1397 bigamia.

354 1417 379 1459 9
440 1399 701 1456 Dispenv'hndi
715 1413 807 1441 cum
822 1401 1024 1440 conversis
1039 1399 1088 1442 ad
1107 1398 1229 1442 fidem
1247 1404 1329 1442 Ca·

296 1460 493 1504 tholicam
526 1461 564 1500 in
582 1474 621 1511 3.
638 1460 674 1498 ὅ(
690 1470 731 1510 4.
758 1458 886 1510 gradu
905 1456 1273 1512 Consanguinitatis
1290 1460 1329 1498 &

296 1518 544 1567 Affinitatis,
569 1515 735 1570 limplici
763 1516 798 1555 δε
826 1515 955 1554 mixto
981 1516 1131 1556 tantum
1150 1543 1166 1563 ‚
1192 1515 1326 1569 quoad

295 1578 501 1634 praeterita
520 1574 774 1616 matrimonia
794 1601 806 1621 ,
833 1573 873 1614 &
898 1572 937 1613 in
964 1571 1160 1625 praedictis
1173 1572 1327 1614 casibus

295 1637 451 1693 prolem
478 1633 697 1686 susceptam
723 1630 954 1672 declarandi
984 1629 1206 1685 legitimam
1224 1659 1235 1670 .

360 1707 408 1735 ιο
472 1690 733 1747 Dispensandi
760 1704 849 1730 cum
880 1688 1030 1730 eisdem
1056 1691 1173 1743 super
1202 1689 1329 1741 impe·

297 1754 485 1794 dimento
510 1751 678 1806 publica:
709 1748 922 1790 honestatis
950 1747 1105 1804 justitiae
1134 1759 1184 1789 ex
1213 1745 1329 1801 spon·

295 1811 441 1854 salibus
472 1809 765 1865 proveniente.

359 1883 401 1911 11
470 1866 729 1921 Dispensandi
758 1880 853 1908 cum
878 1866 1027 1910 eisdem
1054 1870 1171 1922 super
1201 1867 1330 1921 impe-

296 1928 479 1971 dimento
502 1927 681 1970 criminis
697 1955 710 1978 ,
741 1937 889 1969 neutro
915 1937 1049 1969 tamen
1066 1926 1331 1984 conjugum..

298 1989 559 2031 machinante
576 2018 586 2030 .

330 2074 333 2076 v
364 2061 416 2089 12
458 2046 717 2103 Dispensandi
733 2062 823 2090 cum
840 2046 988 2090 eisdem
1004 2048 1045 2090 in
1059 2045 1331 2102 impedimen-

295 2107 348 2148 tis
374 2109 626 2161 cognationis
653 2105 897 2160 spiritualis,
925 2117 1198 2163 praeterquam
1222 2105 1329 2147 inter

295 2164 532 2214 levantem,
558 2168 596 2207 δε
621 2165 826 2208 levatum.
1139 2214 1143 2218 .

360 2238 421 2278 13·
459 2227 530 2267 Hae
549 2226 644 2266 vero
663 2225 983 2268 Matrimoniales
998 2224 1329 2281 dispensationes,

298 2282 489 2324 videlicet
515 2296 559 2338 9.
583 2296 640 2324 10·
669 2297 730 2325 ιι.
757 2285 795 2325 8(
823 2298 885 2326 12.
913 2298 992 2326 non
1020 2284 1327 2331 concedantur,

298 2342 366 2385 nisi
395 2341 446 2381 de
463 2340 654 2382 consensu
681 2344 994 2397 Episcoporum,
1021 2344 1087 2386 ubi
1114 2351 1232 2385 erunt
1249 2369 1262 2392 ,
1287 2341 1327 2382 δι

297 2414 388 2442 cum
412 2398 586 2440 clausula
604 2425 618 2446 ,
649 2398 872 2442 dummodo
897 2401 1044 2443 mulier
1070 2413 1186 2456 rapta
1215 2414 1337 2441 nom-

298 2458 421 2499 fuerit
445 2484 459 2506 ,
492 2459 556 2501 vel
590 2457 612 2497 fi
641 2468 757 2511 rapta
784 2456 934 2508 fuerit,
966 2459 1005 2498 in
1038 2459 1236 2512 potestate
1264 2470 1327 2498 ra-

299 2514 426 2571 ptoris
455 2530 532 2556 non
562 2516 730 2563 existat,
759 2516 797 2556 δι
824 2517 862 2556 in
891 2514 1182 2570 dispensatione
1211 2524 1330 2555 tenor

298 2571 780 2628 hujusmodifacultatum
811 2573 1140 2625 inseratur,cum
1169 2571 1329 2626 expres-

298 2631 405 2674 sione
431 2633 628 2686 temporis
645 2660 658 2682 ,
686 2631 735 2672 ad
759 2631 865 2687 quod
887 2630 1040 2674 fuerint
1063 2630 1279 2675 conceffae.

364 2704 428 2744 ¹4·
466 2690 723 2734 Restituendi
746 2689 805 2747 jus
830 2691 999 2747 petendi
1020 2689 1197 2734 debitum
1213 2689 1327 2733 amis-

298 2752 406 2792 sum.
791 2777 793 2779 -

365 2819 428 2855 ¹5-
489 2806 757 2849 concedendi
779 2808 1081 2863 Indulgentiam
1107 2809 1331 2867 plenariam

263 2868 266 2874 ’
299 2868 340 2909 in
356 2866 550 2908 Oratione
564 2877 633 2918 40.
661 2867 851 2907 horarum
874 2880 940 2909 ter
955 2869 995 2911 in
1011 2884 1144 2921 annu,
1166 2869 1219 2911 de
1236 2882 1334 2910 eon-

302 2925 411 2968 sensu
430 2923 748 2979 Episcoporum,
779 2925 806 2964 s1
835 2924 889 2964 ibi
910 2936 1057 2978 erunt,
1081 2927 1331 2970 indicenda..

298 2984 443 3027 diebus
474 2984 576 3025 bene
604 2983 719 3030 vifis,
747 2982 964 3034 contritis,
989 2983 1027 3023 &
1052 2984 1262 3034 confestis,
1293 2986 1333 3025 &

301 3046 423 3086 Sacra
439 3042 734 3085 Communione
761 3039 942 3091 resectis,
964 3041 988 3082 fi
1011 3052 1150 3084 tamen
1164 3057 1215 3084 ex
1236 3053 1331 3083 con·

302 3101 421 3144 cursu
441 3101 602 3156 populi,
625 3102 665 3141 δι
680 3100 926 3154 expositione
942 3099 1175 3142 Sanetiffimi
1190 3105 1333 3143 Sacra-

301 3160 428 3201 menti
460 3160 568 3201 nulla
602 3159 818 3213 probabilis
846 3157 1011 3215 suspicio
1048 3159 1092 3198 lit
1129 3156 1332 3211 sacrilegii

307 3220 354 3263 ab
371 3218 583 3261 Haereticis
601 3245 614 3269 ,
645 3229 713 3262 aut
740 3219 1015 3274 Magistratum
1043 3217 1232 3260 offensum
1255 3216 1330 3257 iri.

1071 3370 1305 3435 ΝΟ

1036 218 1709 304 Wonumenta

1462 345 1526 384 16.
1591 341 1861 384 Concedendi
1890 343 2182 401 indulgentiam
2211 353 2431 407 plenariam

1391 403 1526 456 prims>
1548 400 1754 443 conversis
1770 401 1823 442 ab
1838 405 1982 444 Haerefi
1997 430 2012 453 2
2037 418 2157 464 atque
2177 416 2297 452 etiarn
2314 413 2434 455 Fide-

1396 461 1503 500 libus
1533 459 1852 514 quibuscumque
1879 463 1916 501 in
1947 460 2123 518 articulo¹
2145 471 2286 512 mortis
2305 497 2319 521 ,
2350 471 2429 513 sal·

1395 527 1477 559 tem
1500 518 1684 558 contritis
1702 545 1716 567 ,
1742 517 1768 558 fi
1796 518 1979 561 confiteri
2004 533 2082 562 non
2100 537 2300 578 poterunt
2316 559 2330 570 ,

1461 588 1508 624 17
1573 575 1782 617 Lucrandi
1803 576 1874 618 fibi
1894 576 2050 620 easdem
2072 580 2367 640 Indulgentias.

1459 636 1506 674 18
1571 634 1746 687 singulis
1775 633 1955 679 secundis
1969 637 2080 679 feriis
2095 665 2109 688 ,
2125 651 2203 682 nou
2219 643 2428 700 *impeditis

1399 691 1546 733 Officio
1571 705 1612 747 9.
1640 693 1881 741 lectionum,
1915 695 1977 736 vel
2010 696 2066 737 eis
2096 696 2330 753 impeditis,
2358 705 2430 746 die

1397 749 1632 792 immediate
1658 749 1864 806 sequenti,
1890 754 2138 797 celebrando
2159 753 2314 798 Missam
2337 760 2430 806 de...

1397 810 1583 862 Requiem
1610 808 1648 849 in
1676 823 1935 867 quocumque
1954 813 2090 855 Altari
2110 840 2124 863 ,
2152 814 2271 856 etiam
2294 825 2442 871 porta-⁴

1397 866 1494 917 tili,
1527 868 1722 910 liberandi
1746 870 1918 912 animam
1946 871 2161 914 secundum
2186 873 2271 930 ejus
2297 875 2432 915 inten-

1400 927 1551 992 tionem
1566 929 1589 971 a
1607 927 1837 981 Purgatorii
1855 932 1988 984 poenis
2010 945 2083 988 per
2103 932 2270 976 modum
2292 931 2432 975 suffra-

1395 998 1475 1039 gss·
2365 1009 2370 1014 ”

1460 1057 1522 1100 19.
1587 1046 1930 1092 Communicandi
1957 1049 2026 1092 has
2058 1048 2275 1095 facultates
2301 1052 2339 1093 in
2365 1057 2432 1093 to·'

1392 1112 1478 1145 tum
1500 1129 1514 1151 ,
1548 1103 1611 1145 vel
1643 1104 1682 1145 in
1709 1117 1821 1159 parte
1854 1109 2065 1151 Fratribus
2097 1109 2171 1152 suae
2203 1110 2395 1154 Miffionis
2414 1135 2430 1157 ,

1394 1176 1494 1217 quos
1523 1165 1642 1204 Sacra
1661 1165 1948 1221 Congregatio
1969 1168 2020 1211 de
2050 1169 2313 1225 Propaganda
2329 1166 2433 1211 Fide

1394 1220 1686 1271 destinaverit,
1717 1224 1757 1264 δι
1786 1226 2102 1280 approbaverit,
2131 1229 2169 1269 &
2198 1241 2278 1270 non
2306 1227 2396 1269 aliis
2415 1253 2431 1276 ,

1393 1291 1478 1321 tam
1502 1293 1577 1335 pro
1601 1281 1787 1323 omnibus
1803 1283 1905 1326 locis
1930 1286 1969 1327 in
1991 1299 2036 1327 ea
2054 1285 2235 1328 Miffione
2258 1293 2432 1327 conten-

1394 1339 1446 1381 tis
1464 1366 1476 1389 ,
1501 1338 1623 1394 quam
1650 1353 1724 1394 pro
1749 1341 1954 1398 aliquibus
1979 1357 2150 1394 eorum,
2176 1345 2216 1386 δι
2242 1344 2294 1385 ad
2320 1352 2431 1385 tem·-

1390 1411 1462 1453 pus
1490 1396 1556 1438 fibi
1586 1397 1689 1440 bene
1714 1399 1868 1452 visum,
1892 1413 2015 1457 prout
2035 1402 2160 1456 magis
2187 1402 2227 1443 in
2254 1401 2435 1444 Domino

1388 1456 1865 1512 expedirejudicaverit,
1894 1464 2057 1504 necnon
2081 1459 2238 1503 easdem
2257 1470 2431 1516 ,quate-

1389 1527 1460 1555 nus
1474 1528 1574 1579 opus
1590 1513 1718 1558 fuerit
1731 1544 1746 1566 ,
1774 1520 2024 1571 revocandi,
2049 1521 2129 1561 five
2147 1519 2272 1561 etiam
2288 1519 2431 1561 mode·-

1389 1572 1533 1622 randi,
1567 1582 1651 1614 tam
1677 1576 1785 1617 circa
1811 1577 1974 1619 illarum
2003 1579 2141 1627 usum,
2174 1579 2294 1632 quam
2322 1578 2432 1620 circa

1390 1629 1479 1670 loca
1509 1656 1523 1678 ,
1560 1631 1599 1669 &
1627 1641 1783 1686 tempus
1814 1633 1971 1677 easdem
1999 1636 2247 1684 exercendi,
2283 1635 2340 1675 ita
2367 1644 2431 1677 ta·

1390 1701 1484 1728 men
1503 1715 1517 1737 ,
1545 1699 1588 1729 ut
1617 1703 1690 1731 nec
1715 1689 1850 1738 eidem
1877 1693 2097 1742 Praefee'to,
2126 1692 2436 1746 necipsbrum...

1391 1745 1590 1797 cuilibet,
1623 1747 1749 1790 liceat
1772 1748 1919 1793 eisdem
1946 1750 2032 1794 ullo
2059 1752 2176 1807 pac‘to
2192 1752 2254 1793 uti
2282 1762 2430 1795 extra-s

1391 1804 1490 1849 fines
1515 1804 1589 1847 suae
1613 1806 1807 1858 Miffionis
1825 1837 1836 1848 .
2206 1860 2209 1863 .

1450 1877 1516 1907 20.
1577 1863 1626 1905 Et
1650 1866 1842 1921 praedictae
1866 1866 2082 1913 facultates
2098 1870 2225 1924 gratis
2243 1897 2256 1919 ,
2285 1871 2324 1910 &
2348 1866 2428 1912 fine

1391 1923 1474 1966 ulla
1499 1924 1686 1967 mercede
1722 1939 1991 1971 exerceantur
2011 1958 2026 1981 ,
2067 1930 2107 1969 &
2137 1927 2189 1970 ad
2218 1941 2345 1971 annos
2371 1929 2428 1971 N.

1391 1982 1547 2026 tantum
1569 1981 1758 2028 conceffae
1784 1986 2073 2043 intelligantur
2087 2015 2098 2026 ·

1471 2106 1597 2147 feria*
1612 2106 1761 2160 quintd
1777 2105 1838 2146 die
1864 2107 1916 2148 N.
1943 2107 2063 2162 mens-⁸
2089 2109 2146 2149 N.
2173 2104 2270 2146 anni
2293 2108 2346 2148 N.

1451 2225 1496 2264 ln
1522 2226 1829 2279 Congregatione
1853 2224 2039 2265 Generati
2064 2226 2106 2264 S.
2130 2226 2341 2267 Romame.
2374 2220 2430 2270 ἀ·

1389 2282 1627 2338 Univetfilts
1645 2281 2070 2340 Inquisitionis,habita
2090 2287 2133 2322 in
2148 2282 2302 2323 Palatio
2319 2283 2430 2333 Apo-

1375 2339 1513 2397 stolico
1540 2342 1648 2396 apud
1676 2342 1860 2384 Sanb‘lum
1894 2345 2050 2384 Petrum
2073 2352 2204 2384 coram
2231 2337 2367 2380 SanHi
2410 2363 2430 2373 -

1390 2412 1448 2439 mo
1479 2403 1531 2441 D.
1558 2403 1613 2441 N.
1639 2402 1694 2442 D.
1714 2399 1920 2443 Benediffo
1953 2402 2105 2441 Divina
2135 2395 2429 2442 Providentia...-

1392 2460 1462 2498 PP.
1491 2461 1593 2500 XIV.
1608 2487 1622 2510 ,
1648 2472 1693 2499 ac
1717 2457 2024 2515 Eminentisp‘mt's
2041 2486 2055 2509 ,
2084 2457 2132 2504 ἶς’
2150 2452 2430 2511 Reverendiffi'-

1392 2518 1661 2560 mis-Dominis
1688 2522 1728 2558 ὅ.
1747 2522 1793 2561 R.
1811 2522 1855 2561 E.
1881 2515 2159 2560 cardinalibus
2178 2519 2222 2558 in
2248 2523 2333 2556 tota
2354 2515 2429 2554 Re-

1389 2568 1548 2630 publica
1576 2573 1801 2630 Christiana
1825 2586 1963 2618 contra
1987 2572 2215 2616 baereticam
2238 2571 2429 2627 pravita-

1389 2641 1466 2673 tem
1491 2634 1747 2675 Generalibus
1771 2634 2075 2688 Inquisitoribus
2100 2634 2128 2674 d
2153 2637 2193 2674 S.
2213 2631 2309 2673 Sede
2325 2633 2431 2690 Apo-

1377 2689 1521 2748 stoliea
1531 2691 1765 2749 specialiter
1786 2694 1982 2748 deputatis
1996 2721 2008 2734 .
2204 2707 2208 2711 ¹

1453 2813 1595 2852 ssffms
1613 2814 1666 2852 D.
1690 2814 1744 2854 N.
1769 2813 1871 2866 Papa
1888 2811 2100 2863 pra-dinus
2125 2812 2163 2848 P.
2183 2810 2237 2849 N.
2256 2810 2310 2849 N.
2332 2806 2430 2850 ord.

1398 2873 1683 2924 Capucmorum
1721 2868 1908 2926 PraefeHo
1934 2867 2153 2923 Mzffionum
2191 2867 2446 2907 Fratrum-s·

1394 2928 1556 2984 ejusdcm
1575 2928 1733 2969 Ordinis
1760 2927 1802 2967 in
1828 2930 1881 2967 N.
1894 2926 2190 2983 fitprastrlptas
2205 2920 2428 2978 facultates*

1392 2987 1448 3025 ad
1467 2983 1737 3084 Nbconceffit,
1763 2997 1847 3026 cum
1864 2982 2055 3039 petqstate
2079 2980 2228 3038 casdem
2252 2993 2426 3034 commu-g

1391 3055 1507 3086 mcan
1535 3057 1550 3083 ι
1566 3069 1578 3084 .

1454 3159 1712 3221 Autograpba
1745 3159 1788 3205 in
1815 3158 1998 3202 Arcthis
2025 3156 2321 3202 Provinciarum
2345 3155 2428 3204 &aa

1409 3373 1656 3436 TA.

328 3531 333 3533 ·
363 3523 441 3559 Unt
463 3524 497 3558 &
525 3519 599 3558 alix
617 3525 784 3560 Formuiae
799 3544 811 3566 ‚
833 3523 894 3559 sub
915 3522 1042 3569 quibus
1057 3520 1259 3569 hujusmodi
1275 3522 1453 3558 facultates
1477 3521 1669 3559 Provinciis
1696 3518 1918 3560 Misslonnriis
1937 3522 1957 3557 a
1989 3521 2026 3559 S·
2046 3520 2138 3559 Sede
2158 3519 2241 3556 olim
2264 3515 2429 3556 concessa

387 3570 479 3608 fuere
496 3595 508 3614 ‚
534 3572 579 3607 est
606 3582 713 3608 autem
741 3570 919 3620 praepofita
935 3570 1006 3618 jam
1026 3571 1143 3606 ultima
1157 3594 1170 3614 ,
1191 3572 1225 3607 8<
1249 3571 1375 3613 solita,
1399 3569 1460 3605 sub
1484 3583 1552 3618 qua
1566 3571 1804 3619 expediuntur
1818 3597 1827 3606 .

404 3621 563 3667 Cumque
588 3620 729 3657 articulo
751 3621 806 3657 seu
831 3631 978 3657 numero
1007 3620 1056 3655 18.
1082 3619 1303 3665 privilegium
1330 3618 1460 3655 Altaris
1484 3631 1547 3665 pro
1571 3619 1727 3666 qualibet
1747 3618 1828 3655 feria
1844 3620 1987 3657 secunda
2009 3630 2085 3656 cum
2112 3617 2316 3654 conditione
2340 3616 2432 3657 cele-f

307 3670 431 3710 brandi
454 3669 584 3706 Miss'am
605 3668 644 3705 de
668 3668 831 3718 Requiem
856 3669 1066 3705 concedatur
1080 3693 1092 3711 ,
1118 3667 1187 3705 haec
1205 3679 1320 3704 autem
1343 3667 1498 3704 conditio
1521 3669 1569 3704 ob
1587 3667 1747 3704 festorum
1768 3669 1957 3714 duplicium
1978 3666 2154 3705 occursum
2181 3666 2298 3712 saepius
2322 3664 2430 3700 adim*

307 3719 397 3766 pleri
415 3741 427 3761 ‚
452 3717 487 3752 &
510 3717 588 3755 ideo
614 3717 811 3755 Miffionarii
833 3717 929 3759 dieto
954 3716 1143 3764 privilegio
1166 3717 1311 3761 gaudere
1330 3725 1531 3763 nequeant,
1555 3715 1649 3753 fastu
1671 3718 1713 3754 ad
1737 3718 1776 3758 S.
1791 3716 2114 3764 congregationem
2137 3714 2180 3752 de
2201 3711 2429 3763 Propagandi·

307 3767 391 3809 Fide
418 3763 753 3814 recursu2facultatis
777 3766 960 3822 ampliatio
971 3765 1078 3815 petita
1096 3789 1110 3810 ,
1134 3765 1169 3802 8<
1188 3765 1336 3807 concessa
1363 3765 1409 3803 est
1422 3789 1433 3807 ,
1460 3764 1686 3814 insequitur:

2268 3861 2376 3912 Emi,
