2638 4204
471 197 644 282 340
1138 168 1710 253 Provincia

414 306 562 355 salutem
583 305 735 353 dirigere
748 297 905 351 poffemus
924 323 938 344 ,
962 299 1163 338 commodum
1188 301 1316 338 accidit
1328 325 1341 344 ,
1368 311 1408 338 ut
1424 302 1543 339 Patres
1560 298 1755 347 capucini,
1782 298 1845 347 qui
1871 293 2039 349 traditam
2064 295 2085 332 ἃ
2107 296 2343 351 Praedeceffore
2367 301 2472 350 nostra

411 363 447 403 p.
463 367 506 394 sn.
532 355 723 404 manfionem
735 375 742 388 ‚
756 352 821 398 seu
830 348 1007 396 privatam
1022 348 1230 397 residentiam
1245 350 1283 383 in
1297 349 1431 397 Oppido
1447 350 1552 400 nostro
1569 346 1744 386 Wellmich
1755 348 1839 384 dicio
1855 371 1866 389 ‚
1891 344 2061 392 hucusque
2074 347 2285 393 incoluerant
2299 375 2311 395 ,
2335 349 2476 394 eandem

411 404 453 439 in
471 403 577 441 locum
596 404 701 440 'Sacro
716 397 870 441 Ordini,
893 398 1042 445 bonoque
1054 397 1177 435 Archi·
1189 398 1339 448 Dioecefis
1356 399 1492 447 publico
1513 396 1739 448 promovendo
1759 397 1865 445 magis
1886 401 2109 443 opportunum
2138 397 2326 445 transferri
2340 395 2478 449 suppli·

414 453 448 488 ci
465 464 502 489 er
551 457 681 488 ecerent
692 470 703 480 ·

449 462 463 490 t
514 461 654 537 habita
675 493 789 541 igitur
804 504 878 530 cnm
890 492 1052 542 capitulo
1073 493 1180 543 nostro
1192 493 1456 543 Metropolitano
1476 495 1613 532 matura
1626 495 1893 537 deliberatione,
1916 490 2048 530 nullum
2069 490 2149 528 huic
2164 490 2344 541 desiderio,
2367 506 2406 531 ac
2423 494 2480 531 ln.-

404 545 528 601 flituto
542 546 650 592 magis
668 553 853 588 congruum
877 542 983 579 locum
992 541 1138 591 seligere
1159 545 1360 591 potuimus,
1384 544 1484 592 quarn
1506 543 1602 581 illum
1629 546 1758 594 ipsum,
1783 554 1881 591 quem
1902 540 2056 590 praedifiii
2077 540 2198 577 Patres
2221 540 2450 589 desiderabant
2464 567 2477 588 ‚

413 605 530 644 nempe
550 596 588 629 in
598 591 712 628 eadem
728 591 863 627 vicinia
876 592 920 627 ad
931 590 1046 626 Rheni
1061 591 1171 674 ripam
1181 593 1218 627 in
1231 591 1386 628 honorem
1401 593 1591 642 Beatiffimae
1608 592 1770 640 Virginis
1774 590 1936 639 solitarie
1947 588 2145 638 exflrufiium
2161 587 2345 632 Templum,
2359 589 2481 628 ‘Born-

416 643 526 681 h'oven
554 647 813 686 nuncupatum.
840 641 962 687 quippe
985 640 1072 687 quod
1132 641 1453 690 circumjacentibus
1475 646 1586 686 vicis,
1606 644 1649 684 (ς’
1666 641 1834 689 Oppidis‚
1859 639 1924 676 imo
1938 640 1980 681 θ’
1993 638 2059 687 ipso
2073 639 2212 686 proprio
2227 636 2367 674 Restare
2381 638 2479 688 sepa-

414 693 522 737 ratim
527 689 695 738 fituatum
705 712 716 731 ‚
742 688 786 723 ab
799 687 930 736 aliquot
939 688 1011 736 jam
1020 687 1150 733 faculis
1165 701 1284 736 magno
1293 691 1400 737 sacra
1411 692 1706 740 peregrinationis
1715 690 1839 740 effluxu
1854 688 1982 725 celebre
1999 711 2009 729 ‚
2038 688 2287 723 accuratiorem
2301 697 2394 723 nunc
2405 710 2414 726 .
2442 688 2480 723 in

412 741 486 777 dies
502 737 674 786 crescente
703 734 739 772 eo
751 737 954 787 confluentis
971 735 1095 784 Populi
1107 736 1288 775 devotione
1302 763 1312 781 ,
1334 741 1427 775 circa
1449 751 1503 776 res
1519 739 1660 775 divinas
1687 746 1890 787 apparatum
1914 734 2035 774 merito
2061 736 2240 783 requirere
2266 735 2456 772 videbatur
2469 757 2483 780 ,

412 785 588 823 enimvero
603 795 679 821 cum
694 784 870 822 Parochus
884 785 921 819 in
935 783 1068 832 Oppido
1082 786 1197 830 Camp
1215 786 1300 822 ditio
1311 813 1320 828 ‚
1337 788 1382 823 ad
1401 799 1497 835 quem
1508 786 1653 836 Ecclefiae
1662 785 1920 836 Bornhoviensts
1933 809 1944 830 ,
1962 796 2022 822 ceu
2035 782 2171 820 Filialis
2183 809 2193 827 ,
2201 784 2354 833 pertinet
2374 793 2460 820 cura
2471 797 2487 826 ,’

410 835 518 872 eidem
543 835 584 869 ob
598 833 703 869 varia
727 833 966 880 impedimenta
988 844 1029 870 ex
1051 833 1147 883 officii
1169 834 1363 885 ‘Pastoralis
1385 835 1678 885 administratione
1699 835 1853 883 quotidie
1873 834 2080 882 emergentia
2094 857 2105 876 ,
2130 841 2191 881 pro
2219 833 2392 880 dignitate
2406 854 2420 873 ι
2445 841 2486 867 ‘²⁰

411 882 600 931 neceffitate
618 883 815 919 incumbere
829 893 896 917 non
906 882 997 931 poffit
1008 906 1018 925 ‚
1043 883 1270 920 adventantes
1281 894 1394 920 autem
1406 886 1444 920 in
1455 885 1526 921 dies
1542 886 1719 933 peregrini
1729 892 1791 931 pro
1804 885 1895 920 votis
1905 884 1990 920 ‘Deo
2003 907 2015 926 ‚
2035 882 2077 924 (θ’
2094 881 2124 918 Β
2149 879 2297 930 Virgini
2311 878 2488 929 exsolven-

410 931 466 968 dis
483 930 628 967 aliunde
640 954 652 973 ‚
679 931 722 972 ὠ·
733 930 935 979 plerumque
950 941 990 966 ex
1005 931 1118 967 altera
1127 939 1229 978 parte
1244 931 1362 968 Rheni
1376 932 1422 969 ad
1434 933 1498 970 duo
1512 935 1653 970 circiter
1665 933 1774 970 millia
1785 930 1937 983 paffuum
1950 931 2146 968 habitantes
2157 930 2359 968 Sacerdotes
2371 954 2382 974 ‚
2395 926 2487 978 quod

410 991 479 1016 non
493 978 603 1028 solum
626 979 779 1027 subditis
795 977 913 1028 nostris
926 987 995 1014 toto
1006 980 1093 1013 anni
1107 989 1254 1027 tempore
1267 974 1409 1029 majores
1420 991 1514 1019 creat
1521 982 1679 1030 sumptus
1695 1009 1702 1023 ‚
1717 982 1782 1031 sed
1797 982 1839 1023 &⁴
1850 979 1994 1018 maxims?
2007 978 2150 1028 hyemali
2162 978 2311 1030 fiamine
2338 990 2416 1016 ’unc
2429 973 2490 1012 vel

411 1038 453 1064 ex
461 1028 545 1076 gelu
555 1053 569 1073 ‚
593 1027 652 1066 vel
663 1039 704 1064 ex
717 1038 886 1074 aquarum
898 1026 1111 1063 vehementia
1123 1029 1263 1077 vixfine
1274 1029 1424 1077 periculo
1440 1031 1656 1079 navigabili,
1673 1032 1871 1068 innumeras
1890 1030 2008 1078 injicit
2022 1039 2210 1065 memorata
2224 1028 2404 1065 devotioni
2415 1023 2490 1073 dif-

406 1075 588 1124 ficultates
614 1086 718 1123 atque
733 1076 844 1110 obices
860 1097 870 1116 ,
884 1074 951 1121 fibi
966 1076 1135 1124 accersere
1145 1087 1314 1124 cogantur
1333 1103 1345 1122 ,
1368 1081 1388 1116 ἒ
1398 1091 1434 1115 re
1447 1080 1526 1116 boni
1538 1081 1720 1117 communis
1728 1080 1805 1130 fore
1817 1079 1988 1115 arbitrati
1998 1078 2119 1126 sumus
2131 1102 2142 1120 ,
2159 1077 2191 1126 fi
2201 1086 2271 1114 tam
2289 1073 2488 1114 memorabi-

409 1125 442 1161 le
459 1124 633 1174 Templum
644 1124 793 1171 proprio
808 1121 1034 1171 eoquestahili
1047 1148 1059 1167 ‚
1070 1137 1110 1160 ac
1118 1133 1282 1173 perpetuo
1295 1126 1414 1164 divini
1428 1127 1540 1165 cultas
1552 1128 1736 1177 ministerio
1753 1127 1868 1164 dotari
1879 1123 1992 1175 poffet.
2004 1126 2120 1162 Auxit
2134 1125 2223 1162 hanc
2239 1125 2488 1175 propenfionesn

410 1174 555 1225 nostram
567 1173 731 1221 cogitatio
745 1172 871 1207 mirum
883 1171 921 1205 in
935 1171 1067 1208 modum
1079 1197 1092 1217 ‚
1106 1173 1153 1224 Jic
1167 1186 1298 1223 quoque
1322 1175 1451 1225 consuli
1469 1174 1556 1227 poffe
1572 1175 1938 1215 circumhabitantium
1951 1173 2229 1210 Acatholicorans
2255 1172 2462 1223 converfioni
2473 1195 2488 1213 ο

410 1235 518 1272 neque
532 1224 644 1259 minus
658 1221 739 1257 inde
748 1218 950 1256 commodum
961 1221 1065 1257 etlam
1077 1222 1353 1261 redundaturum
1366 1227 1404 1260 in
1410 1226 1547 1276 sparsim
1560 1234 1799 1262 commorantes
1814 1225 1908 1260 inter
1923 1221 2046 1269 eosdem
2062 1221 2256 1259 Catholicae
2266 1245 2278 1265 ,
2300 1223 2380 1258 dum
2395 1222 2437 1262 ὁ·
2450 1219 2489 1256 hi

402 1271 522 1322 Janfia
536 1272 579 1314 ὼ·
595 1270 752 1318 religiosa
769 1269 916 1307 Patrum
932 1269 1190 1317 Capacinorum
1203 1273 1460 1322 conversatione
1472 1274 1632 1322 aedificati
1643 1298 1655 1317 ‚
1682 1275 1721 1309 in
1745 1274 1874 1323 pietate
1886 1269 2107 1317 confirmari,
2137 1269 2180 1311 ὼ·
2203 1267 2257 1304 illi
2278 1270 2359 1317 pari
2383 1279 2491 1306 exem-

406 1320 464 1371 plo
484 1320 633 1357 animati
643 1320 688 1355 ad
703 1319 874 1356 unitatem
888 1316 1006 1361 Fidei,
1030 1320 1228 1368 Sanfiaeque
1240 1321 1373 1359 Matris
1390 1323 1531 1372 Ecclesia
1549 1324 1722 1371 gremium
1743 1321 1862 1358 reduci
1895 1319 2017 1355 acilius
2040 1316 2165 1370 poffi’nt
2178 1343 2188 1354 .
2215 1317 2357 1369 Qhus
2378 1318 2492 1354 ratio·

413 1370 519 1406 nibus
535 1369 689 1405 omnibus
704 1393 714 1408 ,
735 1369 839 1404 etiam
853 1368 921 1410 iis,
947 1379 1020 1415 quae
1044 1368 1495 1421 vicinorumReligiosorum
1521 1372 1563 1414 ὠ·
1577 1372 1724 1422 Pastoris
1740 1373 1851 1408 intere
1878 1382 1894 1404 e
1909 1371 2074 1418 respicere
2084 1364 2231 1418 posteat,
2253 1366 2321 1403 rite
2341 1375 2491 1416 perpen-

404 1418 448 1468 Jis
461 1440 474 1461 ,
499 1416 677 1467 pastoralis
691 1415 799 1466 nostra
804 1415 1004 1464 sollicitudo
1017 1429 1083 1453 non
1099 1419 1266 1456 immerito
1278 1422 1428 1456 animum
1442 1421 1587 1470 nostrum
1602 1419 1738 1468 impulit
1755 1445 1764 1463 ‚
1783 1429 1823 1456 ut
1844 1417 1965 1456 difiam
1981 1418 2126 1455 Patrum
2142 1416 2398 1464 Capucinorum
2408 1413 2492 1500 ,νὲβ-

414 1467 569 1503 dentiam
588 1475 628 1502 ex
643 1466 760 1502 vicino
775 1464 908 1513 Oppido
923 1465 1103 1502 W'ellmich
1130 1476 1326 1516 nuncupato
1352 1469 1397 1504 ad
1409 1468 1579 1517 Templum
1592 1469 1845 1517 Bornhoviense
1866 1466 2056 1515 transferri
2074 1466 2195 1501 debere
2214 1465 2252 1500 in
2267 1465 2413 1502 Domino
2457 1473 2490 1500 a·

411 1514 624 1550 creverimus
635 1538 647 1557 ‚
669 1521 772 1561 prout
783 1514 1001 1562 praesentium
1014 1525 1131 1551 tenore
1148 1515 1349 1554 litterarum
1363 1540 1375 1559 ‚
1392 1518 1595 1556 auffloritate
1607 1518 1649 1559 (ἔγ
1656 1517 1816 1570 potestate
1830 1516 1941 1566 nostra
1955 1525 2024 1552 tam
2037 1513 2332 1562 Archiepiscopali
2343 1514 2488 1551 ordina-

413 1564 473 1599 ria
489 1588 497 1601 ‚
526 1561 627 1610 quam
643 1561 842 1609 Principali
855 1561 1062 1609 facultatem
1092 1565 1303 1601 concedimus
1318 1589 1330 1607 ‚
1353 1562 1403 1607 &³
1419 1568 1634 1615 impertimur
1652 1593 1661 1608 ,
1684 1577 1724 1604 ut
1746 1566 1885 1616 praefati
1906 1565 2034 1604 Patres
2051 1564 2221 1611 Capncini
2250 1561 2425 1599 translatti
2445 1570 2488 1598 ex

409 1609 591 1647 Wellmich
609 1611 774 1658 primaeva
790 1633 803 1652 ‚
828 1611 872 1645 ad
886 1610 1043 1657 templum
1059 1611 1100 1647 Β.
1117 1610 1161 1648 V.
1173 1613 1297 1649 Maria
1314 1614 1519 1652 Bornhoven
1530 1641 1543 1660 ‚
1569 1626 1692 1652 novam
1705 1615 1916 1665 residentiam
1929 1613 2105 1663 exstruant
2119 1636 2132 1655 ,
2157 1611 2316 1660 illamque
2317 1610 2386 1660 sub
2411 1611 2490 1646 obe-

410 1658 547 1696 dientia
558 1659 695 1705 suorum
703 1658 1125 1704 Superiorumsecundum
1145 1661 1325 1709 Seraphici
1338 1661 1487 1700 Ordinis
1503 1666 1565 1712 sui
1576 1664 1736 1714 instituta
1751 1690 1762 1708 ‚
1775 1664 1842 1710 sub
1866 1675 2005 1699 numero
2027 1672 2139 1699 tamen
2159 1661 2308 1700 Patrum
2332 1659 2353 1696 a*
2369 1656 2490 1698 Nobis·

411 1707 601 1757 affignando
616 1707 814 1743 inhabitent
824 1731 833 1746 ‚
858 1706 959 1743 horas
978 1709 1161 1750 canonicas
1175 1710 1299 1745 ibidem
1315 1721 1459 1748 cantent
1469 1735 1483 1755 ,
1507 1715 1733 1749 Sacramenta
1747 1713 1974 1749 'Pa-nitentia
1986 1736 1998 1756 ‚
2025 1712 2067 1752 &¹
2081 1709 2300 1759 Eucharistiae
2318 1712 2357 1745 in
2374 1706 2489 1757 suble·

410 1767 535 1793 vamen
553 1754 731 1805 pastoralis
758 1766 848 1792 curae
874 1755 1139 1805 administrent,
1164 1755 1316 1795 Verbum
1329 1759 1409 1795 ‘Dei
1419 1761 1628 1808 praedicent,
1653 1761 1755 1798 rudes
1770 1759 1983 1797 catechizem
1999 1787 2008 1802 ,
2028 1761 2234 1807 convet'sioni
2255 1759 2488 1795 vicinorum.»

410 1803 697 1841 Acatholicorum
715 1802 884 1853 apostolico
897 1802 1040 1851 zelosub
1055 1805 1158 1841 titulo
1171 1807 1336 1854 Miffionis
1349 1809 1550 1846 incumbant
1561 1833 1576 1853 ,
1595 1809 1778 1857 uberesque
1796 1810 1958 1846 bonorum
1978 1805 2254 1856 operumfrufius
2267 1830 2280 1850 ‚
2297 1806 2400 1856 sicuti
2413 1805 2489 1855 jam

410 1859 485 1887 tum
519 1863 557 1887 er
569 1852 767 1900 universam
784 1852 885 1900 suam
901 1851 1125 1889 Provinciam
1136 1853 1339 1891 Rhenanam
1353 1855 1511 1893 haetenus
1537 1856 1558 1893 ὰ
1578 1859 1692 1906 prima
1708 1858 1776 1906 fisa
1790 1856 2002 1905 fundatione
2023 1868 2142 1904 magno
2156 1856 2370 1893 Animarum
2390 1854 2487 1892 lucro

411 1910 472 1935 con
488 1907 664 1935 neverunt
680 1921 693 1940 ‚
706 1899 847 1946 faciant
862 1925 872 1935 .
900 1899 942 1936 In
967 1913 1064 1948 quem
1070 1901 1178 1948 finem
1191 1903 1303 1940 claves
1315 1905 1343 1941 S
1345 1904 1442 1940 ocelli
1458 1906 1714 1954 Bornhoviensis
1727 1932 1735 1946 ,
1761 1906 1986 1954 imaginisque
2007 1910 2045 1940 in
2061 1905 2171 1942 eodem
2190 1903 2398 1952 miraculosa
2405 1913 2488 1952 ρον·

405 1955 547 1995 petuam
559 1958 701 1991 curam,
720 1949 763 1989 ὁ
774 1947 954 1997 custodiam
967 1950 1172 1997 supradiFiis
1190 1953 1356 1989 Patribns
1368 1954 1555 2002 Capacinis
1567 1957 1606 1990 in
1617 1955 1800 2004 construfia
1814 1956 1865 1990 ibi
1879 1955 2054 2004 ressdentia
2066 1954 2279 1990 habitaturis
2293 1975 2305 1995 ‚
2318 1962 2485 2000 tanquam

411 1998 612 2048 ‘Beattffimae
630 1996 790 2046 Virginis
800 1998 928 2036 Mariae
938 1999 1139 2046 specialiter
1150 2000 1170 2036 ἃ
1183 1999 1299 2040 Nobis
1312 2002 1420 2038 eleffis
1434 2003 1641 2051 Sacristanis
1655 2005 1913 2045 committimus,
1927 2003 2095 2041 tradendo
2115 2002 2294 2048 illis-sacra
2309 2001 2392 2050 vasa
2407 2025 2419 2044 ,
2434 2010 2487 2037 to-

410 2058 548 2095 tamque
563 2046 706 2094 Ecclefiae
717 2045 813 2083 illius
818 2045 1061 2095 supellefiilem
1071 2074 1082 2089 ‚
1105 2050 1204 2097 cujus
1219 2051 1423 2086 munditiem
1433 2075 1446 2094 ,
1470 2051 1512 2092 ὼ·
1522 2053 1671 2088 decorem
1676 2051 1824 2100 sollicite
1835 2062 1961 2094 curent
1976 2076 1987 2092 ,
2014 2064 2053 2086 ac
2060 2051 2127 2098 sab
2141 2050 2251 2099 nostra
2267 2072 2280 2091 ,
2295 2050 2347 2092 ό·
2359 2049 2488 2099 nostro-

409 2108 488 2133 rum
497 2088 726 2147 Succefforum
736 2095 1093 2146 eArchiepiJcoporum
1108 2099 1150 2139 &¹
1164 2099 1370 2145 Principum
1387 2098 1639 2148 Tre-virensium
1652 2101 1848 2137 immediata
1868 2099 2091 2147 promisione,
2117 2099 2159 2139 ἐς·
2174 2098 2323 2133 dominio
2333 2120 2346 2138 ‚
2372 2097 2487 2134 omnia

410 2145 456 2181 ad
471 2144 630 2196 majorem
647 2141 904 2191 omnipotentis
918 2144 1012 2188 Dei,
1033 2146 1077 2186 (⁷9⁴
1098 2146 1290 2194 Beatiffimae
1307 2143 1468 2195 Virginis
1484 2149 1611 2185 Maria
1621 2150 1694 2197 suae
1717 2150 1848 2187 Matris
1864 2148 2035 2197 gloriam,
2054 2147 2233 2193 cultusque
2260 2145 2380 2183 divini
2404 2157 2490 2194 aug·

411 2199 561 2233 mentum
571 2217 583 2238 ,
609 2191 779 2229 Fidelium
791 2192 1000 2240 Papularum
1006 2193 1178 2242 solamen,
1200 2195 1243 2236 ὠ·
1255 2206 1426 2233 commune
1437 2198 1639 2234 commodum
1654 2222 1666 2242 ‚
1691 2198 1962 2247 quandocunque
1981 2201 2060 2245 o'pus
2070 2197 2187 2246 faerit
2203 2222 2210 2234 ,
2228 2195 2420 2241 prudenter
2435 2195 2490 2230 di·

404 2245 550 2295 sponere
564 2268 575 2287 ,
601 2243 644 2284 θ’
659 2240 852 2291 ministrare
861 2241 998 2290 jugiter
1000 2242 1170 2291 satagant
1181 2267 1194 2287 ‚
1207 2243 1322 2292 salvis
1325 2246 1457 2294 semper
1470 2246 1509 2281 in
1522 2248 1675 2283 omnibus
1686 2259 1728 2282 no
1756 2248 1806 2282 ris
1818 2270 1830 2287 ,
1844 2247 2094 2296 nostrorumque
2105 2247 2131 2281 S
2136 2241 2336 2295 uccefforum
2345 2243 2490 2293 juribus

412 2292 710 2336 &Parachorum
724 2317 738 2337 ,
764 2302 894 2329 necnon
906 2290 1019 2328 libera
1028 2294 1137 2341 super
1151 2292 1381 2330 oblationibus
1399 2318 1412 2338 ‚
1435 2295 1478 2337 ῤ’
1491 2295 1646 2331 donariis
1671 2295 1692 2331 ὰ
1737 2294 1805 2331 aeli
1818 2295 1944 2341 Populo
1965 2294 2128 2343 sssicfieri
2140 2292 2256 2342 solitis
2271 2292 2488 2341 quibuscumq

411 2354 479 2391 41¹0
494 2343 598 2392 ,ficut
610 2342 687 2380 Olim
702 2341 894 2391 consuevit,
903 2339 1112 2390 dispofitione
1123 2366 1134 2376 .
1162 2342 1284 2391 Atque
1302 2343 1435 2380 demum
1449 2368 1460 2387 ‚
1486 2356 1526 2380 ne
1538 2344 1676 2391 praefati
1693 2345 1813 2381 Patres
1826 2343 2024 2391 capucini,
2053 2340 2165 2378 veluti
2188 2343 2251 2389 qui
2269 2341 2376 2389 juxta
2390 2350 2488 2377 teno-

414 2405 487 2430 rem
509 2391 634 2441 regulae
647 2392 719 2442 snae
731 2393 832 2430 Evan
857 2388 948 2426 elica
957 2391 1178 2438 paupertatis
1198 2392 1386 2430 §emtores
1399 2392 1679 2442 suntstrifiiffimi
1690 2416 1702 2436 ‚
1722 2393 1760 2428 in
1780 2399 1983 2439 paupertate
2008 2391 2051 2432 ὠ·
2065 2390 2262 2426 humilitate
2276 2389 2422 2426 Domino
2438 2388 2486 2437 Jic

408 2442 621 2494 famulantes
634 2467 643 2480 2
670 2443 709 2477 in
723 2402 1148 2525 necqffffriissustentandae
1175 2450 1310 2478 naturae
1325 2466 1337 2484 ‚
1362 2441 1695 2490 exequendorumque
1723 2439 1902 2488 officiorum
1914 2439 2078 2487 deficiant
2091 2464 2103 2482 ‚
2127 2436 2343 2484 indulgemus
2362 2461 2375 2480 ,
2399 2448 2440 2473 ut
2463 2437 2486 2474 ὰ

409 2499 468 2549 pio
481 2498 523 2539 ὼ·
527 2493 624 2542 fideli
637 2491 757 2541 populo
773 2502 790 2527 e
805 2488 995 2538 eemosynas
1015 2491 1255 2536 per‘terminos
1271 2490 1384 2540 nostra
1399 2491 1568 2526 ‘Ditionis
1575 2489 1679 2537 juxta
1715 2482 1939 2536 r'oportionem
1950 2489 2100 2524 aliorum
2116 2485 2397 2523 Mendicantium
2415 2487 2500 2522 irc).

416 2546 573 2588 vicinia,
599 2542 708 2592 nostra
722 2539 940 2579 auitos-itate,
954 2537 1164 2586 affignandos
1175 2563 1188 2580 ,
1213 2538 1375 2582 colligere>
1384 2549 1423 2573 ac
1437 2539 1584 2584 recipere
1596 2498 1711 2574 liberi)
1716 2537 1874 2573 valeant.
1902 2537 1991 2587 Qec
2001 2536 2147 2585 praefata
2167 2535 2280 2570 omnia
2301 2534 2488 2582 &singula

415 2607 474 2639 eo,
502 2605 565 2642 quo
577 2599 638 2640 pra
649 2591 805 2627 mittitur
816 2610 829 2631 ,
853 2584 965 2624 modo,
988 2584 1032 2625 ὠ·
1045 2595 1112 2619 non
1129 2583 1232 2620 aliter
1244 2608 1257 2628 ,
1286 2582 1391 2622 Vobis
1405 2587 1447 2627 ὼ·
1463 2587 1489 2623 S
1492 2585 1585 2622 antio
1599 2586 1732 2623 Ordini
1746 2584 1853 2635 vestro
1865 2587 2069 2624 aufioritate
2082 2585 2124 2626 ἐς·
2137 2593 2253 2620 tenore
2264 2583 2486 2630 prasentinm

416 2642 627 2681 concedimus
642 2664 654 2684 ‚
680 2636 896 2688 indulgemus
918 2656 933 2679 2
964 2631 1008 2674 ό·
1030 2630 1267 2680 confirmamus
1284 2656 1295 2668 .
1330 2634 1373 2671 In
1403 2646 1547 2683 quorum
1563 2633 1669 2682 fidem
1687 2635 1760 2678 &c.
1781 2638 1819 2671 in
1846 2635 1942 2674 Arce
1973 2634 2084 2685 nostra
2104 2629 2487 2681 Ehrenbreitsteiniana

421 2703 454 2740 ς.
475 2689 609 2739 April.
638 2689 740 2735 1678·

513 2858 568 2898 Ex
589 2847 1008 2899 Annalibus'praedttsts.

511 3020 657 3060 Gaudet
675 3018 710 3055 ἆ
733 3017 928 3055 Μῑῐῖἃῦΰῐΰ
946 3015 1175 3061 Wflgheuselii
1201 3016 1440 3058 sanaunrium
1463 3024 1562 3060 fimm
1582 3023 1757 3061 Miffatum
1781 3021 2005 3067 legendarum
2027 3020 2168 3057 indulto
2181 3041 2195 3063 ,
2222 3026 2295 3054 tum
2319 3015 2455 3054 divisim
2470 3039 2486 3062 ‚

415 3078 491 3109 {um
503 3072 538 3109 &
553 3068 672 3106 unitim
687 3077 763 3103 cum
790 3063 969 3112 praepoflto
982 3066 1130 3101 Decreta
1144 3077 1302 3104 emanata
1316 3081 1342 3113 ,’
1354 3070 1449 3118 quod
1474 3073 1509 3109 &
1523 3073 1617 3120 prius
1633 3070 1792 3110 Ecclefiis
1816 3070 1940 3106 nostris
1952 3070 2189 3107 Walshurenae
2205 3089 2218 3110 ,
2245 3066 2393 3110 Agoniae
2407 3067 2484 3103 Du-

414 3119 497 3156 m³⁰3
538 3120 572 3155 ἃ
591 3114 726 3152 Μθΰῑῖῧ
740 3116 959 3159 Angelorum
984 3112 1043 3149 sub
1056 3113 1207 3151 univoco
1232 3124 1352 3154 tenore
1375 3118 1436 3157 sub
1465 3121 1619 3160 18.Maii
1639 3120 1788 3171 ejusdem
1804 3117 1901 3157 Anni
1920 3127 2019 3167 ¹7¹5·
2044 3117 2110 3155 fuit
2134 3113 2331 3154 concessum
2343 3138 2358 3160 ,
2382 3123 2483 3160 auta3

413 3169 546 3218 grapho
564 3165 708 3212 desuper
729 3162 767 3204 in
780 3162 941 3212 Archiyo
961 3163 1152 3203 ProvincIae
1173 3162 1357 3213 affesvato.

2343 3800 2413 3847 Ad
