2638 4204
368 306 471 389 23
490 279 540 361 8

310 417 472 469 Dietas
502 418 659 463 Sacrae
689 408 922 478 Reliquias
943 426 999 460 ex
1016 409 1208 476 Capella
1226 413 1325 461 Cae-

379 485 504 536 sarea
531 482 707 532 extrahi
745 479 826 530 sub
859 479 1057 530 censuris
1085 494 1245 538 vetat,
1274 482 1323 536 ὃς

379 553 699 624 prohibitionis
724 553 907 618 copiam
933 554 978 600 in
994 550 1140 602 valvis
1160 554 1326 621 Capel-

382 629 437 676 1ae
465 620 688 675 continuo
706 619 892 672 affixam
912 620 1215 685 tenerijubet.

311 752 819 810 URBANUS
891 753 1097 802 PAPA
1170 754 1324 804 VIII.

484 882 554 927 Aa
563 888 799 938 perpetuam
823 879 883 923 rei
904 883 1145 923 memor-iant.¹

419 1002 523 1051 Um,
556 999 654 1041 ficut
670 1013 799 1055 nuper
825 1011 899 1053 pro
925 1006 1040 1054 parte
1059 997 1208 1040 Dileffl
1225 998 1317 1041 Filii

445 1057 668 1102 Guardiani
685 1055 836 1100 Domus
849 1060 1044 1101 Fratrum
1057 1056 1222 1099 Ordinis
1241 1059 1320 1100 Mi·

303 1130 453 1161 norum
470 1118 603 1160 saneti
622 1115 819 1159 Francisci
835 1116 1143 1172 Capucinorum
1162 1130 1318 1160 nuncu-

301 1187 495 1233 patorum
535 1177 739 1218 Viennen.
775 1175 905 1217 Nobis
948 1177 1171 1230 expositum
1210 1173 1285 1217 fuit
1301 1205 1318 1228 ,

303 1233 545 1278 Chariffima
562 1234 601 1276 in
617 1233 782 1277 Christo
801 1233 898 1275 Filia
917 1234 1046 1276 nostra
1062 1263 1076 1285 ‚
1092 1233 1316 1285 Eleonora,

301 1293 529 1336 Chariffimi
542 1293 664 1335 etiam
682 1294 724 1334 in
740 1291 901 1334 Christo
916 1291 1007 1333 Filii
1034 1292 1318 1344 nostri,Ferdi-

298 1353 424 1397 nandi
450 1355 731 1394 Romanorum
749 1350 870 1405 Regis
890 1352 957 1402 ‚sin
982 1353 1318 1407 Imperatorem..-

299 1412 422 1454 e1e6u
439 1410 663 1467 Conjux,in
679 1410 965 1454 executionem
977 1412 1050 1465 piae
1062 1411 1228 1461 mentis,
1244 1413 1316 1452 bo·

297 1483 355 1513 nae
373 1471 573 1515 memoriae
589 1472 740 1519 Annae,
773 1468 893 1510 clarae
917 1470 1119 1513 memoriae
1133 1470 1316 1520 Mathiae,

294 1530 481 1575 fimiliter
502 1529 780 1571 Romanorum
796 1528 917 1581 Regis
935 1556 949 1578 ‚
965 1527 1004 1569 in
1019 1530 1314 1583 Imperatorem

297 1588 418 1633 electi
439 1586 640 1642 Conjugis
655 1611 669 1634 ‚
700 1584 848 1627 diuam
864 1588 1043 1627 Domum
1057 1600 1151 1627 cum
1170 1586 1317 1629 Eccle-

297 1646 348 1689 fia
359 1673 373 1695 a
388 1648 429 1691 δε
442 1647 481 1689 in
496 1643 640 1692 eadem
660 1643 841 1686 Ecclesia
856 1657 975 1686 unam
991 1644 1204 1699 Capellam
1219 1659 1306 1687 con·

297 1705 488 1750 struxerit
504 1732 518 1755 ‚
549 1703 588 1747 in
611 1716 688 1758 qua
701 1702 874 1745 Mathias
887 1728 902 1749 a
935 1703 977 1745 &
994 1705 1113 1746 Anna
1139 1703 1316 1758 praedicti

297 1763 442 1819 sepulti
469 1761 560 1805 sunt
577 1791 591 1813 ,
623 1761 878 1816 eandemque
901 1760 1138 1814 Capellam,
1153 1761 1315 1817 ejusque

292 1822 521 1866 sacristiam
538 1820 657 1863 variis
672 1819 806 1861 Sacris
826 1818 1087 1874 Reliquiis,&
1104 1821 1315 1873 Reliquia-

292 1883 390 1932 riis,
420 1894 464 1923 ac
493 1879 742 1935 paramentis
770 1879 807 1919 δι
837 1879 1088 1919 ornamentis
1106 1906 1120 1929 ‚
1151 1877 1312 1934 aliaque

291 1940 401 1983 sacra
436 1935 688 1994 supellectile
729 1935 957 1979 instruxerit
1003 1938 1044 1980 δι
1071 1938 1281 1980 ornaverit
1299 1966 1314 1990 ‚

295 2003 385 2042 Nos
414 1995 951 2051 §acrarum-Reliquiarum,
982 1997 1021 2037 δι
1049 1997 1315 2039 Paramento-

295 2071 393 2100 rum
407 2085 422 2107 ‚
455 2070 497 2098 ac
513 2053 690 2096 aliorum
708 2053 993 2110 praemifforum
1017 2053 1313 2097 conservationi

294 2117 336 2158 δε
350 2113 643 2157 manutentioni
656 2138 670 2160 a
703 2113 899 2168 quantum
918 2127 1010 2155 cum
1030 2114 1208 2155 Domino
1224 2108 1314 2168 pos·

292 2173 429 2217 sumus
444 2199 458 2222 ‚
488 2171 667 2224 benigne
681 2171 897 2213 consulere
923 2174 1102 2216 volentes
1116 2201 1129 2223 ,
1162 2171 1312 2229 suppli-

292 2230 520 2278 cationibus
546 2229 640 2270 dicti
669 2229 893 2271 Guardiani
917 2232 1049 2274 Nobis
1082 2231 1199 2287 super
1230 2233 1307 2273 hoc

293 2288 506 2337 humiliter
532 2288 726 2343 porrectis
753 2287 966 2340 inclinati,
997 2306 1048 2332 ne
1074 2289 1128 2332 de
1146 2288 1310 2333 coe‘tero

295 2348 500 2406 quisquam
523 2375 538 2399 ,
569 2346 709 2404 quavis
730 2347 970 2393 auctoritate
994 2350 1188 2404 fungens,
1220 2351 1309 2391 Re-

1079 268 1661 357 Provincia

1381 408 1526 465 liquias
1553 409 1593 450 δε
1611 406 1888 464 Reliquiaria‚
1921 416 1997 448 nec
2023 419 2107 451 non
2136 421 2365 460 ornamenta
2387 448 2403 471 ‚

1379 469 1418 508 δι
1433 479 1669 523 paramenta
1685 497 1698 519 ,
1730 469 1769 508 &
1785 463 1956 520 cujusvis
1973 469 2135 520 generis
2152 469 2297 516 sacram
2313 475 2401 532 sup,-

1384 526 1633 582 pellee'tilem
1661 556 1674 578 ,
1704 528 1743 568 &
1771 526 1917 581 quaevis
1944 524 2022 567 alia
2050 526 2163 570 dietae
2191 531 2365 585 Capellae
2380 564 2396 587 ,
2413 537 2419 542 ’

1381 595 1450 628 aut
1467 586 1553 642 ejus
1566 587 1758 629 sacristiae
1776 587 1966 626 haetenus
1994 586 2307 638 quomodolibet
2321 592 2400 634 do.

1381 655 1475 687 nata
1492 647 1530 688 &
1545 644 1729 700 affignata
1749 670 1763 691 ,
1792 642 1860 685 seu
1879 642 2144 698 imposterum
2159 645 2345 691 donanda
2361 652 2401 694 &2

1384 702 1607 758 assignanda
1622 732 1637 754 ‚
1668 717 1717 744 ex
1738 702 1841 744 dicta
1853 700 2031 745 Ecclesia
2051 731 2065 754 ‚
2092 703 2158 747 seu
2189 706 2402 760 Sacristia,

1388 762 1453 805 vel
1475 765 1606 804 Domo
1620 790 1634 813 ,
1665 761 1734 803 sub
1767 762 1913 816 quovis
1938 761 2101 818 quaefito
2129 763 2274 806 colore
2288 793 2302 815 ‚
2334 766 2401 810 vol

1381 831 1579 875 praetextu
1594 823 1830 872 extrahere,
1845 818 1991 870 five2ut
2009 822 2276 864 extrahantur
2288 850 2302 874 ‚
2315 837 2405 879 per.

1379 880 1546 924 mittere
1561 880 1709 922 audeat
1727 879 1794 921 seu
1809 878 1927 934 praesu
1935 890 2013 921 mat
2029 906 2043 929 ,
2077 879 2147 923 sub
2165 895 2404 925 excommu-

1377 938 1606 986 nicationis,
1618 940 1658 982 &
1671 938 1802 994 quoad
1820 939 2051 994 Regulares
2065 941 2187 982 etiam
2207 941 2406 996 privatio-

1378 997 1440 1040 nis
1460 998 1570 1040 vocis
1583 999 1718 1040 aaivae
1731 1026 1746 1048 .,
1770 999 1809 1039 &
1825 997 1976 1053 paffivae
1991 999 2141 1052 poenis,
2155 1014 2230 1055 per
2243 1010 2406 1042 contra-

1381 1053 1574 1100 facientes
1589 1055 1640 1100 ea
1659 1055 1746 1112 ipso
1762 1058 2015 1099 incurrendis
2031 1083 2045 1106 ,
2080 1058 2314 1114 Apostolica
2328 1073 2405 1101 au-

1379 1117 1632 1167 ctoritate,te
1640 1129 1736 1158 nore
1749 1115 2001 1170 praesentium
2018 1116 2301 1160 interdicimus
2317 1146 2330 1170 ,
2361 1119 2403 1161 δε

1379 1175 1641 1230 prohibemus
1659 1202 1670 1214 .
1703 1176 1799 1215 Non
1815 1173 2065 1215 obstantibus
2080 1176 2401 1219 Constitutioni-

1379 1237 1449 1277 bus
1464 1236 1501 1275 &
1520 1231 1844 1275 ordinationibus
1867 1231 2049 1286 Apostoli
2061 1232 2116 1273 cis
2136 1261 2151 1284 ,
2165 1248 2209 1277 ae
2223 1263 2238 1286 ,
2254 1245 2402 1291 quate.-

1376 1306 1451 1336 nus
1466 1305 1567 1348 opus
1582 1292 1645 1342 fit,
1661 1287 1816 1332 Domfis
1830 1319 1845 1343 ‚
1862 1292 1902 1331 &
1919 1289 2085 1332 Ordinis
2098 1292 2396 1346 praemistorum,

1378 1350 1769 1407 etiamjuramento,
1803 1347 2114 1392 confirmatione
2132 1350 2367 1406 Apostolica
2387 1381 2404 1406 ,

1378 1411 1444 1454 vel
1459 1409 1605 1465 quavis
1634 1406 1831 1451 firmitate
1856 1407 1934 1450 alia
1950 1407 2151 1451 roboratis
2178 1410 2333 1453 statutis
2358 1412 2400 1454 δι

1377 1467 1737 1512 consuetudinibus
1755 1495 1770 1519 ‚
1799 1466 2037 1522 caeterisque
2062 1468 2276 1511 contrariis
2302 1470 2398 1526 qui,-

1377 1529 1612 1584 buscunque
1625 1555 1636 1567 .
1662 1527 1860 1569 Volumus
1874 1535 2014 1568 autem
2029 1554 2042 1577 ,
2060 1525 2167 1582 quod
2185 1526 2393 1582 praesentis

1375 1585 1802 1643 prohibitionis-copia
1829 1586 1866 1628 in
1897 1584 2026 1627 valvis
2052 1586 2165 1627 die'tae
2182 1587 2395 1642 Capessae,

1377 1646 1441 1688 seu
1457 1644 1647 1688 Sacristiae
1662 1672 1676 1694 ‚
1707 1654 1775 1686 aut
1791 1644 1926 1699 aliquo
1942 1643 2022 1685 alio
2045 1643 2257 1699 perspicuo
2271 1645 2393 1698 loco,

1377 1705 1487 1747 unde
1502 1705 1551 1745 ab
1567 1703 1752 1744 omnibus
1767 1704 1879 1746 cerni
1896 1701 2014 1756 posfit
2025 1728 2039 1750 a
2068 1703 2264 1747 continuo
2276 1703 2392 1748 affixa

1377 1773 1540 1805 maneat
1558 1791 1570 1802 .

1438 1824 1587 1863 Datum
1604 1822 1743 1863 Romae
1758 1817 1866 1874 apud
1882 1822 1923 1862 S.
1940 1821 2109 1862 Petrum
2134 1819 2203 1862 sub
2220 1821 2394 1865 Annulo

1376 1880 1588 1922 Piscator-is
1609 1879 1676 1922 die
1690 1891 1764 1920 xxx
1775 1893 1811 1921 v.
1829 1879 2067 1921 Decembris
2093 1893 2127 1920 M
2141 1894 2170 1921 n
2183 1893 2246 1924 cx
2257 1891 2320 1922 xx
2340 1894 2396 1924 ιι.

1375 1936 1641 1983 Pontificatus
1658 1938 1781 1980 nostri
1803 1940 1925 1981 Anno
1942 1938 2105 1980 decimo
2120 1966 2133 1978 .

1899 2056 1958 2097 Μ.
1975 2057 2024 2097 A.
2036 2052 2249 2097 Maraldus
2265 2084 2278 2096 .

1431 2234 1576 2286 Autog.
1600 2215 1783 2274 ἰηἈνιῇ.
1797 2234 1914 2271 Brev.
1931 2229 2063 2287 Apost.
2080 2232 2172 2285 Reg.
2205 2229 2325 2286 mens-⁸
2340 2230 2390 2278 15

1486 2286 1801 2345 annipraed.fol.
1817 2300 1913 2340 74¹·
1932 2289 1976 2329 de
1994 2303 2070 2344 quo
2093 2293 2220 2332 Breve
2221 2286 2388 2347 forme&

1483 2358 1569 2392 tum
1580 2352 1623 2390 in
1637 2346 1758 2391 Arch.
1775 2348 1992 2390 Provincia·
2004 2375 2016 2388 .

1054 2502 1609 2602 NOTA.

298 2661 387 2750 O
404 2662 481 2700 Mn}
499 2675 542 2700 ex
556 2671 651 2711 parte
667 2664 855 2708 convenit,
882 2660 937 2696 hic
958 2661 1172 2699 individua}
1187 2662 1379 2710 praecipuas
1401 2664 1519 2702 sacras
1535 2660 1711 2719 Reliquias
1722 2686 1734 2706 ,
1760 2671 1837 2699 cum
1851 2671 1948 2710 parte
1960 2659 2189 2710 supelleffilis
2203 2682 2216 2705 ‚
2243 2671 2319 2708 quae
2333 2660 2372 2699 in

414 2712 563 2749 Caesarea
578 2713 639 2750 hac
652 2713 796 2761 Capella
812 2737 825 2756 ,
845 2722 883 2749 ac
901 2709 1016 2747 sacro
1031 2712 1216 2749 Thesauro
1231 2711 1478 2750 conservantur
1493 2737 1508 2760 ,
1531 2712 1567 2748 &
1586 2713 1754 2760 praecipue
1770 2711 1849 2747 sunt
1862 2735 1875 2748 .

401 2830 430 2857 r.
456 2818 640 2859 Particula
654 2831 778 2868 magna
793 2843 807 2865 ‚
831 2817 918 2855 aurii
929 2817 1161 2868 &smaragdo
1175 2829 1301 2859 ornata
1327 2819 1369 2857 de
1383 2819 1541 2860 sindone
1555 2842 1570 2865 ,
1593 2818 1663 2867 qud
1671 2817 1911 2867 pretiosiffimus
1933 2814 2062 2866 Christi
2077 2814 2220 2853 Domini
2235 2815 2384 2864 sanguis

298 2869 455 2916 exceptus
475 2870 552 2917 fuit
566 2895 576 2905 .

394 2926 426 2954 2.
450 2919 580 2955 Statua
591 2941 605 2961 ‚
621 2917 685 2965 seu
700 2917 810 2964 Imago
826 2916 868 2952 Β.
882 2913 925 2953 V.
941 2916 1069 2954 Μανία
1080 2927 1245 2964 argentea
1257 2942 1271 2962 ‚
1286 2918 1356 2966 sub
1378 2929 1447 2966 qua
1468 2915 1614 2954 habetur
1624 2914 1808 2954 Particula
1829 2914 1872 2952 de
1888 2912 1971 2954 Velo
1983 2938 1996 2958 ,
2014 2913 2080 2963 seu
2097 2911 2194 2963 peplo
2206 2936 2220 2957 ,
2232 2909 2378 2963 ejusdem

294 2963 345 3001 ⁴13.
360 2962 519 3013 Virginis
533 2989 546 3009 ‚
570 2967 609 3001 in
624 2977 701 3013 quo.
716 2966 861 3002 divinus
875 2964 1119 3016 Pufiojacutffe
1134 2967 1310 3004 traditur.

399 3027 430 3061 3.
455 3013 590 3053 Similis
602 3014 719 3065 statua
734 3024 896 3060 argentea
910 3015 1000 3051 Divi
1015 3014 1156 3065 Jolephi
1167 3041 1180 3060 ,
1192 3015 1404 3065 compleffient
1414 3013 1624 3064 particulam
1638 3012 1680 3050 de
1693 2990 1789 3052 illia}
1804 3012 1915 3052 Pallio
1929 3039 1940 3050 .

395 3076 431 3110 4·
455 3066 586 3102 Statua
597 3072 709 3109 parva
721 3063 759 3098 S.
774 3061 964 3110 Sebastiani
977 3088 989 3106 ‚
1015 3076 1056 3101 ex
1076 3065 1182 3102 rubro
1196 3066 1334 3102 caralita
1346 3065 1501 3114 formata
1519 3086 1533 3108 ,
1553 3073 1671 3100 teaem
1682 3060 1894 3113 particulam
1913 3062 1956 3099 de
1974 3059 2098 3100 vexillo
2112 3085 2126 3107 ‚
2150 3071 2191 3097 ac
2201 3056 2303 3109 fimul
2313 3065 2377 3095 ex·

299 3109 421 3149 bibens
440 3112 650 3161 particulam
664 3111 707 3148 de
719 3110 822 3150 sacris
836 3113 908 3160 ejtts
919 3112 1030 3160 offibus
1045 3115 1083 3150 in
1096 3114 1196 3151 corde
1211 3126 1315 3152 aureo
1332 3143 1340 3152 .

392 3173 427 3208 ς.
455 3162 496 3198 In
508 3161 614 3209 effigie
626 3189 634 3204 ‚
653 3152 840 3209 stastatuta
847 3159 1008 3209 pefiiorali
1020 3172 1185 3210 argentea
1199 3185 1213 3204 1
1238 3163 1409 3202 Granium
1422 3164 1463 3200 S.
1479 3158 1660 3208 Chriflinae
1678 3157 1717 3197 V
1712 3161 1782 3208 irg.
1796 3159 1840 3202 ὼ·
1854 3159 2031 3208 Martyris
2046 3188 2055 3195 .

392 3211 427 3245 6.
453 3211 493 3247 ln
498 3210 600 3261 fimili
614 3209 857 3258 magnastatua
868 3221 1030 3256 argentea
1047 3210 1208 3260 perforata·
1217 3238 1226 3254 ‚
1252 3214 1405 3249 exterius
1416 3212 1602 3253 deaurata,
1615 3221 1739 3257 magna
1758 3208 1943 3247 Particula
1958 3209 2000 3245 de
2014 3209 2054 3245 S.
2070 3205 2196 3246 Thecla
2213 3204 2257 3245 V·
2271 3205 2315 3248 ὁ·
2324 3201 2385 3242 M.

394 3267 428 3306 7·
457 3262 497 3297 In
523 3259 641 3297 Simili
668 3267 814 3305 argenta
841 3258 992 3307 imagine
1019 3259 1184 3310 pefforali
1206 3283 1221 3305 ,
1245 3261 1448 3310 margaritis
1475 3259 1519 3302 ὠ·
1536 3259 1678 3307 gemmis
1698 3257 1931 3308 pretiofiffimis
1956 3256 2110 3308 disiinfila
2130 3282 2143 3303 ‚
2171 3255 2377 3296 Granium

293 3307 335 3347 S·
347 3307 499 3355 Agnetis
519 3306 619 3357 Virg.
633 3309 675 3351 &¹
688 3306 895 3356 martyris
908 3333 918 3344 .

394 3356 424 3392 8.
453 3358 493 3394 In
499 3357 634 3406 speculo
663 3358 807 3406 quodam
830 3367 872 3394 ex
888 3356 1024 3395 Concha
1051 3357 1313 3407 margaritifera
1328 3358 1478 3406 formato
1489 3381 1502 3403 ,
1526 3356 1700 3407 Reliquiae
1724 3357 1765 3395 S.
1779 3357 1968 3395 Laurentii
1993 3355 2109 3395 Mart.
2129 3365 2204 3392 cum
2225 3350 2376 3400 liquore,

294 3406 358 3457 qui
367 3415 408 3445 ex
422 3407 568 3456 ejusdem
584 3409 732 3457 Corpore
749 3408 786 3442 in
803 3406 984 3444 Craticula
995 3408 1093 3455 posito
1109 3404 1284 3459 defluxtffe
1300 3408 1435 3446 dicitur
1451 3432 1461 3445 ·
1489 3448 1494 3454 ,

394 3468 429 3505 9.
459 3457 498 3493 In
504 3457 608 3507 simili
613 3455 749 3506 speculo
761 3455 932 3494 Granium
944 3457 983 3493 S.
1000 3455 1180 3495 Vincentii
1194 3459 1380 3506 Martyris.
1392 3473 1394 3475 ’
2222 3496 2232 3506 ‚

398 3517 410 3541 ¹
418 3517 451 3544 0·
480 3506 520 3541 ln
532 3509 612 3555 pari
618 3505 753 3555 speculo
767 3516 808 3542 ex
821 3504 957 3542 Concha
971 3507 1243 3555 Margaritifera
1257 3505 1428 3555 Reliquiae
1443 3505 1597 3556 Episcopi
1610 3501 1772 3553 anglica·
1783 3525 1798 3546 ,
1809 3501 1848 3540 S·
1868 3499 2000 3539 Thomae
2020 3499 2043 3537 ai
2057 3498 2254 3538 Cantuarm
2264 3520 2276 3531 .

397 3566 412 3591 1
425 3565 454 3589 ι.
482 3554 522 3590 ln
539 3555 663 3603 aquali
667 3554 804 3604 speculo
816 3553 1011 3591 'Particula
1028 3555 1070 3591 de
1082 3557 1121 3592 S.
1136 3556 1243 3593 Petro
1254 3552 1440 3606 Veronensi
1450 3556 1614 3603 Martyre
1628 3577 1638 3588 .
2327 3594 2338 3605 ,

397 3614 410 3640 1
419 3614 450 3641 a·
480 3603 521 3639 ln
530 3606 749 3654 pretiofiffima
761 3603 909 3652 quadam
925 3613 1089 3652 argentea
1101 3604 1321 3645 &deaurata
1336 3617 1460 3653 magna
1471 3603 1562 3655 Gilia
1577 3603 1751 3649 integrum
1764 3600 1899 3647 Corpus
1916 3599 1956 3636 S.
1973 3594 2164 3634 Thimothei
2179 3594 2367 3653 Martyris.

398 3664 453 3700 13.
483 3653 521 3688 ln
538 3664 700 3700 argentea
712 3679 723 3697 ,
749 3666 788 3690 ac
805 3654 975 3690 deaurata
991 3653 1143 3702 Cistula,
1169 3666 1291 3691 manus
1304 3656 1417 3693 adhuc
1437 3655 1639 3699 incorrupta
1652 3651 1694 3688 S.
1706 3647 1889 3697 Athanofii
1902 3671 1916 3693 ,
1942 3645 2085 3696 Ecclefiae
2099 3644 2254 3682 Dauom
2266 3669 2279 3683 .

396 3715 454 3751 ¹4·
478 3702 520 3738 ln
523 3700 626 3750 simili
641 3702 769 3751 Cistula
781 3704 1003 3751 incorruptus
1019 3703 1083 3740 Pes
1095 3703 1271 3753 cujusdam
1284 3703 1525 3742 &Innocentis
1539 3700 1713 3748 Martyris
1725 3725 1735 3736 .

398 3763 450 3798 15.
478 3750 579 3787 ‘Duae
592 3751 919 3804 Manlirantiez,seu
942 3751 1134 3803 Ostenforia
1154 3763 1319 3800 argentea
1332 3778 1344 3798 ‚
1369 3754 1511 3797 decore,
1537 3748 1797 3797 magnitudine,
1822 3759 1860 3785 ac
1882 3749 1980 3785 ultra
2006 3755 2142 3783 centum
2163 3744 2369 3781 librarum

285 3799 436 3851 pondere
446 3798 675 3850 pretiofiffima
689 3824 702 3845 ‚
726 3800 1043 3848 comprehendentia
1050 3801 1167 3849 plures
1180 3802 1303 3850 sacras
1317 3802 1500 3853 Reliquias
1513 3824 1525 3845 ,
1551 3800 1594 3842 ὼ·
1607 3795 1670 3850 offa
1685 3796 1887 3834 Sanfiiorum
1900 3820 1913 3840 ,
1941 3798 1978 3832 ἰη
1993 3794 2038 3829 iis
2051 3795 2344 3831 denominatarum
2356 3815 2367 3825 .

395 3851 448 3886 16.
478 3849 517 3885 ln
531 3847 686 3885 columna
698 3849 848 3885 eburnea
862 3849 1044 3887 particula
1056 3851 1097 3886 de
1106 3851 1218 3887 Sacra
1231 3849 1355 3900 Virga,
1391 3855 1438 3888 ua
1446 3850 1612 3889 Salvator
1623 3845 1728 3898 noster
1734 3844 1933 3899 flagellatus
1939 3845 2028 3893 fuit.
2045 3842 2187 3881 Pariter
2197 3851 2267 3879 tres
2277 3838 2368 3877 Par-

285 3897 400 3937 ticulae
414 3899 456 3935 de
458 3898 655 3955 sanguinea
676 3895 863 3940 Columna,
891 3898 948 3935 cui
960 3898 1116 3949 Christus
1142 3901 1185 3936 in
1203 3899 1442 3951 flagellatione
1455 3899 1581 3949 fuerat
1591 3896 1757 3946 alligatus
1770 3920 1781 3938 ‚
1803 3908 1844 3933 ac
1859 3891 2044 3935 Paracata
2062 3891 2103 3929 de
2129 3890 2239 3940 mensa
2252 3888 2368 3925 Sacra

285 3947 396 3988 Cana
406 3946 549 3987 Domum·
568 3973 579 3986 .

2219 3935 2326 3984 17.1n
