2638 4204
450 248 620 331 334
1175 209 1748 295 Provincia

385 356 470 395 melo
482 353 708 395 monasterium
736 353 755 396 )
778 351 936 392 destinata
949 347 1022 394 esset
1035 370 1045 386 ‚
1074 339 1504 392 opificumquejamperfidg
1522 353 1635 376 manus
1652 344 1783 386 adm⁰²5
1795 365 1805 381 ³
1832 353 1870 376 ‘²⁶
1890 341 2023 377 initium
2037 342 2163 385 nefario
2173 350 2260 392 operi
2281 347 2405 384 temeri
2417 350 2483 393 faa

387 408 478 442 llum
535 400 686 442 calestem
699 401 818 435 Divini
829 399 988 447 ‘Nymmis
1003 393 1097 438 sensit
1119 391 1280 438 repulsam
1297 413 1306 428 ‚
1333 391 1377 424 Θ·
1401 398 1528 424 terrore
1554 388 1760 429 consternatis
1787 389 2001 431 infernalibus
2021 383 2084 429 istis
2104 392 2286 439 Cyclopibus
2306 420 2319 437 ,
2346 398 2438 444 quasi
2456 396 2480 433 ἀ

388 429 519 489 cervis}
527 449 720 495 juaulandis
734 472 744 487 ,
772 456 924 483 revocato
934 446 1050 488 furore
1071 448 1113 481 ά·
1121 436 1445 487 gladio,miraculose
1461 438 1654 481 conservata
1664 436 1892 485 principaliori
1914 435 2081 475 liranum
2094 463 2104 479 ‚
2124 443 2282 492 ⁸magnam
2297 445 2370 488 sese
2379 445 2481 489 futu·

387 481 813 546 ‚orumpro‘jceczuumspem
833 493 1012 532 exhibere,
1039 492 1081 526 Θ
1096 483 1291 531 intermissas
1314 484 1468 519 haetenus
1484 487 1546 520 Dei
1566 488 1793 535 omnipotentis
1820 486 2077 533 Sanctorumque
2099 497 2168 532 eJus
2190 487 2300 524 laudes
2325 502 2442 540 urgere
2468 518 2482 536 ,

389 561 428 584 ac
443 547 605 594 reposcere
623 543 804 578 videbatur
819 567 828 576 .
859 542 1039 590 Noluimus
1054 538 1166 582 itaque
1178 559 1188 574 ,
1213 545 1268 568 nec
1277 533 1448 579 potuimus
1461 533 1560 576 officio
1580 538 1624 573 Θ
1647 533 1844 581 obligationi
1863 531 1971 573 nostra
1984 546 2092 570 coram
2114 541 2181 570 Deo
2195 538 2239 572 Θ
2261 536 2441 575 bominibus
2465 566 2477 583 ‚

390 593 550 644 quantam
565 594 596 625 in
608 590 698 625 nobis
708 616 718 632 ,
745 593 788 627 Θ
801 589 824 624 a*
837 589 928 625 nobis
937 586 993 633 effe
1002 582 1102 633 potest
1117 608 1125 623 ,
1140 580 1238 626 deeffe
1256 579 1398 615 ulterias
1413 605 1424 621 ,
1445 584 1524 628 quin
1538 591 1669 619 matura
1682 594 1781 626 cause
1791 583 1970 627 cognitione
1983 581 2098 617 habita
2109 607 2118 623 ‚
2142 581 2239 628 hujus
2256 585 2390 630 Ecclesig
2398 586 2471 632 jam

392 645 530 679 decenna
540 640 564 674 li
573 638 766 681 desolationi
775 664 785 680 ‚
800 637 984 683 ibidemque
989 634 1084 678 soliti
1095 630 1202 665 cultus
1216 630 1324 664 divini
1334 629 1539 665 deorbationi
1547 640 1608 677 pro
1622 632 1708 666 omni
1715 629 1799 676 poffit
1809 628 2060 672 confideremus,
2069 634 2112 667 Θ
2125 633 2293 667 accedente
2307 633 2450 678 consensu
2461 660 2474 679 ,

389 692 469 739 quin
483 692 524 725 Θ
538 688 670 722 hortatu
683 711 693 727 ‚
723 691 766 724 Θ
779 684 927 726 instantia
945 679 1187 719 Venerabilium
1204 675 1298 712 nobis
1311 677 1513 714 Dilectorum
1529 683 1573 716 Θ
1586 679 1746 715 fidelium
1760 702 1770 718 ,
1784 679 1905 713 Decani
1920 681 1962 714 Θ
1981 679 2122 725 Capituli
2140 704 2151 720 ‚
2174 679 2472 727 proindequgfalta

390 737 595 780 afflonatione
618 743 785 771 certarum
802 731 1102 777 circumjacentium
1128 737 1281 761 arearum
1294 750 1305 766 ‚
1334 723 1394 761 ubi
1405 727 1528 772 exigua
1548 727 1627 762 olim
1646 752 1657 768 ‚
1684 738 1764 762 nunc
1783 727 1897 770 dirutf
1913 728 1957 763 Θ
1972 727 2068 772 rasg,
2091 726 2249 772 collocate
2271 729 2371 768 ades,
2398 737 2477 775 prg-

391 767 517 820 άίἷῖαηι
532 780 703 823 Ecclesiam
719 781 919 823 devastatam
934 803 944 819 ‚
973 790 1009 812 ac
1017 777 1155 820 suarum
1170 782 1322 809 veterum
1335 773 1542 817 fdicularum
1557 774 1706 818 rasarum
1721 775 1840 809 rudera
1851 800 1861 815 ,
1885 785 1956 810 eum
1973 776 2155 810 coemeterio
2172 773 2312 822 ejusdem
2327 775 2475 821 Ecclefig,

389 835 432 869 ρῇ-
447 830 529 864 locis
545 830 782 871 vicinioribus,
813 832 845 864 in
864 825 1040 874 singularis
1063 822 1197 869 desuper
1223 823 1354 856 tradita
1378 819 1565 868 poffeffionis
1588 824 1693 859 eret‘io
1711 820 1918 862 instrumento
1926 824 2100 870 speciatim
2121 823 2315 870 descriptis,
2342 831 2412 859 tum
2426 827 2472 861 Θ

391 879 526 915 vineam
537 876 627 917 istam
642 902 652 918 ,
670 879 731 921 seu
736 879 875 922 fundum
893 872 1042 921 proxime
1069 868 1269 915 adjacentem
1283 894 1293 909 ‚
1316 880 1412 915 quem
1426 866 1448 903 d
1462 870 1730 953 Dilet‘lolmriter
1745 869 1836 905 nobis
1863 873 1906 907 Θ·
1912 870 2007 912 fideli
2020 872 2148 915 ‘Joanne
2162 873 2252 916 “jona
2264 871 2443 908 Godelman
2459 894 2473 912 ,

391 929 435 963 Θ
446 925 588 971 ejusdem
603 938 706 961 uxore
719 927 908 972 Margarita
923 948 933 963 ‚
961 923 1036 956 Cive
1051 925 1093 957 Θ·
1106 923 1260 954 Senatore
1277 917 1522 961 Wormatieus'e
1535 943 1545 959 ‚
1572 932 1589 954 o
1627 920 1894 967 praescriptorum
1916 919 2059 955 locorum
2074 921 2325 968 contiguitatem
2335 944 2346 960 ,
2379 930 2477 955 cum.»

383 974 454 1019 suis
466 975 716 1020 appertinentiis
729 978 773 1012 Θ
784 962 925 1019 iollapsis
938 970 1058 1005 ibidem
1072 965 1240 1013 cujusdam
1254 967 1394 1010 &oannis
1403 965 1527 1008 {jacobi
1542 973 1625 1002 Gros
1642 968 1824 1012 Piscatoris
1838 967 2029 1004 domuncula
2043 971 2086 1006 Θ
2105 966 2280 1004 ruderibus
2296 993 2307 1010 ‚
2333 979 2376 1003 ex
2390 967 2476 1003 elee-

387 1020 513 1064 mosinis
526 1022 659 1067 piorum
673 1023 840 1058 hominum
861 1024 904 1056 (φ
919 1017 1016 1063 hujus
1030 1016 1160 1051 Ordinis
1177 1015 1353 1058 fautorum
1366 1038 1376 1054 ,
1405 1016 1446 1050 Θ
1463 1013 1706 1058 benefat‘torum
1720 1015 1863 1052 collenis
1875 1039 1886 1056 ,
1905 1014 2009 1062 juxta
2015 1016 2175 1062 speciales
2199 1016 2274 1060 desu
2299 1030 2334 1052 er
2349 1015 2474 1052 erectas

388 1071 560 1115 emptionis
574 1074 617 1107 Θ·
632 1071 832 1105 venditionis
846 1069 1012 1105 Litteras,
1032 1073 1095 1111 per
1116 1062 1334 1106 Constliarl‘um
1358 1060 1497 1102 nostrum
1521 1066 1565 1100 Θ·
1579 1066 1824 1100 Mandat-arium
1836 1075 1898 1098 non
1922 1063 2026 1100 mimis
2041 1065 2196 1101 dilectum
2207 1067 2251 1101 Θ
2286 1064 2390 1100 delem
2406 1063 2476 1108 ‘so-

387 1128 499 1153 annem
511 1118 675 1162 “jacobum
689 1115 808 1162 Laffi‘r,
815 1115 946 1162 jurium
964 1114 1133 1148 notiorem
1146 1110 1494 1158 coemimus,praedtttis
1509 1111 1670 1148 Patribus
1684 1114 1857 1160 Capucinis‚
1868 1114 1912 1148 Θ
1927 1114 2096 1149 eorundem
2113 1114 2308 1154 S.Ordini,in
2318 1114 2474 1148 bonorem

388 1165 556 1212 seraphici
572 1167 688 1199 ‘Patris
702 1170 734 1199 S.
750 1165 913 1208 Francisci
920 1172 980 1210 pro
994 1160 1195 1202 construendo
1213 1184 1223 1200 ‚
1234 1163 1276 1196 Θ
1285 1158 1390 1205 juxta
1400 1156 1600 1203 institutifhi
1613 1163 1772 1196 rationem
1784 1158 1903 1196 melios
1917 1162 2145 1196 accomodando
2158 1186 2168 1202 ,
2193 1170 2294 1209 atque
2308 1160 2478 1209 amplians

388 1215 428 1248 do
445 1212 603 1254 Coenobio,
627 1213 832 1248 authoritate
858 1210 961 1252 nostra
983 1211 1149 1246 ordinaria
1162 1233 1174 1250 ,
1197 1210 1284 1244 omni
1307 1207 1438 1243 meliori
1454 1209 1545 1243 modo
1559 1233 1569 1249 ‚
1596 1211 1674 1248 via,
1693 1207 1795 1253 jure,
1815 1211 1860 1245 Θ·
1877 1208 1988 1244 ordine
2001 1231 2011 1247 ‚
2032 1218 2096 1254 quo
2121 1209 2259 1255 idipsum
2286 1217 2355 1244 tam
2363 1207 2469 1254 juxta

383 1261 610 1309 praefi·riptum
629 1266 803 1298 Sacrorum
819 1264 975 1296 Canonum
987 1283 998 1300 ,
1028 1257 1127 1306 qudm
1143 1259 1182 1293 de
1196 1256 1423 1299 consuetudine
1439 1280 1448 1296 ‚
1477 1255 1535 1291 vel
1542 1254 1667 1296 statuto
1674 1254 1885 1340 fieri‘poffet,
1913 1255 2006 1292 nulla
2019 1255 2162 1302 amplius
2189 1255 2329 1296 obstante
2345 1265 2477 1293 contra.

387 1310 524 1345 dictione
540 1334 550 1350 ,
578 1311 770 1346 donavimus
781 1335 791 1351 ‚
820 1309 959 1354 ceffimus
975 1333 985 1350 ,
1008 1315 1109 1354 atque
1135 1306 1334 1341 tradidimus
1348 1330 1358 1346 ‚
1385 1305 1525 1340 cedimus
1535 1329 1545 1345 ,
1572 1306 1616 1341 Θ
1639 1311 1750 1340 contra
1774 1306 1859 1340 imus
1885 1306 1985 1340 etiam
2001 1311 2113 1338 tenore
2134 1303 2343 1351 praesentium
2354 1329 2365 1345 ‚
2402 1316 2477 1342 cum

385 1359 475 1393 omni
490 1359 634 1393 Dominio
648 1382 658 1398 ,
676 1361 881 1406 proprietate
895 1382 905 1398 ,
922 1355 1076 1402 juribus,
1087 1355 1214 1390 caeteris
1226 1356 1269 1390 Θ
1278 1353 1490 1402 pertinentiis
1508 1377 1518 1393 ‚
1545 1352 1631 1387 nihil
1644 1352 1796 1397 infundis
1809 1353 1912 1400 supra
1924 1352 2100 1389 nominatis
2118 1350 2326 1387 excludentes
2343 1377 2354 1393 ,
2376 1361 2478 1399 prout

385 1405 512 1449 eosdem
529 1415 632 1452 nuper
650 1418 705 1451 27.
720 1408 806 1443 Maii
818 1413 916 1442 Anno
930 1418 946 1444 ⁴1
955 1409 995 1450 63
1003 1418 1035 1451 7.
1050 1405 1083 1439 in
1100 1402 1222 1439 realem
1238 1425 1251 1445 ,
1282 1406 1326 1440 Θ
1344 1400 1505 1436 actualem
1517 1398 1725 1447 poffeffionem
1740 1409 1801 1447 per
1816 1402 1948 1436 eundem
1964 1399 2183 1444 consiliarium
2201 1399 2339 1442 nostrum
2366 1411 2477 1438 coram

388 1455 540 1500 'Rotaria
554 1479 564 1494 ‚
591 1457 634 1490 Θ
652 1453 813 1497 Testibus,
838 1455 912 1491 altu
921 1452 1058 1501 publico
1071 1477 1081 1493 ‚
1107 1460 1215 1487 tenore
1231 1449 1432 1491 instrumenti
1444 1472 1454 1487 ‚
1479 1449 1612 1495 desuper
1637 1449 1772 1492 confesti
1786 1474 1797 1491 ,
1817 1449 2010 1493 solemniter
2033 1451 2077 1485 Θ
2091 1447 2262 1492 efficaciter
2276 1448 2491 1493 immittis&-

388 1502 492 1537 cimus
507 1527 517 1542 ,
539 1501 605 1545 sine
618 1504 735 1548 quovis
749 1504 976 1552 impedimento
1002 1498 1161 1550 perpetuo
1178 1497 1355 1546 poffidenda
1369 1521 1378 1530 .
1405 1496 1562 1532 Volumus
1577 1504 1685 1532 tamen
1707 1508 1794 1533 cura
1806 1498 1989 1533 animarum
1995 1496 2107 1540 solita
2124 1521 2135 1538 ,
2161 1494 2347 1542 &juribus
2371 1506 2473 1545 paro-

387 1546 650 1597 elimaide-mque
662 1551 940 1598 incorporatorum
955 1551 1114 1586 altarium
1125 1557 1390 1595 quorumcunque
1403 1569 1413 1585 ,
1438 1553 1498 1579 aut
1511 1546 1611 1580 etiam
1620 1545 1768 1592 praefatae
1783 1544 1926 1589 Ecclesia·
1941 1545 2120 1599 collegiate
2136 1549 2170 1578 B.
2183 1550 2233 1580 M.
2254 1546 2400 1592 Virginis
2407 1554 2473 1592 pro

389 1598 450 1632 hoc
463 1599 495 1632 in
508 1598 585 1632 aliis
597 1599 812 1646 nequicquam
834 1600 988 1645 derogari
1000 1623 1010 1639 ‚
1031 1598 1091 1640 sed
1103 1597 1213 1632 eadem
1220 1593 1300 1639 jura
1315 1618 1325 1634 ,
1352 1596 1396 1629 Θ
1411 1593 1572 1628 exercitia
1599 1593 1813 1629 Parochialia
1833 1591 1945 1630 debita
1962 1619 1973 1636 ,
1995 1594 2037 1629 ad
2043 1602 2117 1639 Jam
2143 1592 2263 1628 dinam
2281 1592 2475 1638 Ecclesiam-u

390 1650 428 1680 Β.
443 1648 559 1681 Mariae
578 1646 724 1691 Virginis
737 1671 748 1687 ‚
766 1656 828 1693 pro
841 1647 1042 1682 ordinatione
1055 1669 1065 1685 ,
1079 1648 1123 1681 Θ
1138 1641 1336 1688 dispositione
1350 1640 1490 1687 Capituli
1500 1666 1512 1682 ,
1525 1643 1563 1676 de
1576 1642 1724 1686 consensu
1741 1645 1784 1679 Θ
1800 1641 2036 1678 ratihabitione
2048 1639 2156 1682 nostra
2166 1640 2330 1684 tranferri
2343 1667 2354 1683 ,
2371 1649 2474 1689 prout

389 1695 466 1728 anu
485 1695 551 1741 ipso
569 1693 775 1738 desolationis
788 1703 932 1742 tempore
946 1693 1109 1729 translata
1123 1689 1181 1735 effe
1191 1692 1394 1737 percepimus
1407 1713 1417 1729 ,
1446 1689 1571 1724 reditus
1587 1691 1687 1726 etiam
1714 1690 1884 1726 Parochiae
1899 1690 2048 1727 illibatos
2068 1692 2197 1727 manere
2213 1713 2224 1730 ,
2251 1698 2321 1725 tum
2344 1692 2389 1727 Θ
2401 1691 2473 1729 du

388 1741 455 1776 alio
469 1742 651 1777 coemeterii
670 1741 737 1778 loco
752 1752 813 1789 pro
829 1743 1107 1777 Parochianorum
1127 1739 1290 1774 commodo
1309 1738 1503 1785 provideris
1519 1737 1626 1780 solam
1655 1739 1795 1773 decentis
1817 1738 1943 1781 fundi,
1969 1739 2145 1784 secundum
2177 1735 2319 1783 ejusdem
2347 1739 2475 1775 dimen-

385 1789 505 1833 sionem
530 1788 675 1836 praestita
706 1792 840 1836 desuper
859 1790 942 1825 reali
960 1789 1185 1832 fhtisfailione
1199 1812 1210 1827 ‚
1237 1785 1360 1833 absque
1379 1785 1449 1820 ulla
1462 1785 1692 1831 spiritualium
1717 1785 1954 1834 obligationum
1970 1812 1980 1828 ,
2001 1785 2132 1832 jurium
2142 1811 2152 1827 ,
2179 1793 2238 1820 aut
2249 1785 2470 1834 cujuscunque

391 1839 465 1871 inde
480 1839 673 1883 emergentis
686 1837 831 1883 intereffi’
846 1862 856 1879 ‚
886 1837 1090 1883 respicientes
1105 1834 1313 1882 poffeffi'onem
1328 1858 1339 1873 ‚
1363 1834 1396 1866 in
1410 1844 1550 1880 quorum
1564 1835 1704 1869 omnium
1718 1832 1949 1881 praemifforum
1959 1835 2059 1877 fidem
2073 1861 2084 1877 ,
2109 1839 2152 1874 Θ
2172 1833 2446 1877 confirmationem
2458 1858 2472 1878 ,

388 1885 562 1932 prasentes
573 1885 666 1927 hasce
679 1885 809 1919 litteras
820 1910 829 1925 ‚
842 1889 884 1926 Θ
900 1895 1010 1918 manus
1019 1884 1161 1929 propria
1165 1881 1405 1931 subscriptione
1419 1905 1431 1922 ,
1446 1884 1489 1918 Θ
1496 1881 1603 1931 sigilli
1614 1880 1712 1923 nostri
1725 1882 1908 1933 appensione
1922 1885 2112 1922 curavimus
2121 1885 2324 1922 communiri.
2339 1883 2468 1929 Alfium

395 1933 574 1980 Moguntiae
597 1935 696 1968 Anno
706 1935 838 1970 Domini
850 1937 912 1979 163
920 1944 951 1978 7.
970 1943 1004 1977 3.
1018 1931 1117 1975 ‘Junii
1126 1953 1136 1963 .

1431 2043 1631 2110 Georgius
1664 2041 1881 2091 Antonius
1908 2043 1988 2110 Ep.
2026 2043 2185 2099 Worrn.

493 2195 533 2234 Si
549 2194 721 2243 praelibatn
739 2195 849 2236 littera
864 2197 1045 2245 piiffimum
1059 2196 1237 2236 Celfiffimi
1254 2195 1424 2245 Pdncipis
1438 2210 1519 2244 erga
1537 2197 1684 2235 nostram
1703 2198 1927 2245 Religionem
1941 2198 2099 2236 effestum
2117 2198 2262 2248 probant
2271 2222 2286 2246 ,
2298 2197 2466 2237 exhibent

398 2245 430 2282 Β(
445 2242 616 2283 irritatum
636 2244 711 2293 ejus
722 2256 841 2284 contra
855 2248 938 2286 hanc
950 2247 1064 2286 2e1um
1077 2245 1256 2295 sequentes
1271 2270 1285 2292 ‚
1307 2247 1341 2283 ἃ
1355 2245 1516 2284 consulti)
1543 2247 1588 2283 nd
1601 2250 1801 2296 exemplum
1832 2249 1886 2286 hic
1899 2247 2052 2298 apposita
2067 2269 2081 2281 -

483 2353 686 2423 Georgius
700 2353 909 2407 Antonius
926 2393 942 2419 ,
969 2356 1066 2408 ‘Dei
1084 2395 1100 2419 ,
1139 2364 1192 2407 δέ
1212 2356 1461 2424 Apoflolicae
1490 2356 1607 2406 Sedis
1629 2359 1771 2426 gratia
1791 2356 2009 2426 Epifiopus
2039 2354 2350 2424 Wormatierfis
2368 2391 2386 2418 ,

1088 2427 1333 2496 Praepost'tus
1364 2426 1663 2497 ‹Moguntinus
1693 2428 1784 2476 &a

483 2557 569 2587 Onus
582 2555 778 2601 Epist-opalis
784 2556 967 2599 servitutis
979 2581 990 2596 ‚
1010 2558 1053 2592 ad
1069 2559 1156 2604 quod
1171 2561 1246 2604 Nos
1269 2557 1416 2604 dignatio
1449 2558 1564 2593 divina
1579 2559 1743 2603 provexit
1757 2581 1768 2597 ,
1793 2554 1907 2600 affidue
1927 2557 2076 2592 admonet
2090 2582 2102 2599 ,
2127 2558 2160 2592 in
2174 2567 2246 2593 eam
2269 2553 2465 2602 potiffimum

387 2610 496 2635 curam
513 2600 625 2649 Nobis
639 2601 697 2646 effe
704 2601 864 2648 pastorali
874 2603 1102 2647 sollicitudine
1111 2603 1358 2640 incumbendum
1373 2630 1383 2644 ‚
1409 2613 1448 2639 ut
1461 2630 1471 2645 ,
1498 2616 1570 2652 quae
1582 2603 1604 2639 d
1619 2608 1729 2640 Sacris
1750 2606 1968 2640 oecumenicis
1987 2606 2137 2640 conciliis
2157 2614 2218 2652 pro
2236 2606 2398 2639 communi
2410 2613 2466 2642 to-

387 2649 454 2682 tius
467 2647 575 2689 nostra
584 2650 737 2693 Dioecesis
751 2649 995 2695 Wormatiensis
1007 2655 1192 2690 animarum
1201 2653 1313 2696 salute
1326 2677 1336 2692 ,
1358 2652 1414 2699 pie
1427 2655 1672 2700 prudenterque
1689 2652 1814 2694 statuta
1819 2652 1900 2695 funt
1914 2678 1924 2694 ‚
1951 2652 2043 2688 nulla
2057 2662 2116 2688 aut
2128 2654 2316 2688 temeritate
2338 2653 2463 2690 violen-

387 2703 444 2730 tur
456 2721 466 2737 ‚
491 2705 551 2732 aut
563 2698 767 2745 negligenter
778 2699 967 2742 deserantur
981 2724 991 2740 ‚
1016 2711 1054 2735 ea
1061 2701 1245 2747 prasertim
1255 2727 1266 2742 ‚
1296 2712 1366 2747 qua
1395 2703 1436 2736 ad
1454 2700 1550 2736 bonos
1565 2699 1714 2741 ‘Pastores
1728 2700 1874 2743 Ecclesiis
1881 2699 2104 2748 gubernandis
2122 2700 2340 2748 praeficiendos
2350 2705 2461 2747 perti·

387 2753 463 2779 nent
477 2756 488 2780 ε
510 2745 583 2780 hinc
601 2749 634 2781 in
640 2753 772 2792 partem
778 2746 1014 2790 sollicitudinis
1027 2753 1103 2783 ῬῬ.
1119 2750 1288 2796 Capucinos
1302 2751 1431 2784 Ordinis
1444 2750 1553 2784 santii
1567 2750 1726 2792 Francisci
1751 2757 1826 2785 ante
1840 2749 1969 2796 aliquot
1993 2762 2091 2785 annos
2109 2748 2330 2785 wormatiam
2344 2750 2466 2795 evocass,

389 2793 498 2828 vimus
514 2795 555 2828 ad
566 2796 772 2841 corrigendos
791 2796 986 2842 depravatos
1001 2808 1106 2832 mores
1119 2821 1130 2837 ‚
1154 2800 1198 2833 Θ
1207 2797 1331 2840 fraude
1345 2798 1498 2833 haeretica
1512 2799 1729 2844 depravatum
1743 2809 1881 2845 gregem
1897 2796 2008 2844 Nobis
2029 2796 2224 2844 commtffum
2243 2820 2254 2837 ‚
2279 2796 2295 2832 ἓ
2305 2796 2462 2841 faucibus

389 2840 558 2876 diabolicis
569 2844 743 2878 eruendum
757 2866 768 2883 ,
794 2845 935 2889 adeoque
954 2845 1120 2881 Vicariam
1134 2855 1264 2892 operam
1283 2847 1443 2882 Parochis
1461 2845 1572 2887 nostris
1596 2845 1739 2890 luliuoso
1759 2847 1817 2881 hoc
1840 2857 1951 2881 rerum
1966 2844 2055 2886 statu
2076 2848 2117 2882 ad
2130 2854 2257 2894 tempus
2274 2847 2464 2893 impertien-

390 2888 464 2922 dam
479 2914 490 2929 ‚
514 2897 552 2923 ut
563 2892 654 2925 Fides
674 2890 837 2925 catholica
859 2900 1060 2940 propagetur
1076 2919 1087 2935 ‚
1114 2894 1239 2939 haresis
1252 2896 1467 2942 extirpetur,
1486 2905 1552 2942 qua
1570 2893 1654 2940 (pro
1678 2895 1825 2940 dolori)
1850 2892 1953 2934 nostra
1969 2894 2079 2939 s'catet
2112 2893 2258 2938 Dioecesis
2295 2897 2339 2931 Θ
2353 2895 2464 2943 paffi'm

391 2935 553 2982 dispersus
560 2950 650 2983 grex
669 2946 882 2985 congregetur
894 2963 903 2972 .

484 2986 565 3020 San&
587 2987 629 3020 ad
643 2997 737 3020 aures
750 2984 869 3024 nostras
880 2999 940 3022 non
956 2990 1005 3024 ita
1025 2993 1153 3036 pridem
1167 2993 1324 3036 devenit,
1349 2998 1386 3038 R.
1403 2997 1444 3027 P.
1459 2992 1651 3029 Generalem
1670 2994 1898 3039 Capucinorum
1927 2994 1960 3028 in
1978 3002 2100 3041 nupera
2117 2992 2303 3037 visitatione
2319 2994 2466 3035 Provinq‘

387 3034 446 3067 ciae
459 3032 614 3079 Rhenanae
622 3041 906 3078 praememoratam
919 3038 1151 3083 dispositionem
1167 3042 1199 3076 in
1216 3041 1348 3084 diversa
1362 3041 1432 3076 loca
1446 3042 1559 3086 iifiiem
1573 3043 1738 3087 Capucinis
1748 3041 1874 3084 saltam
1887 3066 1898 3082 ,
1924 3043 1966 3076 ad
1986 3043 2057 3076 tria
2071 3043 2234 3077 duntaxat
2251 3040 2322 3077 loca
2330 3064 2344 3086 ‚
2362 3041 2464 3079 Wor-

388 3082 526 3115 matiam
537 3104 547 3120 2
571 3081 874 3126 Franckenthalt‘um
889 3107 899 3122 ,
924 3087 967 3121 Θ
983 3087 1235 3137 Heidelbergam
1251 3087 1444 3134 restrinxisse
1457 3115 1467 3131 ,
1489 3098 1608 3125 coetera
1622 3088 1701 3124 vero
1728 3091 1760 3124 in
1772 3089 1988 3136 vilipendium
2001 3113 2011 3130 ‚
2034 3093 2077 3127 Θ
2097 3091 2280 3125 animarum
2295 3093 2463 3127 concredi-

389 3135 502 3163 tarum
515 3129 693 3174 perniciem
713 3140 785 3164 cum
801 3130 1002 3177 displicentia
1013 3135 1232 3181 plurimorum
1248 3136 1407 3184 revocasse
1418 3163 1428 3179 ‚
1453 3140 1596 3185 adeoque
1610 3139 1642 3172 in
1650 3136 1875 3184 prejudicium
1888 3136 2128 3184 jurisdiliionis
2138 3136 2247 3178 nostra
2261 3163 2271 3178 ,
2289 3138 2464 3187 sibijtirifi

389 3175 581 3211 difflonalt'a
595 3174 699 3215 nostra
711 3178 914 3225 episcopalia
929 3181 1089 3230 usurpaffe
1101 3211 1111 3226 ,
1132 3198 1202 3234 quae
1217 3187 1304 3222 certe
1319 3212 1329 3228 ‚
1356 3187 1407 3221 uti
1419 3186 1517 3231 officio
1527 3185 1633 3227 nostro
1646 3186 1891 3221 diametraliter
1904 3193 2083 3233 repugnant
2097 3211 2108 3227 ‚
2144 3188 2193 3221 ita
2204 3186 2362 3236 pastorali
2381 3201 2463 3226 cura

387 3226 528 3259 veniunt
543 3224 716 3280 resecanda
728 3248 736 3257 .
766 3231 881 3277 Qare
902 3230 1104 3268 authoritate
1116 3260 1126 3276 ‚
1154 3246 1219 3282 qua
1232 3236 1264 3271 in
1283 3236 1344 3270 hac
1354 3243 1452 3282 parte
1463 3234 1821 3280 fungimur‚ordinaria
1837 3259 1846 3275 ,
1876 3246 2065 3271 revocamus
2072 3235 2257 3279 facultates
2281 3236 2393 3280 iisdem
2408 3241 2464 3273 Ca·

383 3274 513 3320 pucinis
531 3274 563 3307 in
580 3272 714 3308 illorum
722 3275 835 3319 prima
842 3276 1020 3320 admiffi'one
1029 3282 1070 3315 ad
1078 3282 1213 3323 nostram
1228 3283 1374 3328 Dioecesin
1387 3281 1551 3327 contestas,
1564 3288 1773 3318 Sacramenta
1795 3281 2038 3323 administrandi
2049 3309 2059 3325 ‚
2085 3292 2203 3319 coetera
2229 3297 2268 3320 ue
2295 3285 2396 3329 officia
2409 3285 2460 3320 di-

389 3323 468 3356 vina
484 3322 673 3356 exercendi:
702 3323 817 3357 dehinc
842 3325 1065 3362 interdicimus
1093 3332 1161 3367 illis
1178 3330 1372 3367 Wormatiae
1388 3356 1398 3372 ,
1421 3335 1463 3368 Θ
1484 3333 1517 3366 in
1531 3329 1663 3374 Dioeccsi
1685 3329 1788 3372 nostra
1807 3332 1895 3375 infra
1913 3340 1982 3366 tres
1997 3334 2117 3377 menses
2129 3357 2139 3373 ,
2154 3342 2197 3380 po
2225 3344 2323 3380 quam
2346 3342 2455 3369 tenore

384 3370 593 3416 Praefi'ntl'um
621 3370 811 3415 ⁶⁰ml²ellatf
825 3371 979 3414 fuerint,
1003 3381 1211 3415 Sacramenta
1235 3378 1462 3420 administrare
1476 3403 1486 3420 ‚
1509 3381 1707 3420 concionari,
1738 3381 1872 3421 docere,
1896 3378 2006 3425 Miffizs
2022 3380 2156 3428 publice
2179 3380 2367 3420 celebrare,
2393 3389 2455 3416 aut

386 3428 583 3465 quaerunque
592 3418 661 3452 alia
679 3419 793 3454 div-'⁶²¹4
805 3419 905 3463 Officia
918 3434 1090 3465 exercere,
1113 3427 1178 3471 sub
1191 3438 1283 3475 poena
1303 3429 1646 3464 excommunicationis
1664 3426 1798 3473 majoris
1814 3428 2067 3470 lataesententiae
2082 3442 2092 3470 ;
2122 3428 2185 3464 imo
2199 3429 2320 3473 eosdem
2342 3429 2376 3463 in
2392 3435 2452 3465 Do.

388 3467 473 3502 mino
488 3477 671 3505 monemus,
697 3465 837 3506 άῐίὲνίδῖἐ
854 3473 1068 3517 praecipiendo
1091 3478 1299 3518 mandantes,
1326 3485 1365 3512 ut
1379 3476 1468 3519 infra
1491 3477 1624 3511 eundem
1653 3477 1826 3511 terminum
1846 3474 2056 3517 Wormatia‚
2084 3475 2320 3521 Heidelberga‚
2347 3481 2451 3513 Fran·

387 3514 569 3557 cigenthalio
583 3539 594 3554 ‚
615 3516 806 3562 caterisque
826 3516 905 3552 locis
916 3519 1034 3564 quanto
1048 3523 1145 3558 citius
1158 3526 1315 3560 excedant
1329 3551 1339 3566 ‚
1364 3526 1539 3571 eademque
1551 3524 1628 3558 aliis
1644 3524 1733 3559 Viris
1744 3523 1817 3570 Reli
1839 3523 1909 3566 iosis
1928 3521 1949 3556 d
1964 3525 2076 3570 ‘Nobis
2103 3524 2291 3572 deputandis
2308 3547 2322 3568 ‚
2349 3527 2425 3561 vita
2436 3552 2449 3570 ,

389 3563 536 3598 dobirina
550 3587 560 3603 ‚
578 3565 823 3611 prudentiaque
837 3566 1074 3603 excellentibus
1080 3595 1095 3610 ⁴,
1100 3571 1168 3614 sine
1182 3584 1271 3607 mora
1282 3598 1292 3614 ,
1314 3586 1373 3609 non
1388 3579 1513 3608 attento
1527 3583 1716 3618 quocunque
1728 3536 1856 3619 questio
1875 3571 1983 3606 colore
1996 3596 2006 3612 ‚
2030 3572 2234 3619 quantociius
2249 3573 2427 3620 consignent
2439 3600 2454 3618 ,

388 3612 533 3664 alioquin
554 3612 597 3646 ad
608 3611 771 3648 ulteriora
781 3638 792 3654 ‚
813 3623 917 3660 prout
923 3613 1015 3659 juris
1024 3618 1100 3653 ordo
1117 3621 1297 3656 dib'taverit
1306 3647 1316 3661 ‚
1340 3629 1453 3657 contra
1464 3621 1586 3664 eosdem
1595 3621 1804 3665 procedemus
1817 3642 1828 3659 ‚
1853 3619 1886 3654 in
1899 3631 1935 3654 eo
1949 3622 2098 3656 mandato
2119 3616 2220 3661 nostro
2228 3621 2453 3665 satisfabluri-

387 3664 423 3696 In
436 3670 527 3706 quus
542 3661 592 3695 rei
598 3658 698 3700 fidem
708 3661 925 3709 praesentibus
929 3663 1077 3712 sigillum
1097 3666 1235 3708 nostrum
1242 3667 1389 3715 juffimus
1404 3669 1540 3717 appendi
1553 3679 1606 3711 19.
1619 3667 1783 3712 ¹Janttarii
1798 3671 1901 3713 1647.

483 3802 670 3844 vtrumque
695 3801 922 3837 documentum
941 3811 984 3849 ex
1002 3799 1174 3848 annalibus
1186 3802 1337 3851 impreffis
1349 3800 1446 3850 hujus
1465 3802 1718 3848 Pnovinciaefol.
1735 3815 1820 3851 32¹·
1846 3810 1890 3845 Θ
1901 3806 1967 3851 fol.
1981 3815 2062 3854 340.
2328 3859 2393 3897 DE
