2658 4256
964 244 1542 335 chlllOniae.
2075 281 2249 364 '¹09

986 434 1057 496 Ν
1148 433 1210 495 o
1301 434 1361 495 T
1453 431 1573 495 A„
2033 411 2035 413 ’

234 563 237 566 ’
332 577 510 614 ΒΓοΙιιωπι
534 576 599 613 fuit
610 585 700 624 opus
723 575 744 611 t
757 575 850 612 Rffio
874 572 916 609 Ρ.
934 569 1109 616 Angelico
1123 568 1365 615 wolffacenfi,
1388 569 1537 608 Ordinis
1550 579 1620 606 ex·
1633 565 1776 605 vicario
1788 566 1957 606 Generali
1968 594 1983 615 ,
2008 572 2042 608 δι
2059 569 2203 609 Αεὶιηιῐ
2231 573 2304 610 De.

355 626 493 664 finitor:
517 623 712 668 Genu-nli,
732 632 793 670 pes
811 621 994 658 Decretum
1019 618 1261 667 subjunctum:

443 765 496 816 Ia
529 757 711 815 Nomine
737 759 1006 827 Sacrofhnilae
1034 794 1050 818 ,
1084 777 1132 808 ac
1163 755 1404 808 Individuae
1433 755 1666 807 Trinitatis
1696 793 1715 815 ,
1752 757 1807 806 &¹
1834 755 2101 825 SanHifflmae

528 833 650 891 D.N
652 833 690 891 J
692 831 757 881 .C.
772 830 1062 880 Humanitatis
1075 865 1091 886 ,
1113 828 1437 894 Beatiffi'maeque
1452 825 1620 876 Matris
1650 828 1837 894 Virginis
1854 827 2012 879 Mariae

614 901 891 954 Immaculata
906 935 922 959 ,
948 901 1003 950 &⁶
1020 900 1234 967 Seraphici
1248 896 1424 947 S.P.N.
1440 897 1666 963 Francifii.
1690 899 1824 947 Amen
1834 899 1927 948 ὼε.

334 1021 480 1072 Tametsi
491 1021 657 1071 primeva
676 1016 958 1055 Provinciarum
985 1018 1130 1060 unitas,
1145 1015 1210 1064 seu
1229 1017 1332 1053 unita
1351 1015 1611 1064 perseverantia
1634 1017 1836 1063 quorumvis
1861 1016 2103 1054 Conventuum
2123 1040 2135 1060 ,
2165 1030 2204 1054 ac
2228 1017 2312 1054 Fra-

235 1083 331 1113 trum
345 1074 385 1108 in
400 1070 469 1119 fied
481 1093 494 1114 ,
518 1068 587 1117 qua
597 1067 685 1110 tali,
706 1065 891 1116 primitiva
912 1065 1102 1103 Provincia
1123 1064 1241 1102 multis
1262 1063 1377 1101 titulis
1393 1063 1641 1112 praeponenda,
1666 1076 1706 1100 ac
1729 1065 1947 1113 praeoptanda
1970 1065 2090 1112 foret3
2113 1076 2283 1112 quatenus
2296 1090 2309 1110 ,

227 1121 331 1174 ficati
345 1120 448 1157 initio
462 1118 545 1154 bene
560 1125 733 1166 ceperunt
743 1140 756 1159 ,
778 1114 822 1156 ὼ·
835 1112 990 1162 deinceps
1003 1113 1190 1163 ‘lecumipfis
1200 1113 1423 1163 perstiterunt
1435 1137 1447 1156 ,
1475 1114 1528 1149 ita
1538 1112 1744 1161 peramplius
1766 1113 1812 1149 ad
1834 1115 1984 1149 invicem
1996 1113 2064 1161 sibi
2081 1114 2285 1152 cohaererent
2296 1139 2310 1158 ,

235 1171 277 1207 in
289 1167 357 1205 loco
369 1166 576 1219 saniiosuo,
593 1166 774 1215 ficumque
795 1162 944 1200 ulterius
963 1163 1199 1199 cohabitarent
1224 1164 1329 1199 unius
1340 1163 1442 1199 moris
1465 1163 1504 1198 in
1522 1161 1615 1197 domo
1627 1162 1720 1211 quast
1727 1164 1800 1199 unci
1811 1185 1824 1206 ,
1846 1163 1951 1200 unius
1971 1162 2135 1199 nimirum
2154 1162 2311 1212 indivisa

291 1227 433 1254 ovsncsae

236 1216 290 1258 Pr
335 1262 519 1304 Attamen
548 1261 659 1312 quoad
687 1261 774 1298 hanc
787 1260 964 1297 Walloniae
977 1258 1212 1296 ‘Provinciam
1236 1259 1405 1306 videtur,
1427 1271 1468 1296 oc
1487 1258 1690 1308 perhibetur
1711 1258 1856 1305 divisio,
1870 1259 1935 1310 fin
1940 1259 2114 1309 separatio
2137 1259 2315 1308 utriusque

241 1311 415 1354 Nationis
428 1312 623 1350 Wallonum
635 1335 649 1355 ‚
673 1309 929 1352 &Leodiorum
939 1334 951 1353 ,
969 1318 1010 1344 ex
1027 1309 1150 1356 quibus
1164 1308 1288 1359 constat
1301 1333 1313 1353 ,
1339 1310 1379 1346 ob
1392 1309 1514 1353 varias
1528 1335 1539 1351 ‚
1561 1308 1742 1356 &graves
1762 1309 1879 1359 causas
1906 1321 1973 1346 non
1990 1310 2126 1347 tantum
2149 1309 2312 1345 conduci-

241 1362 322 1400 bilis
335 1387 350 1408 ‚
369 1375 409 1399 ac
425 1360 608 1410 perutilis,
621 1358 685 1408 sed
696 1358 878 1403 omnimodi
891 1354 1072 1408 neceffitria
1082 1385 1090 1394 .

337 1411 444 1463 Qd
460 1410 566 1459 ipsum
577 1408 666 1458 satis
672 1405 843 1455 superque
858 1407 981 1456 probat
993 1405 1145 1453 longeva
1154 1415 1216 1454 per
1228 1407 1360 1455 integri
1366 1404 1599 1456 fermisaeculi
1624 1405 1800 1455 decursum
1814 1405 1896 1444 talis
1911 1432 1921 1448 ,
1949 1419 1988 1444 ac
2001 1416 2107 1444 tanta
2121 1404 2317 1455 neceffitatis

240 1460 345 1497 index
360 1459 594 1508 experientia,
638 1466 688 1492 κα
707 1463 759 1492 tot
771 1479 784 1499 ‚
806 1466 846 1491 ac
867 1464 981 1492 tantos
1007 1454 1109 1504 hujus
1121 1455 1315 1493 Provinciae
1327 1479 1340 1499 ,
1356 1456 1398 1498 ὼ·
1422 1456 1462 1491 in
1483 1459 1522 1493 ea
1550 1456 1651 1492 utriu
1668 1467 1731 1503 que
1743 1452 1912 1493 Nationis
1938 1457 2128 1504 (primitus
2151 1454 2289 1490 Leodios
2301 1476 2316 1496 ‚

236 1507 395 1558 postremo
407 1504 534 1555 Regios
553 1506 572 1551 )
605 1468 730 1543 Patres
748 1504 933 1551 primarios
944 1513 1013 1541 tam
1028 1503 1133 1540 dofios
1147 1530 1157 1546 ‚
1205 1502 1283 1540 uam
1301 1505 1423 1553 probos
1435 1529 1446 1547 ,
1470 1505 1629 1546 &tumet
1641 1518 1652 1540 t
1673 1502 1836 1550 religiosa
1846 1506 1941 1551 pacis
1956 1527 1968 1546 ‚
1994 1515 2033 1539 ac
2045 1504 2215 1551 fraternae
2237 1501 2317 1537 cha-

239 1557 361 1598 ritatis
374 1554 524 1605 opprimi
535 1552 714 1608 studiosos,
739 1552 960 1589 nihilominus
978 1553 1020 1588 ab
1037 1552 1094 1588 80.
1104 1553 1180 1594 &u
1195 1563 1252 1589 tra
1267 1555 1369 1588 annis
1379 1555 1549 1599 permovit
1565 1577 1578 1596 ‚
1598 1562 1639 1588 ut
1651 1560 1704 1587 tot
1717 1553 1896 1588 reiteratis
1911 1552 2046 1587 vicibus
2061 1575 2074 1596 ,
2098 1551 2141 1593 ὠ·
2154 1550 2315 1585 omnimo-

241 1603 283 1642 de
301 1607 444 1643 tentatis
464 1604 643 1641 conatibus
664 1601 751 1637 hanc
779 1602 918 1639 eandem
933 1601 1183 1649 separationem
1203 1600 1387 1649 opportune
1409 1598 1600 1647 importune
1609 1598 1884 1648 sollicitaverint
1898 1625 1911 1644 ,
1937 1600 1980 1641 ὠ·
2007 1599 2048 1635 de
2070 1611 2137 1636 uno
2161 1597 2262 1649 lustro
2273 1597 2319 1634 ad

243 1652 343 1691 aliud
356 1679 368 1698 ,
383 1654 446 1702 fist
459 1654 499 1689 in
501 1649 644 1701 singulis
655 1649 804 1686 Ordinis
817 1650 973 1688 Comitiis
985 1648 1210 1687 Generalibus
1223 1649 1368 1696 hassuas
1386 1649 1567 1697 instantias
1584 1648 1710 1684 iterum
1729 1657 1832 1697 atque
1853 1651 1980 1686 iterum
2002 1649 2221 1685 renovtirint.
2311 1695 2315 1698 Δ

341 1703 470 1739 ‘Donec
482 1700 535 1737 his
547 1699 722 1749 novistimis
733 1700 938 1746 temporibus
958 1699 997 1734 ob
1002 1698 1132 1745 semper
1145 1698 1252 1744 magis
1265 1699 1308 1740 ὼ·
1319 1708 1373 1732 ma
1397 1698 1427 1731 is
1431 1696 1639 1745 stringentes
1656 1696 1772 1744 causas
1781 1721 1799 1740 Α,
1823 1708 1984 1745 urgentes
2002 1699 2153 1734 rationes
2166 1721 2180 1741 ‚
2204 1696 2246 1738 &⁵
2256 1695 2314 1745 ju4

234 1750 292 1801 fla
308 1774 321 1795 ,
346 1760 449 1798 atque
462 1749 563 1787 talem
577 1745 811 1784 inevitabilem
825 1747 1038 1795 neceffit'atem
1052 1744 1153 1791 hujus
1170 1746 1266 1786 haud
1289 1755 1362 1793 amp
1379 1747 1433 1781 ius
1444 1744 1637 1795 differenda
1645 1745 1875 1793 separationis
1895 1746 2076 1783 evidenter
2090 1744 2317 1794 demonstran-

237 1802 291 1836 tia
313 1800 443 1836 motiva
456 1821 470 1841 ,
495 1809 562 1833 non
575 1795 683 1843 solum
695 1793 848 1829 moderni
869 1795 971 1838 hujus
988 1793 1181 1829 Wallonicae
1193 1793 1389 1831 Provincia
1415 1804 1456 1830 ex
1470 1795 1619 1841 utraque
1634 1792 1790 1831 Natione
1810 1796 2002 1844 primarii,
2027 1807 2066 1830 ac
2090 1795 2235 1842 potiores
2249 1793 2321 1831 Pa·

228 1856 311 1884 ‘tres
320 1871 334 1891 ,
357 1847 444 1895 quin
464 1845 510 1887 τό·
524 1843 650 1882 Sereni
681 1852 754 1879 mus
764 1842 948 1892 Leodiensts
961 1852 1002 1878 ex
1014 1843 1086 1878 una*
1098 1865 1111 1883 ‚
1136 1842 1179 1883 ξφ
1193 1841 1388 1878 Catholicus
1404 1841 1480 1879 Rex
1500 1853 1541 1879 ex
1555 1842 1666 1879 altera
1686 1851 1789 1891 parte
1799 1870 1810 1888 ,
1836 1844 1900 1881 imo
1912 1844 2045 1892 ipsemet
2059 1842 2312 1892 Augnstiffimus

241 1895 450 1945 Imperator,
470 1895 616 1941 itemque
674 1891 749 1928 iiius
775 1890 815 1927 P.
830 1889 1010 1927 Generalis
1024 1913 1037 1934 ,
1057 1899 1196 1939 totaque
1216 1890 1260 1926 R.
1276 1893 1325 1927 A.
1340 1890 1504 1938 Definitio
1525 1891 1706 1929 Generalis
1724 1902 1784 1937 per
1812 1891 1858 1928 R.
1878 1893 1956 1930 4.P.
1972 1893 2230 1929 Procuratorem
2246 1891 2319 1928 Ge·

243 1943 390 1982 ueralem
404 1945 442 1981 in
457 1943 569 1981 Curia
581 1939 777 1991 instantiori
788 1937 933 1988 efficacia
946 1940 984 1974 in
999 1949 1135 1988 tantum
1145 1966 1156 1982 ,
1184 1952 1223 1975 ac
1236 1941 1369 1976 tamdiu
1382 1940 1473 1988 apud
1477 1940 1643 1988 summam
1656 1941 1815 1978 Sanfiam
1831 1940 2194 1991 Sedemfillicitarunt
2209 1939 2297 1976 hanc
2307 1964 2320 1984 ,

245 1994 344 2031 toties
365 2001 535 2031 tentatam
567 1999 683 2038 totque
701 1988 803 2024 annis
838 1987 1053 2037 desideratam
1068 1987 1319 2036 separationem
1335 2013 1347 2033 ‚
1371 1990 1543 2038 quousque
1563 1990 1701 2027 tandem
1721 1991 1862 2027 eandem
1884 1990 1996 2038 optato
2016 1991 2243 2027 obtinuerunt
2258 1997 2318 2035 per

246 2041 370 2079 ‘Breve
382 2039 603 2091 Apostolicum
617 2062 631 2082 ,
653 2048 727 2075 eum
747 2037 786 2072 in
795 2034 900 2083 finem
920 2049 949 2073 1.
964 2038 1094 2074 Martii
1114 2046 1213 2083 ¹704·
1241 2048 1365 2085 quarto
1379 2050 1469 2074 anno
1487 2038 1720 2086 Pontificatiis
1743 2041 1770 2076 S
1782 2041 1813 2075 ἵ.
1824 2040 1876 2076 D.
1889 2038 1942 2078 N.
1959 2039 2143 2077 Clementis
2161 2037 2224 2073 XI.
2245 2037 2319 2074 PP.

233 2090 396 2128 *Maximi
422 2089 612 2136 expeditum
625 2110 637 2128 ,
657 2085 810 2133 Altefato
825 2085 1030 2135 Sereniffimo
1048 2087 1209 2134 Principi
1220 2087 1393 2136 Leodiensi
1411 2087 1639 2136 consignatum
1651 2111 1664 2133 ,
1691 2089 1734 2125 ab
1750 2088 1809 2124 hoc
1830 2088 1875 2124 ad
1896 2101 1946 2124 me
1960 2114 1973 2134 ,
1994 2088 2058 2124 hac
2078 2089 2235 2171 hispane
2252 2087 2322 2122 De.

248 2137 396 2185 legatum
410 2132 674 2186 Commiffarium
687 2132 886 2170 Generalem
899 2159 911 2178 ,
936 2132 1098 2171 diretium
1108 2158 1123 2179 ,
1146 2146 1186 2172 ac
1198 2134 1275 2172 heri
1286 2135 1407 2186 vestris
1418 2134 1637 2173 Reverendis
1644 2161 1658 2181 ,
1681 2137 1724 2179 (ς’
1738 2136 1860 2174 eAdm.
1881 2135 1920 2175 V
1914 2137 2097 2175 enerandis
2150 2135 2322 2172 aternita—

249 2187 344 2224 tibus
358 2185 400 2222 de
412 2186 515 2222 verbo
533 2183 579 2219 ad
596 2182 737 2219 verbum
780 2181 941 2220 ralefium
957 2208 968 2219 .

347 2231 426 2273 IVos
436 2235 548 2282 igitur
569 2230 628 2268 Fr.
643 2232 743 2279 Ange
758 2232 831 2268 icus
847 2231 1219 2280 WolfitcenfisOrdinis
1232 2235 1486 2282 Capucinorum
1497 2235 1680 2272 Generalis
1696 2234 1866 2282 Definitor
1881 2259 1893 2279 ,
1917 2236 1961 2277 &³
1978 2243 2039 2282 pro
2055 2234 2116 2270 hac
2129 2231 2323 2269 Wallonica

241 2281 462 2332 separatione
484 2280 670 2330 (primitus
684 2278 794 2327 solum
816 2279 1039 2328 disquirenda
1051 2306 1064 2324 ,
1086 2293 1178 2318 nunc
1208 2283 1289 2319 vero
1311 2284 1537 2330 exequenda)
1560 2284 1626 2320 hac
1651 2284 1827 2330 ablegatus
1843 2281 2092 2334 Commiffarius
2115 2280 2322 2325 Generalis,

249 2329 394 2379 inspefid
401 2331 525 2381 saepius
535 2353 548 2372 ‚
566 2330 731 2378 perpensa
741 2329 912 2366 maturius
922 2352 936 2372 ,
961 2341 1000 2365 ac
1014 2331 1167 2377 penitius
1180 2333 1374 2368 examinata
1389 2333 1547 2381 benefata'
1556 2332 1666 2369 ‘Baua
1679 2330 1861 2379 Pontificid
1874 2356 1887 2377 ,
1915 2330 2028 2370 Nobis
2046 2330 2254 2378 confignatd,
2278 2330 2321 2371 &⁸

249 2380 297 2415 ad
316 2381 542 2417 executionem
562 2376 788 2428 demandata}
811 2378 878 2427 post
895 2378 1022 2426 pravis?
1041 2381 1144 2415 etiam
1158 2380 1289 2429 dejure
1301 2404 1313 2422 ,
1337 2393 1375 2416 ac
1389 2392 1478 2416 more
1491 2380 1682 2428 Religionis
1699 2380 1812 2429 nostrat
1827 2380 1955 2429 faciam
1965 2380 2238 2417 convocationem
2256 2378 2324 2415 Ca·

233 2427 352 2477 pituli
375 2428 477 2477 hujus
486 2422 611 2465 ‘Alma
625 2425 832 2462 “Provincia
846 2452 859 2471 ‚
881 2426 1094 2474 aliorumque
1116 2427 1400 2475 praelintinarium
1422 2430 1685 2475 expeditionem:
1716 2429 1832 2466 habito
1847 2431 1927 2467 item
1950 2428 2102 2478 consilio,
2124 2427 2169 2467 ἐς·
2195 2424 2322 2477 assensu

247 2477 494 2526 praecipuorum
504 2474 837 2524 Patrum,praestntis
852 2475 1007 2523 Capituli
1020 2474 1220 2514 Vocatium:
1245 2480 1446 2524 attenteque
1453 2477 1584 2526 semper
1597 2479 1778 2514 memorata
1791 2478 1985 2515 Provincia
2010 2476 2113 2525 hujus
2137 2476 2322 2525 neceffitatc

233 2524 341 2577 ‘quob
362 2523 584 2569 inevitabili,
605 2523 706 2561 talem
717 2525 966 2573 separationem
984 2527 1164 2573 exigente:
1192 2524 1271 2561 aliis
1291 2527 1441 2573 denique
1462 2528 1575 2562 variis
1600 2527 1702 2610 cafqfis
1717 2548 1731 2569 ,
1748 2527 1920 2574 gravibus
1946 2528 2141 2565 rationibus
2155 2546 2168 2568 ‚
2202 2536 2241 2561 ac
2261 2535 2324 2562 ur-

243 2575 407 2623 gentibus
421 2576 558 2612 motivis
572 2599 585 2619 ,
605 2573 651 2608 ad
664 2571 724 2608 hoc
736 2571 843 2620 ipsum
859 2573 934 2611 Nos
945 2576 1222 2622 permoventibus
1238 2598 1251 2614 ‚
1272 2576 1354 2611 bene
1364 2573 1503 2612 libratis
1515 2575 1557 2617 ὠ·
1571 2585 1632 2612 exa
1665 2573 1889 2623 &ponderatis
1899 2599 1910 2611 .

346 2623 498 2661 Eatenus
519 2620 598 2662 IVos
614 2619 652 2656 F.
666 2620 872 2669 :Angelicus
884 2647 898 2666 ‚
921 2625 981 2670 qui
987 2621 1096 2671 supra
1109 2646 1122 2668 ,
1145 2621 1347 2672 :Apostolica
1362 2622 1595 2661 :AuFioritate
1617 2622 1638 2659 ὰ
1658 2624 1734 2660 Sua
1747 2624 1960 2667 santium,
1983 2625 2131 2672 itemque
2144 2623 2163 2659 ὰ
2167 2622 2323 2671 supremo

249 2671 400 2709 Ordinis
420 2671 522 2723 nostri
535 2669 695 2720 Mnssro
707 2670 872 2707 Generali
885 2695 897 2712 ,
921 2671 984 2707 hac
999 2672 1038 2706 in
1059 2681 1161 2719 parte
1181 2673 1264 2707 mihi
1290 2669 1432 2722 conceffa‘
1447 2698 1458 2716 ,
1482 2684 1522 2708 ac
1545 2672 1750 2708 demandata
1766 2672 1961 2720 saepefatam
1981 2673 2068 2710 hanc
2093 2673 2133 2709 de
2150 2674 2323 2720 praeterito

249 2718 474 2756 'Wallonicam
489 2719 709 2758 Provinciam
725 2741 739 2762 ,
762 2718 888 2766 defafio
900 2720 938 2755 in
949 2719 1037 2756 duas
1050 2719 1220 2768 distinfiias
1234 2744 1247 2765 ,
1270 2732 1310 2756 ac
1333 2721 1525 2770 disparatas
1545 2720 1735 2755 dividimus
1749 2721 1954 2757 Provincias
1966 2744 1979 2763 ,
2003 2723 2046 2763 (ς’
2065 2723 2103 2756 in
2120 2728 2321 2767 perpetuum

250 2765 380 2815 divisas
401 2790 414 2810 ,
436 2779 475 2807 ae
499 2769 537 2802 in
550 2767 663 2803 eadem
680 2767 792 2812 hucuf
806 2778 847 2803 ue
865 2770 1059 2806 commixtas
1078 2765 1252 2807 Nationes
1275 2769 1429 2816 Hispano
1463 2768 1607 2815 Regiam
1622 2769 1665 2809 ὠ·
1678 2769 1800 2804 Leodio
1813 2768 2079 2816 -Stabnlensem
2100 2769 2143 2803 ab
2169 2770 2318 2805 invicem

248 2814 460 2899 &arandus
473 2839 486 2857 ‚
510 2826 550 2850 ac
563 2814 743 2871 separatas
749 2778 812 2900 ff
822 2814 1032 2852 declaramus
1043 2839 1056 2860 ,
1078 2826 1182 2864 atque
1191 2817 1403 2855 decernimus
1414 2843 1426 2860 ,
1448 2819 1508 2853 ita2
1523 2825 1565 2853 ut
1580 2815 1881 2863 Hispano-Regia
1894 2816 1962 2863 sub
1985 2817 2128 2863 antiquo
2154 2817 2320 2854 nomine,

300 2863 444 2901 allonica
466 2862 509 2905 ὼ·
530 2861 653 2909 Sigillo
664 2862 691 2898 S
697 2862 745 2899 P.
793 2886 803 2897 .
816 2861 989 2909 Francisci
1003 2865 1183 2911 Seraphici
1199 2876 1209 2900 ι
1236 2863 1599 2912 Leodio·Stabulenfis
1611 2862 1693 2899 vero
1709 2863 1777 2911 sub
1798 2864 1932 2901 nomine
1945 2863 2070 2901 Leodia
2084 2887 2097 2908 ,
2117 2863 2159 2906 &⁶
2172 2863 2242 2912 sub
2261 2866 2323 2903 Si-

238 2916 241 2920 “
250 2911 335 2961 gillo
359 2913 418 2948 7).
433 2909 573 2960 {Josephi
592 2910 828 2946 denominetur
839 2932 852 2952 ‚
877 2919 980 2956 atque
998 2911 1217 2958 dignoscatur
1231 2937 1241 2948 .

356 2961 407 2998 ita
419 2959 554 3008 quidem
563 2984 574 2999 ‚
587 2967 628 2995 ut
639 2956 761 2994 taliter
772 2955 952 3005 constituta
967 2968 1056 2992 nova
1067 2957 1258 2994 Wallonica
1273 2959 1462 2997 Provincia
1478 2968 1521 2996 ex
1538 2959 1650 2995 veteri
1663 2956 1856 2995 Wallonica
1864 2959 1932 2997 haec
1942 2960 2053 2998 decem
2073 2962 2225 2999 retineat
2242 2962 2323 3000 Mo-

253 3010 400 3063 nasteria
412 3032 426 3052 ,
443 3007 651 3055 alphabetico
672 3005 890 3043 denominata
910 3003 1046 3040 Ordine
1056 3026 1070 3047 ,
1085 3006 1261 3042 nimirum.

350 3056 563 3146 Anght'am&
575 3054 759 3142 ¹⁶§irlunum
777 3081 787 3097 ,
810 3053 966 3095 Athum,
991 3052 1244 3101 Caroloregium
1258 3077 1271 3098 ,
1294 3053 1466 3103 Eupenam
1484 3079 1497 3100 ,
1532 3055 1806 3104 Luxemburgum
1823 3080 1836 3102 ,
1861 3057 2130 3107 Martisvillam,
2155 3058 2293 3097 Montes
2306 3085 2320 3106 ‚

240 3107 473 3151 .Namurcum
483 3129 497 3148 ,
605 3105 781 3151 oneggium
790 3129 802 3141 .

349 3157 439 3208 Q
461 3153 572 3190 omnia
595 3151 750 3251 locassub
769 3152 928 3204 Dominio
945 3148 1053 3198 Regis
1068 3150 1241 3189 Catholici
1262 3152 1301 3188 in
1315 3152 1523 3189 ‘Ducatibus
1540 3153 1822 3208 Luxemburgensi
1830 3179 1843 3200 ,
1867 3157 1911 3199 ὠ·
1922 3156 1960 3192 in
1976 3157 2205 3195 Comitatibus
2217 3157 2322 3193 Han-

253 3207 378 3243 noniae.
402 3205 445 3246 ὁ·
463 3199 688 3241 Namurcent
707 3203 929 3237 continentur
942 3226 952 3236 .

352 3254 414 3291 Sic
423 3251 558 3300 pariter
567 3275 578 3293 ‚
603 3260 646 3287 ut
657 3250 767 3285 altera
780 3249 960 3298 constituta
971 3259 1060 3284 nova
1076 3249 1198 3286 Leodia
1210 3248 1399 3286 Provincia
1410 3260 1451 3288 ex
1467 3251 1613 3300 antiqua
1619 3252 1809 3292 Wallonicd
1822 3255 1890 3292 haec
1901 3264 2021 3290 novem
2032 3255 2183 3292 retineat
2198 3254 2321 3291 Mona-

249 3302 356 3354 steria
368 3327 380 3343 ‚
404 3299 612 3347 alphabetico
626 3296 784 3347 similiter
796 3297 916 3333 ordine
928 3297 1118 3346 designata,
1138 3297 1269 3347 scilicet
1284 3310 1294 3333 t
1312 3315 1315 3319 ¹

353 3352 587 3390 monetatum,
613 3347 758 3394 Huyum
770 3371 782 3389 ,
808 3345 968 3382 Leodium
988 3346 1026 3381 S.
1043 3346 1224 3382 Michaelis
1244 3348 1283 3381 in
1300 3346 1394 3384 vrbe
1408 3372 1418 3388 ,
1444 3348 1604 3387 Leodium
1630 3352 1671 3391 S.
1684 3352 1913 3401 Margarithae
1932 3351 1972 3388 in
1994 3351 2173 3390 Suburhio
2184 3376 2199 3395 ,
2227 3352 2323 3390 Mal·

259 3399 500 3437 mundarium‚
525 3396 696 3443 Spadam‚
722 3392 964 3436 Stabuletum,
991 3392 1226 3439 Thuainium,
1247 3395 1290 3436 (5·
1304 3392 1491 3445 Verujam.

354 3448 443 3498 Q
466 3444 593 3494 partim
614 3444 653 3479 iu
665 3443 888 3491 Principum:
904 3442 1085 3491 Leodiensts
1098 3467 1112 3488 ‚
1136 3443 1179 3487 (ς’
1193 3442 1456 3483 Man-hionatas
1475 3445 1797 3500 Franchimontenfis
1819 3447 2005 3500 Episcopali
2031 3447 2214 3495 Dominio,
2235 3459 2320 3500 par-

258 3497 320 3533 tim
337 3497 404 3545 sub
418 3492 622 3543 Stabulenfis
631 3489 807 3530 ‹Abbatiae
822 3490 1040 3539 ‘Principatu
1061 3494 1283 3528 continentur
1300 3517 1310 3529 .

357 3543 490 3580 Taliter
505 3545 616 3591 igitur
629 3553 776 3590 utraque
788 3540 901 3588 divisa
915 3565 925 3580 ,
949 3551 989 3575 ac
998 3539 1160 3587 separata
1177 3540 1388 3587 Provincia,
1404 3543 1548 3592 statutis
1560 3546 1696 3584 vicibus
1719 3558 1821 3596 atque
1834 3546 2039 3594 temporibus
2049 3545 2118 3595 sua
2137 3547 2321 3587 celebrabit

260 3591 423 3638 Capitula
437 3617 449 3633 ,
474 3603 563 3628 more
564 3590 676 3675 ‘solito
690 3591 924 3640 sesquiannua
938 3612 949 3631 ,
976 3598 1124 3636 quatuor
1151 3588 1382 3636 Definitorn,
1408 3593 1452 3634 ὁ·
1469 3592 1722 3632 Provincialem
1737 3595 1936 3645 Minisirum
1951 3592 2078 3641 eliget,
2102 3596 2321 3635 Guardianos

265 3639 420 3688 instituet
433 3664 445 3683 ,
470 3639 563 3676 Fami
578 3642 692 3689 iasque
709 3641 750 3676 de
769 3651 857 3675 more
867 3637 1015 3684 disponet
1028 3661 1042 3680 ,
1067 3637 1110 3678 &¹
1122 3639 1234 3674 omnia
1247 3648 1286 3673 ea
1303 3639 1439 3677 tandem
1455 3641 1610 3691 prastare
1625 3647 1754 3692 poterit
1766 3669 1777 3688 ,
1803 3655 1875 3693 quae
1895 3641 1975 3679 aliis
1989 3643 2187 3682 Provinciis
2205 3646 2319 3696 nostra

262 3686 455 3735 Religionis
472 3687 600 3736 dejure
614 3713 627 3732 ,
651 3701 691 3724 ac
711 3699 800 3724 more
821 3694 1011 3733 competunt
1024 3710 1035 3729 ,
1060 3685 1123 3721 heic
1132 3686 1245 3734 prima
1256 3688 1448 3736 tamensuae
1458 3690 1681 3738 fundationis
1694 3695 1793 3737 vice,
1816 3691 1948 3741 nonnisi
1957 3690 2026 3740 sub
2037 3691 2147 3743 nostra
2168 3694 2318 3744 ratifica-

263 3738 356 3773 tione
370 3760 382 3779 ,
403 3737 461 3787 fitu
474 3738 712 3783 approbatione
725 3762 737 3778 ,
747 3737 858 3773 veluti
870 3735 991 3771 harum
1002 3734 1149 3771 duarum
1162 3735 1330 3771 novarum
1342 3735 1613 3775 Provinciarum
1639 3740 1806 3778 Erettoris
1816 3765 1826 3776 .

360 3783 486 3833 ,Qud
503 3785 681 3832 utriusque
705 3785 898 3824 Provincia
916 3783 1041 3820 limites
1061 3783 1164 3827 verb,
1189 3783 1231 3824 (θ’
1257 3783 1500 3823 Conventuum
1522 3787 1689 3837 distriffius
1703 3813 1716 3829 ,
1737 3787 1797 3840 seu
1820 3787 2020 3839 quaesturas,
2045 3789 2190 3839 respectu
2215 3792 2317 3829 unius

258 3831 324 3870 loci
346 3837 390 3870 ad
403 3834 548 3870 alterum
557 3833 701 3872 dicimus
714 3860 725 3878 ,
750 3846 789 3871 ac
802 3833 1013 3873 decernimus
1023 3856 1038 3877 ,
1062 3831 1316 3883 quodstandum
1336 3833 1375 3869 in
1392 3833 1446 3870 his
1458 3857 1472 3880 ,
1492 3846 1532 3872 ac
1551 3837 1758 3887 infistendum
1777 3837 1933 3887 pristinis
1941 3837 2151 3888 fingulorum
2166 3841 2322 3881 Conven-¹

2181 3897 2277 3927 tuum
