2658 4256
411 186 578 292 136

343 321 503 364 'ratione
531 314 726 369 voluisse,
750 319 861 375 quod
888 320 1113 364 rationibus
1147 321 1252 369 tuis,
1271 319 1361 360 'Di-

343 379 488 434 gnitati
519 377 640 418 etiam
657 401 671 422 ³
698 387 820 433 atque
849 382 970 423 animi
988 381 1047 422 tui
1073 376 1359 433 tranquillitati

345 440 596 491 summopere
621 447 699 476 non
726 450 973 493 congrueret
991 454 1005 483 3
1034 439 1153 480 decet
1178 437 1286 478 enim
1303 437 1364 477 Te

341 499 401 540 ita
415 494 578 538 omnino
600 492 824 538 existimare
848 499 900 540 de
921 498 1047 540 Nobis
1061 526 1074 548 ,
1110 496 1178 552 qui
1195 492 1361 550 plurimi

342 556 516 612 spectata
542 564 612 595 tua
636 553 816 602 decora,
856 555 1160 611 praestantesque
1191 555 1360 597 virtutes

343 616 513 657 facimus
530 641 544 664 ,
569 613 609 652 &
623 614 856 667 propensam
872 616 920 658 ad
938 613 1250 669 gratificandum
1266 612 1360 656 Tibi

343 675 518 730 gerimus
535 670 789 713 voluntatem
807 701 820 724 ,
842 673 954 728 cujus
970 673 1096 715 etiarn
1109 687 1261 716 novum
1278 672 1364 728 spe-

343 734 476 774 cimen
491 729 680 772 exhibere
697 732 827 786 parati
846 731 975 772 sumus
991 746 1086 787 erga
1099 732 1362 775 eundemRe-

343 787 530 844 ligiosum
546 790 707 841 Virum,
720 789 787 832 ubi
803 789 910 831 enini
926 791 990 832 hic
1008 790 1058 832 ad
1075 794 1158 835 Nos
1175 791 1357 841 accedet,

341 849 455 892 nulla
474 845 696 890 pontificia·
721 848 965 903 dignationis
991 850 1215 894 testimonia
1231 851 1280 893 ab
1307 863 1357 892 eo

342 907 561 949 desiderari
591 907 821 960 patiemur,
842 915 889 948 ut
918 908 1036 962 piane
1055 909 1238 958 constet,
1274 912 1360 952 Nos

344 966 458 1022 ipsius
474 964 681 1021 perspectae
693 965 917 1021 probitati,
930 968 1160 1023 caeterisque
1174 967 1358 1020 dotibus,

346 1026 489 1081 quibus
507 1024 688 1078 praestat,
714 1023 930 1079 praesertim
958 1028 1057 1070 vero
1084 1026 1207 1078 loco,
1239 1041 1360 1083 quem

347 1083 451 1140 apud
470 1084 531 1124 Te
561 1082 748 1134 obtinet,
772 1083 990 1138 plurimum
1016 1085 1223 1129 tribuere.
1250 1085 1358 1127 lllud

347 1144 507 1185 demum
521 1140 747 1195 persuasum
764 1144 857 1185 Tibi
870 1142 947 1184 esse
963 1143 1150 1185 volumus
1165 1174 1180 1196 ,
1200 1147 1285 1186 Nos
1300 1145 1360 1187 in-

346 1203 465 1244 terim
480 1213 640 1242 omnem
653 1215 816 1257 operam
832 1201 997 1243 daturos
1013 1199 1089 1243 effe
1102 1230 1117 1251 ‚
1133 1214 1176 1246 ut
1190 1210 1356 1257 compos

347 1261 409 1303 tui
436 1259 548 1309 voti,
573 1260 705 1314 quoad
732 1259 840 1302 redte
868 1258 952 1300 fieri
968 1260 1149 1315 poterit.
1175 1262 1215 1302 δε
1240 1264 1357 1304 rebus

347 1320 428 1363 tuis
457 1319 713 1360 commodum
741 1318 786 1359 fit
810 1345 823 1366 ,
848 1316 1063 1371 efficiaris3
1090 1320 1129 1360 &
1155 1319 1354 1376 Majestati

344 1381 444 1421 *Tuae
459 1376 727 1431 Apostolicam
741 1375 1067 1419 Benedictionem
1094 1378 1356 1422 amantissime

349 1436 606 1491 impertimur
619 1464 630 1476 .

407 1498 559 1537 Datum
591 1496 729 1535 Romae
760 1497 837 1536 &c.
865 1521 878 1544 ,
915 1493 982 1535 die
1022 1507 1048 1535 x
1069 1509 1082 1536 i
1103 1510 1141 1539 x.
1184 1496 1358 1540 Februa·

354 1552 402 1596 rii
423 1567 562 1596 MDcc1
578 1551 1018 1595 1.PontificatusN0stri'
1031 1555 1154 1598 Anno
1169 1554 1358 1599 secundo.

462 1667 622 1724 Ulysses
647 1669 787 1725 Joseph
803 1668 1063 1713 Gozzadinus
1077 1698 1091 1721 a
1108 1672 1299 1731 Archiep.

584 1728 818 1771 Theodosiae
843 1731 1112 1773 secretarius-

407 1850 551 1900 Autog.
582 1846 625 1887 in
651 1850 794 1888 Secret.
823 1850 935 1890 Brea.
963 1847 1012 1889 ad
1043 1850 1250 1906 Principes
1273 1865 1356 1908 reg.

461 1905 580 1962 me'ffi
593 1905 641 1952 ἐς
653 1904 747 1947 anni
749 1907 878 1962 praed.
896 1906 941 1967 s
958 1921 1055 1959 270.

352 2041 1357 2066 —————-———-

345 2142 595 2193 Dorotheae
617 2142 796 2210 Sophiae
815 2179 829 2201 ,
857 2147 1026 2194 Parmae
1045 2143 1093 2195 <Sc
1118 2148 1356 2199 Placentiae

415 2212 612 2263 Ducissae
629 2248 645 2272 ,
662 2214 858 2263 eundem
878 2218 954 2264 Fr.
971 2216 1239 2265 Gabrielem
1260 2222 1283 2266 a
1314 2219 1355 2268 se

418 2280 611 2352 benigne
640 2299 873 2352 receptum
892 2321 906 2342 ,
945 2284 992 2336 <St
1017 2289 1137 2336 votis
1166 2290 1353 2356 Reginae

414 2354 598 2406 Sororis
629 2388 644 2411 ⁵
673 2355 826 2419 quoad
861 2353 961 2404 fieri
990 2354 1133 2424 posset
1145 2391 1162 2415 ,
1191 2355 1233 2406 se
1265 2356 1353 2407 suf-

411 2417 702 2489 fragaturum
733 2426 939 2490 reponit.

368 2549 404 2590 A
432 2556 578 2602 tergo:
612 2549 779 2591 Dtlcei‘ae
805 2553 849 2590 in
878 2551 1029 2606 Chrsso
1057 2552 1175 2596 Filia·
1190 2553 1325 2597 Nobile·

463 2608 651 2657 Mulieri,
667 2607 873 2650 Dorotbeae
887 2610 1055 2663 Sophiae,
1071 2616 1238 2665 Parma,

602 2665 652 2713 δ’
668 2669 874 2709 Placente‘ae
902 2670 1088 2728 Ducg'ffae.

431 2785 904 2834 CLEMENS
976 2790 1089 2839 ΡΡ.
1158 2793 1266 2840 XI.

383 2900 542 2945 DilerJa
565 2899 608 2942 in
637 2901 786 2957 christo
808 2902 943 2955 Ftlia,
958 2906 1111 2948 Nobilis
1141 2908 1294 2951 Mulier
1309 2935 1324 2959 ,

557 2959 762 3018 saltuem,
790 2960 837 3006 ὅ
870 2962 1119 3018 Apostolicam

686 3019 1002 3063 Benedmz‘onem.

460 3135 631 3178 Eddidit
649 3136 775 3178 Nobis
802 3136 961 3182 litteras
991 3142 1228 3186 Nobilitatis
1253 3144 1349 3184 Tuae

487 3194 655 3236 dilectus
670 3196 792 3238 Filius
807 3224 820 3246 ,
848 3197 1052 3254 religiosus
1071 3202 1161 3253 Vir,
1176 3202 1343 3245 Gabriel

337 3256 388 3296 ab
415 3254 652 3307 Augustanis
667 3254 903 3307 clausuris,
930 3259 1094 3301 Ordinis
1122 3264 1346 3304 Fratrum

337 3312 542 3355 Minorum
559 3315 599 3355 S.
616 3313 811 3355 Francisci
827 3317 1124 3370 Capucinorum
1140 3333 1347 3374 nuncupa·

336 3381 505 3419 torum,
528 3386 650 3426 quem
676 3372 815 3414 multis
839 3375 1098 3429 nominibus,
1129 3379 1345 3434 praesertim

336 3431 437 3472 vero
451 3428 660 3485 singularis
678 3432 841 3485 pietatis
856 3433 976 3475 laude
995 3463 1008 3483 ,
1030 3449 1186 3480 necnon
1215 3438 1309 3480 loco
1330 3465 1344 3488 ,

333 3502 453 3546 quem
468 3491 572 3543 apud
591 3489 838 3547 Majestatem
856 3492 1081 3535 Catholicae
1100 3496 1261 3551 Reginae
1275 3496 1345 3537 Vi·-

335 3548 424 3590 duae
444 3576 460 3597 ‚
490 3548 648 3603 inclyta:
679 3550 837 3591 sororis
865 3552 960 3593 Tuae
984 3553 1144 3595 obtinet
1173 3583 1187 3606 ,
1216 3554 1344 3597 Nobis

333 3606 553 3650 admodum
586 3608 802 3662 probatum
823 3636 837 3659 ,
866 3609 1010 3652 libenti
1036 3612 1195 3664 animo,
1224 3609 1344 3668 a‘tque

331 3664 444 3707 omni
460 3666 638 3708 Paternae
663 3667 799 3708 nostrae
823 3669 1034 3711 charitatis
1057 3670 1343 3726 fignifi'catione

332 3724 562 3779 excepimus
592 3755 603 3763 .
635 3726 930 3779 Explicandum
959 3728 1051 3771 Tibi
1079 3730 1240 3773 interim
1267 3729 1344 3775 effe

332 3783 514 3841 ducimus
529 3806 552 3832 ³·
568 3781 608 3825 id
623 3809 637 3834 o
663 3784 773 3841 quod
787 3799 871 3844 non
888 3784 1007 3831 semel
1023 3790 1162 3848 eidem
1177 3789 1344 3848 Reginae

1093 183 1680 270 Provincia

1422 314 1555 357 testati
1570 313 1704 355 sumus
1718 341 1732 364 ‚
1763 315 1850 356 Nos
1867 315 1976 360 i'lli'us
1992 320 2227 377 dignitatem
2243 354 2257 378 ,
2283 340 2328 368 ac
2343 340 2442 381 pro-

1422 371 1530 415 fecte
1545 371 1892 427 tranquillitatem
1908 377 2120 434 respexisse
2134 385 2443 428 indeliberatio-

1425 445 1501 483 ne,
1534 445 1653 489 quam
1683 431 1790 473 circa
1817 434 1971 488 praefati'
1997 438 2168 493 religiosi
2190 445 2278 486 Viri
2305 447 2439 499 perso-

1424 505 1513 533 nam
1540 490 1811 545 suscepimuS‚
1839 506 1971 549 neque
1999 496 2105 538 enim
2133 498 2244 543 irrita
2270 503 2437 546 officia..-

1422 549 1541 606 ipfius
1568 576 1582 598 ,
1615 563 1698 604 quae
1723 548 1890 603 plurimi
1919 581 1932 604 ,
1962 564 2005 597 ut
2035 568 2105 610 par
2129 556 2210 606 est,
2237 559 2433 614 facimus,

1420 609 1528 664 apud
1545 613 1633 651 Nos
1647 608 1801 650 diutius
1814 609 1890 653 effe
1904 623 2138 666 pateremur
2150 642 2164 665 ,
2179 616 2247 658 nifi
2262 617 2438 672 eiusdem

1425 667 1648 710 rationibus
1680 667 1933 726 summopere
1973 686 2200 728 congruere
2239 675 2378 720 initum
2417 679 2439 720 a

1422 726 1553 769 Nobis
1570 723 1783 769 confilium
1800 729 2119 786 intelligeremus
2133 760 2144 773 .
2161 732 2289 775 Enixe
2306 735 2436 792 itaque

1420 785 1632 840 cupimus,
1665 785 1824 835 milla,
1853 789 2115 845 prospectam
2138 792 2262 834 animi
2279 791 2333 835 sui
2348 796 2436 847 pie-

1418 853 1506 886 tate
1528 872 1542 896 ,
1559 847 1582 887 a
1598 845 1804 897 molestia,
1830 851 2057 902 quaminde
2078 853 2287 906 percepit,
2318 865 2430 893 men-

1422 913 1505 945 tem
1532 904 1695 946 tandem
1721 905 1917 957 exolvat,
1956 908 2096 964 Teque
2125 921 2306 952 amanter
2335 909 2435 951 lior-

1422 971 1563 1013 tante,
1588 963 1759 1004 omnino
1779 963 1985 1018 confidat,
2015 971 2102 1010 Nos
2120 968 2313 1011 sollicitos
2330 976 2437 1010 tani-

1421 1021 1490 1063 diu
1506 1019 1621 1070 fore,
1649 1036 1696 1064 ne
1726 1023 1873 1066 diutius
1900 1023 1982 1078 ejus
2006 1039 2097 1069 vota
2116 1029 2437 1083 protrahantur,

1420 1080 1601 1135 quandiu
1635 1081 1784 1124 eisdem
1823 1084 2026 1127 annuendi
2051 1097 2282 1141 opportuna
2307 1087 2437 1129 Nobis

1420 1138 1608 1182 affulserit
1634 1142 1788 1183 occasio
1810 1170 1821 1182 .
1861 1142 2082 1188 Nobilitati
2111 1146 2274 1187 interim
2306 1147 2401 1186 Tuae
2420 1171 2435 1193 ‚

1419 1198 1482 1238 cui
1513 1199 1712 1240 bonorum
1742 1201 1925 1241 omnium
1952 1202 2109 1254 copiam
2140 1203 2160 1244 a
2180 1206 2267 1247 Deo
2290 1217 2437 1258 appre-

1419 1270 1572 1307 camur,
1589 1255 1860 1312 Apostolicam
1879 1260 2206 1303 Benedictionem
2221 1275 2435 1317 peraman-

1419 1325 1480 1357 ter
1495 1315 1753 1370 impertimur
1767 1346 1777 1355 .

1479 1376 1630 1417 Datum
1645 1375 1751 1425 &c.,
1778 1374 1845 1417 die
1867 1376 2066 1431 1.Aprilis
2082 1393 2262 1421 moceri-

1538 1489 1696 1544 Ulyffes
1718 1493 1863 1547 Joseph
1891 1494 2154 1537 Gozzadinus
2182 1494 2376 1552 Archiep.

1650 1549 1882 1592 Theodosiae
1897 1555 2057 1595 Secret.

1479 1672 1623 1723 Autog.
1643 1671 1685 1710 in
1717 1672 1858 1711 secret.
1889 1671 2002 1712 Brev.
2028 1670 2077 1711 ad
2111 1671 2320 1726 Principes
2349 1685 2430 1728 reg.

1535 1725 1655 1783 mens}
1680 1727 1728 1775 θ’
1742 1732 1838 1770 anni
1858 1727 2034 1788 praed.s.
2051 1741 2148 1780 275.

1418 1970 1529 2020 Hoc
1558 1968 1677 2016 idem
1710 1969 1897 2036 Reginae
1926 1965 2146 2034 praedffiae
2175 1963 2430 2034 fignificat,

1488 2039 1535 2088 ὅ(
1566 2037 1753 2087 arbitrio
1789 2036 1869 2086 suo
1892 2036 2131 2087 Pontificio
2149 2051 2300 2085 toturn
2329 2053 2431 2103 per-

1432 2119 1434 2121 ’
1486 2108 1561 2158 fici
1590 2124 1677 2157 non
1697 2105 1816 2176 poffe
1843 2108 1999 2157 dolet.

1414 2248 1453 2288 A
1468 2256 1604 2304 tergo.
1638 2248 1873 2306 Charffmae
1892 2250 1937 2290 in
1964 2246 2117 2299 cbristo
2133 2249 2250 2290 Filiae
2275 2244 2431 2303 nostrae',

1601 2312 1752 2351 Mariae
1768 2312 1895 2349 Annae
1909 2334 1922 2355 ,
1958 2304 2243 2359 Hispaniarum
2464 2312 2472 2320 ⁰

1641 2367 1799 2421 Regina
1817 2364 2042 2413 Catholicae,
2056 2361 2200 2407 Vidua.

1497 2485 1982 2534 CLEMENS
2057 2484 2168 2531 ΡΡ.
2239 2483 2346 2530 ΧΙ.

1417 2611 1643 2670 charistima
1668 2616 1710 2654 t'n
1743 2610 1893 2666 Christo
1920 2608 2030 2653 Filia
2065 2608 2196 2654 nostra
2220 2606 2397 2664 salutem
2414 2635 2429 2660 ,

1589 2671 1636 2718 ὅ
1653 2671 1908 2728 Apostolicam
1923 2668 2228 2711 Benedmioncm
2240 2695 2252 2707 .

1516 2787 1723 2831 Raeferunt
1755 2790 1909 2844 semper
1935 2785 2140 2840 singularis
2162 2814 2176 2834 ,
2210 2785 2248 2825 &
2275 2781 2427 2824 eximiae

1414 2789 1500 2900 P
1533 2849 1694 2902 pietatis
1723 2847 1849 2889 sensus
1889 2846 2017 2887 literae
2044 2843 2265 2901 Majestatis
2290 2844 2386 2883 Tuae
2414 2867 2431 2892 ,

1413 2919 1583 2959 quarum
1598 2906 1801 2961 postremae
1818 2907 1857 2947 in
1874 2919 1923 2947 eo
1941 2905 2061 2946 etiam
2077 2901 2325 2945 luculentius
2341 2913 2433 2955 pre.

1413 2964 1600 3007 stantiam
1622 2965 1741 3006 animi
1757 2965 1815 3006 tui
1839 2962 2079 3012 enuntiant,
2115 2961 2208 3016 quia
2236 2960 2275 3000 in
2287 2958 2428 3000 iisdem

1412 3022 1561 3064 nedum
1577 3023 1731 3067 testaris
1747 3033 1861 3078 grata
1881 3022 1974 3063 Tibi
1988 3019 2246 3074 peculiariter
2257 3014 2428 3058 accidis·
2478 3067 2482 3070 ἡ

1410 3080 1450 3122 se
1466 3081 1689 3125 testimonia
1714 3078 1916 3136 propensae
1931 3078 2152 3122 voluntatis
2165 3103 2179 3124 s
2194 3077 2344 3118 diiecto
2360 3075 2427 3116 Fi-

1410 3139 1468 3182 lio
1479 3168 1492 3190 ,
1509 3142 1698 3197 religioso
1712 3142 1831 3187 Vim,
1846 3136 2030 3180 Gabrieli
2046 3135 2213 3178 Clusino
2228 3164 2241 3187 ‚
2260 3145 2427 3176 tuorum

1409 3198 1635 3242 officiorum
1661 3199 1809 3240 intuitu
1835 3197 1854 3238 a
1873 3197 2003 3239 Nobis
2017 3195 2193 3238 exhibita
2208 3223 2220 3245 ‚
2252 3193 2314 3235 sed
2331 3206 2427 3248 prae-

1409 3255 1522 3299 terea
1539 3261 1598 3301 Te
1619 3271 1784 3314 prorsus
1800 3254 2006 3298 confidere
2020 3284 2032 3306 ,
2060 3254 2188 3297 Nobis
2201 3252 2422 3294 admodum

1409 3318 1525 3360 cordi
1554 3315 1642 3360 fore
1669 3329 1735 3358 tua
1762 3327 1886 3366 vota,
1915 3328 2084 3370 quorum
2115 3311 2422 3367 implementum

1407 3377 1548 3420 scimus
1574 3380 1595 3419 a
1611 3379 1672 3419 Te
1689 3378 1948 3419 vehementre
1963 3371 2144 3425 exoptari
2160 3399 2171 3411 .
2206 3373 2298 3425 Qua
2315 3369 2352 3410 in
2378 3382 2423 3411 re

1406 3436 1655 3491 perspectum
1684 3436 1776 3477 Tibi
1809 3433 1970 3480 facere,
2000 3430 2192 3487 quantum
2224 3431 2262 3470 in
2291 3428 2423 3470 Nobis

1407 3497 1514 3547 erit,
1540 3508 1681 3538 curare
1705 3507 1788 3537 non
1819 3489 2076 3540 cessabimus,
2106 3487 2213 3530 recte
2243 3490 2301 3528 Te
2328 3487 2421 3530 de)

1405 3553 1683 3610 magnitudine
1711 3563 1884 3607 paternae
1913 3550 2050 3591 nostrae
2077 3549 2115 3590 in
2135 3549 2195 3588 Te
2211 3545 2423 3588 charitatis

1407 3611 1583 3656 senfifl'e:
1605 3610 1773 3654 moleste
1787 3609 2033 3663 caeteroquin
2051 3606 2226 3649 ferentes
2243 3635 2259 3657 ,
2284 3605 2323 3646 id
2339 3619 2426 3646 om-

1407 3687 1458 3715 ne
1474 3671 1642 3714 arbitrio
1664 3669 1798 3712 nostro
1814 3666 1953 3723 perfici
1971 3681 2047 3709 non
2064 3664 2169 3722 poffe
2186 3694 2198 3715 ,
2222 3679 2300 3706 non
2316 3664 2422 3705 enim

1408 3743 1638 3787 pateremur
1665 3729 1728 3784 pia
1754 3738 1822 3770 tua
1844 3725 2039 3768 desideria
2071 3724 2213 3766 affeetu
2245 3725 2310 3766 suo
2335 3723 2426 3764 diu-

1407 3791 1486 3833 tius
1512 3788 1708 3842 destitui,
1734 3785 2011 3846 occasionibus
2042 3785 2208 3836 interim
2229 3813 2243 3836 ,
2273 3796 2357 3883 qii’ae
2388 3771 2422 3823 siz

2274 3856 2295 3881 c
2328 3855 2370 3883 e-
