2658 4256
483 237 589 339 76

382 368 421 408 δι
434 369 459 412 ‘it
474 365 675 422 quibusvis
689 367 1119 410 excommunicationis
1133 367 1206 408 διε.
1226 366 1382 409 absolu-

381 435 468 468 tum
485 423 577 469 fore
590 424 801 468 censentes
813 456 830 477 ‚
853 426 1206 482 supplicationibus
1222 437 1296 467 tuo
1312 439 1382 467 no·

383 487 491 527 mine
508 484 635 527 Nobis
652 484 766 540 super
786 485 862 527 hoc
885 486 1096 528 humiliter
1112 484 1305 539 porrectis
1318 484 1380 525 in-

378 542 516 586 clinati
533 571 547 593 ‚
573 542 924 588 confirmationem
941 545 980 585 in
1005 543 1136 585 officio
1151 541 1378 585 Postulato·

377 605 434 643 ris
461 601 595 645 Causae
610 603 943 645 Canonizationis
972 601 1197 658 hujusmodi
1214 630 1228 653 ‚
1253 615 1300 643 ac
1328 600 1379 642 li-

379 662 551 703 centiam
568 661 690 704 eundi
706 663 756 704 ad
770 662 1024 705 Provinciam
1040 660 1246 703 tuamTrbi
1261 660 1281 701 i
1297 673 1379 702 me-

379 728 542 762 morato
559 721 842 763 Bonaventura
856 719 1040 763 Ministro
1054 718 1246 762 Generali
1257 746 1271 770 ,
1284 717 1382 761 ficut

378 779 640 834 praemittitur
655 805 669 828 ‚
696 778 895 822 conceffas
907 805 921 827 2
947 777 1234 834 expeditasque
1261 774 1380 820 desu-

377 850 450 892 per
466 837 579 879 binas
598 837 707 880 illius
723 848 904 893 patentes
920 836 1058 879 literas
1074 833 1258 892 praefatas
1272 861 1285 884 a
1313 849 1382 877 au·

378 896 568 937 &oritate
583 896 842 951 Apostolica,
866 907 1009 940 tenore
1028 891 1284 950 praesentium
1309 907 1378 948 ap—

374 955 591 1009 probamus
605 982 618 1002 ‚
646 956 681 995 &
700 954 981 996 confirmamus
997 982 1011 1006 ,
1036 953 1192 1009 illisque
1207 951 1379 995 inviola-

379 1010 473 1054 bilis
494 1011 736 1066 Apostolicae
767 1012 968 1055 firmitatis
995 1012 1118 1053 robur
1138 1010 1376 1064 adjicimus,

376 1085 420 1113 ac
435 1085 574 1113 omnes
589 1072 629 1112 δι
653 1072 826 1127 singulos
842 1070 939 1126 juris
956 1072 996 1115 &
1009 1069 1099 1114 facti
1115 1067 1291 1112 defectus
1303 1097 1318 1119 ,
1349 1067 1375 1110 fi

373 1131 443 1185 qui
458 1129 625 1187 desuper
637 1131 942 1186 quomodolibet
958 1128 1273 1179 intervenerint,
1286 1126 1375 1183 sup-

406 1187 532 1231 lemus
546 1217 557 1228 .

374 1201 402 1244 p
437 1249 714 1290 Decernentes
729 1246 827 1302 ipsas
843 1244 1054 1300 praesentes
1071 1241 1211 1285 literas
1226 1242 1372 1299 firmas,

376 1303 529 1346 'validas
545 1333 557 1351 ‚
583 1306 623 1344 δε
639 1304 821 1346 efficaces
836 1302 1003 1346 existere
1019 1304 1058 1346 δι
1073 1301 1162 1344 fore
1179 1329 1191 1351 ,
1212 1301 1378 1358 suosque

372 1363 578 1417 plenarios
593 1363 829 1417 &integros
844 1363 1005 1404 effectus
1021 1360 1207 1403 sortiri&
1222 1361 1376 1403 obtine-

372 1433 445 1470 re,
462 1420 636 1476 Tibique
653 1422 691 1462 in
706 1419 891 1461 omnibus
904 1449 921 1475 ‚
939 1421 977 1461 &
992 1434 1068 1475 per
1083 1419 1216 1460 omnia
1232 1418 1379 1471 plenis·

374 1476 471 1520 fitne
497 1477 698 1532 suffragari
723 1506 736 1529 ,
761 1479 801 1519 &
825 1478 875 1519 ab
900 1479 985 1527 eis,
1015 1478 1065 1520 ad
1079 1489 1177 1533 quos
1195 1475 1376 1530 spectat,

372 1537 511 1579 exacte
526 1537 730 1578 observari
745 1535 899 1578 debere
912 1564 926 1587 ,
951 1550 996 1577 ac
1015 1536 1175 1577 irritum
1189 1536 1228 1575 δι
1241 1535 1376 1584 inane,

369 1596 399 1637 si
416 1597 523 1637 secus
542 1593 658 1650 super
674 1594 733 1635 his
749 1596 772 1638 a
785 1593 1149 1651 quoquam‚quavis
1163 1593 1374 1635 auctorita·

368 1663 412 1696 te
422 1681 438 1705 ,
456 1653 626 1696 scienter
641 1652 702 1694 vel
719 1652 956 1706 ignoranter
966 1651 1183 1704 contigerit
1198 1659 1374 1694 attenta-

372 1712 406 1753 ri
427 1740 439 1752 .
469 1715 561 1754 Non
578 1709 824 1753 obstantibus
838 1709 1201 1752 constitutionibus
1213 1739 1229 1760 ,
1242 1711 1373 1751 &Or-

375 1768 652 1812 dinationibus
670 1767 903 1823 Apostolicis
918 1797 934 1818 ,
957 1782 1002 1810 ac
1017 1766 1180 1810 Ordinis
1195 1797 1209 1820 ‚
1221 1769 1258 1810 &
1273 1770 1372 1810 Pro·

371 1827 512 1870 vincia:
531 1827 784 1884 hujusmodi,
811 1825 973 1881 aliisque
990 1826 1194 1881 quibusvis
1209 1855 1223 1877 ,
1247 1829 1372 1870 etiam

370 1884 600 1942 juramento
618 1915 630 1937 ,
661 1882 969 1928 confirmatione
1000 1887 1035 1926 A
1042 1884 1234 1939 postolica
1256 1912 1272 1934 s
1304 1885 1370 1928 vel

368 1946 506 2001 quavis
520 1944 710 1987 firmitate
727 1943 803 1984 alia
818 1944 1014 1988 roboratis
1031 1943 1184 1985 statutis
1196 1971 1209 1993 ‚
1222 1944 1263 1985 &
1274 1958 1371 1986 con—

368 2002 646 2047 suetudinibus
658 2030 673 2052 ‚
700 2001 923 2057 privilegiis
937 2016 1097 2057 quoque
1110 2001 1280 2044 indultis
1293 2030 1307 2053 ,
1329 2003 1370 2045 &

367 2062 499 2104 literis
510 2060 808 2117 Apostolicis2in
825 2062 1074 2104 contrarium
1091 2060 1371 2118 praemissorum

365 2119 677 2175 quomodolibet
707 2119 925 2171 concessis,
950 2118 1223 2172 confirmatis,
1248 2121 1288 2162 δι
1313 2121 1374 2161 in-

364 2181 526 2222 novatis
541 2208 553 2220 .
582 2181 740 2238 Qbus
758 2179 944 2220 omnibus
959 2180 1000 2220 δι
1015 2178 1193 2234 lingulis,
1209 2178 1373 2221 illorum

367 2246 536 2279 tenores
559 2251 634 2292 pro
650 2235 769 2292 plene
783 2237 823 2281 δι
839 2235 1083 2280 sufficienter
1096 2236 1284 2293 expressis
1298 2266 1312 2288 ,
1325 2250 1370 2279 ac

367 2295 422 2338 de
442 2296 563 2339 verbo
588 2295 638 2339 ad
665 2295 832 2339 verbum
853 2295 1011 2339 insertis
1039 2296 1235 2338 habentes
1251 2324 1264 2347 ‚
1290 2295 1371 2336 illis

368 2353 466 2396 alias
480 2355 516 2395 in
535 2353 604 2396 suo
619 2355 767 2397 robore
782 2354 1044 2409 permansuris
1057 2383 1072 2406 ,
1093 2354 1141 2395 ad
1158 2351 1373 2409 praemiffo·

365 2425 458 2455 rum
484 2409 665 2454 effeaum
692 2413 765 2453 hac
790 2413 879 2454 vice
901 2414 1096 2457 duntaxat
1118 2411 1371 2467 specialiter,

366 2472 407 2511 δι
419 2470 603 2524 expresse
619 2467 863 2525 derogamus
875 2496 890 2520 ,
913 2471 1143 2530 caeterisque
1156 2470 1371 2515 contrariis

363 2527 667 2585 quibuscunque
679 2556 692 2567 .

422 2590 574 2631 Datum
593 2589 731 2628 Romae
756 2585 861 2640 apud
892 2588 1076 2630 Sanctam
1090 2586 1258 2632 Mariam
1284 2588 1372 2629 Ma-

361 2646 492 2704 jorem
509 2644 576 2686 sub
600 2645 770 2688 Annulo
797 2644 1010 2687 Piscatoris
1044 2647 1120 2690 Die
1150 2659 1218 2691 vt·
1247 2646 1372 2687 Oc'to-

363 2705 446 2747 bris
462 2716 775 2748 moccxxxtv.
799 2701 1063 2749 Pontificatfis
1089 2703 1225 2749 Nostri
1250 2707 1371 2749 Anno

362 2761 519 2822 Qinto
532 2789 545 2803 .

757 2911 832 2954 Pro
856 2913 914 2955 D.
936 2913 1057 2956 Card.
1086 2914 1257 2958 Olt'vert'o

915 3078 962 3121 P·
984 3080 1033 3124 L.
1053 3079 1227 3137 Jacquet
1242 3107 1254 3121 .

430 3316 672 3373 Autograph.
697 3319 741 3361 in
769 3319 890 3363 Arch.
919 3320 1063 3362 secret.
1088 3325 1206 3364 Brea.
1232 3319 1367 3378 qust.

479 3381 573 3436 ch.
586 3378 723 3436 mensis
741 3377 791 3427 (9·
809 3377 905 3423 anni
917 3380 1044 3433 pred.
1054 3378 1139 3440 sol.
1149 3393 1193 3435 4.

1166 231 1765 318 Provincia,
1834 310 1841 315 .

1441 367 1604 414 Mariae
1637 359 1858 432 Augustae
1881 394 1897 417 ,
1941 360 2208 429 Principiffae
2241 364 2453 418 Wirtern-

1509 436 1675 503 bergiae
1693 434 1857 484 V1duae
1870 466 1884 487 ,
1911 431 1966 479 de
1984 432 2196 497 propensa
2215 453 2320 500 erga
2339 438 2453 484 Eam

1506 503 1744 556 Pontificia
1782 501 2014 552 voluntate
2043 501 2213 552 diutius
2247 522 2351 553 cum
2379 520 2454 552 eo-

1509 575 1617 625 dem
1636 579 1710 624 Fr.
1728 574 2043 623 Maximiliano
2066 573 2091 619 a
2118 572 2379 643 Wanghena
2407 571 2453 622 se

1510 648 1718 696 locutum
1737 680 1753 702 ,
1787 642 1842 692 ab
1861 643 1945 691 hoc
1965 639 2170 692 Pontifici
2180 660 2256 692 um
2271 645 2450 695 donum

1513 715 1633 765 illius
1659 715 1785 765 Filiis
1815 709 2124 762 transmissum
2156 712 2243 770 iri,
2279 729 2330 761 ac
2360 715 2455 762 Fri-

1511 786 1667 836 derico
1683 785 2001 853 Tertiogenito
2016 785 2351 833 Canonicatum
2370 786 2447 831 Sa-

1511 854 1839 926 lisburgensem
1858 853 2070 922 lingulati
2087 855 2337 903 attentione
2357 853 2450 901 col-

1510 928 1658 977 latum
1685 923 1811 977 fuiffe
1840 922 2061 993 fignificat
2075 959 2089 973 .

1467 1058 1503 1101 A
1524 1064 1671 1111 tergo:
1704 1042 1872 1097 D‘neflae
1886 1054 1929 1094 e‘n
1944 1049 2095 1110 Christo
2112 1051 2231 1096 Filiae
2243 1082 2260 1104 ,
2288 1050 2427 1096 Nobili

1522 1117 1714 1162 Mulieri,
1741 1114 1886 1155 Maris
1903 1111 2111 1168 Augusta,
2127 1111 2297 1168 Princspi
2329 1125 2362 1154 α

1676 1168 1983 1225 wirtenbergiae
1999 1198 2014 1222 ,
2046 1168 2175 1213 Viduae
2190 1199 2203 1212 .

1433 1290 1917 1342 CLEMENS
2006 1287 2230 1340 PAPA
2299 1289 2451 1338 XII.

1439 1448 1441 1450 -
1481 1418 1641 1460 Dilel‘la
1661 1420 1705 1460 in
1723 1415 1873 1461 cbristo
1889 1416 1996 1461 Filia
2009 1443 2024 1465 ‚
2052 1412 2207 1456 Nobilis
2235 1414 2385 1458 Mulier
2402 1443 2420 1468 ,

1502 1477 1681 1532 salutem
1697 1476 1744 1524 ἐς
1760 1475 2014 1532 Apessolt'cam
2030 1472 2336 1516 Benediffionem
2351 1500 2366 1514 .

1576 1593 1679 1634 [Ιὲω
1712 1598 1875 1646 gratum
1906 1589 2065 1640 Nobis,
2094 1589 2451 1646 quantaequelaeti-

1439 1591 1655 1750 Qiae
1686 1646 1809 1693 fuerit
1829 1677 1843 1700 ,
1865 1649 1889 1691 ὲ
1909 1648 2150 1695 Nobilitatis
2171 1648 2265 1701 Tuae
2291 1647 2452 1692 officio.-

1623 1707 1769 1751 fiffimis
1784 1708 1930 1751 litteris
1945 1704 2202 1756 intellexisse,
2216 1707 2330 1750 omni
2345 1708 2447 1753 Te,

1433 1766 1563 1809 studio
1595 1765 1832 1808 sanetiffimae
1861 1765 2043 1808 colendae
2071 1764 2212 1807 nostrae
2240 1765 2450 1820 Religioni

1432 1825 1531 1868 dare
1552 1839 1715 1881 operam
1735 1826 1963 1880 diligenter
1977 1853 1991 1875 ‚
2017 1832 2139 1880 atque
2154 1823 2299 1868 eximiii
2323 1824 2453 1868 soler-

1431 1882 1488 1927 tia
1521 1884 1779 1927 imbuendam
1819 1896 1965 1926 curare
1995 1881 2227 1926 Catholicis
2258 1882 2449 1927 institutis

1430 1943 1614 1986 eximiam
1639 1955 1749 1984 tuam
1766 1942 1960 1987 Sobolem
1975 1971 1990 1994 ,
2014 1950 2057 1982 ut
2076 1942 2097 1982 i
2114 1953 2209 1984 vera
2225 1943 2446 1994 Parentum

1433 1999 1513 2045 fide
1540 2016 1618 2044 non
1646 2002 1844 2051 aberret,
1875 1999 1965 2046 satis
1985 1997 2166 2056 profecto
2196 2014 2270 2044 nec
2298 1997 2449 2056 affequi·

1433 2061 1583 2111 verbis,
1597 2074 1672 2103 nec
1687 2059 1886 2102 dareTibi
1902 2060 1942 2102 in
1959 2058 2214 2113 conspectum
2229 2057 2440 2113 possumus.

1433 2117 1645 2175 Conjicies
1661 2129 1825 2170 tamen,
1840 2116 1865 2158 fi
1881 2117 1932 2161 ad
1950 2119 2164 2160 Paternam
2183 2117 2443 2160 Charitatem

1431 2176 1510 2233 qua
1530 2180 1614 2219 Vos
1628 2177 1666 2220 in
1693 2178 1858 2220 Christo
1885 2176 2190 2230 complectimur
2208 2205 2222 2228 ,
2252 2177 2438 2221 advertas

1432 2236 1609 2279 animum
1624 2264 1638 2286 ,
1669 2237 1777 2280 unde
1792 2247 1904 2280 tanta
1921 2235 2048 2279 Nobis
2072 2235 2124 2278 de
2151 2235 2274 2279 vestra
2297 2234 2444 2290 sempi-

1433 2295 1545 2337 ter'na
1570 2293 1770 2338 felicitate
1787 2293 2010 2339 solicitudo
2024 2294 2228 2348 emergit,
2256 2291 2439 2350 anxiosq3

1434 2353 1572 2396 reddit
1587 2381 1603 2404 2
1638 2362 1683 2395 ut
1700 2354 1826 2397 Vobis
1851 2362 1985 2397 tutum
2001 2352 2050 2396 ad
2066 2350 2190 2407 ipsam
2215 2353 2440 2395 muniamus

1432 2412 1513 2454 iter
1533 2441 1544 2454 .
1578 2410 1848 2455 Laudavimus
1867 2411 1990 2468 igitur
2003 2410 2159 2466 ingenti
2181 2409 2317 2466 plausu
2344 2411 2442 2454 dili-

1431 2471 1609 2526 gentiam
1624 2471 1751 2513 Tuam
1763 2502 1781 2523 ,
1811 2470 1892 2528 qua
1910 2471 1968 2511 Te
1989 2469 2030 2511 in
2045 2470 2151 2512 avita
2167 2470 2443 2525 Religionea

1430 2528 1615 2584 quotidie
1634 2536 1759 2584 magis
1787 2528 2026 2579 confirmas,
2058 2543 2225 2584 eamque
2246 2543 2338 2570 cum
2356 2528 2443 2582 pie-

1431 2595 1516 2630 tate
1541 2585 1795 2642 conjunctam
1827 2587 2007 2630 instillari
2032 2586 2166 2630 studes
2188 2586 2351 2628 tenellis
2376 2585 2443 2627 Fi-

1430 2644 1496 2689 liis
1511 2674 1526 2696 ,
1554 2660 1729 2702 quorum
1756 2661 1835 2688 non
1858 2646 1936 2688 fine
1953 2645 2138 2700 singulari
2160 2647 2309 2700 gaudio
2320 2658 2440 2687 acce-

1431 2705 1561 2760 pimus
1584 2705 1722 2750 literas
1739 2731 1754 2752 2
1786 2705 1905 2747 testes
1922 2703 2061 2746 suturae
2076 2705 2113 2746 in
2136 2719 2181 2746 ea
2198 2702 2442 2746 retinenda..

1432 2762 1658 2807 constantiae
1673 2764 1745 2805 suae
1757 2790 1772 2810 a
1802 2762 2134 2818 observandaeque
2153 2761 2348 2817 praecipua
2363 2775 2435 2804 ve-

1433 2822 1642 2867 neratione
1657 2822 1896 2878 Apostolicae
1911 2821 2026 2865 Sedis
2041 2834 2052 2861 τ
2068 2820 2178 2862 fimul
2196 2830 2332 2863 autem
2347 2835 2440 2875 pre-

1432 2881 1529 2924 cati·
1546 2880 1675 2924 sumus
1708 2883 1841 2925 Deum
1865 2881 2077 2934 Optimum
2105 2879 2326 2923 Maximum
2347 2907 2362 2927 2
2393 2886 2440 2920 ut

1431 2951 1636 2992 nunquam
1659 2952 1738 2980 non
1765 2940 1811 2980 iis
1827 2937 2022 2994 propitius
2037 2937 2136 2979 adlit
2153 2966 2168 2987 ,
2200 2940 2240 2979 δι
2254 2949 2443 2992 magnum

1431 2994 1614 3040 conferat
1627 3010 1760 3039 rerum
1774 3011 1934 3053 quoque
1947 2997 2205 3039 humanarum
2218 2996 2438 3051 premium.

1431 3056 1496 3096 De
1513 3055 1586 3097 hac
1601 3054 1735 3097 nostra
1751 3055 1895 3098 affidua
1910 3054 2187 3096 obsecratione
2200 3068 2246 3095 ac
2263 3056 2440 3096 benevo-

1429 3112 1634 3156 lentiffima
1654 3125 1750 3167 erga
1766 3112 2035 3156 Nobilitatem
2053 3113 2180 3153 Tuam
2198 3139 2211 3161 ‚
2245 3113 2438 3155 illustres-

1427 3185 1506 3227 que
1524 3170 1696 3213 Liberos
1720 3172 1928 3214 voluntate
1941 3171 2092 3213 diutius
2119 3170 2274 3226 loquuti
2305 3171 2437 3213 sumus

1427 3243 1520 3271 cum
1547 3229 1709 3272 Dilecto
1727 3230 1859 3282 Filio,
1893 3228 2195 3278 Maximiliano,
2223 3230 2435 3283 Religiosae

1429 3288 1735 3343 Caput-inerunt
1761 3289 1936 3331 Familiae
1964 3288 2171 3337 Alumno‚
2202 3289 2268 3341 qui
2303 3288 2432 3329 Nobis

1428 3346 1576 3389 vestras
1608 3346 1749 3389 literas
1781 3347 1961 3390 reddidit
1988 3375 2002 3398 ‚
2047 3348 2228 3400 Eumque
2257 3345 2430 3396 iuffimus

1428 3407 1490 3448 Te
1502 3402 1720 3447 Pontificiae
1734 3405 1991 3462 benignitatis
2004 3405 2219 3446 certiorem
2237 3404 2427 3456 reddere,

1426 3465 1466 3505 δι
1479 3464 1752 3507 munusculum
1779 3464 1929 3506 inclitis
1946 3464 2063 3505 Natis
2078 3463 2174 3505 Tuis
2190 3465 2336 3506 Nostro
2353 3478 2425 3505 no-

1427 3522 1539 3565 mine
1555 3521 1855 3574 transmittere,
1886 3523 2031 3578 pignus
2064 3523 2225 3565 Paterni
2255 3523 2426 3574 amoris,

1427 3595 1510 3638 quo
1523 3580 1612 3626 iane
1625 3579 1770 3623 eisdem
1788 3579 1970 3624 favemus
1986 3609 1998 3621 .

1489 3638 1595 3680 Cum
1613 3640 1710 3682 vero
1733 3639 1802 3682 ille
1821 3638 1976 3694 pridem
1994 3638 2123 3680 Nobis
2139 3636 2400 3681 renuntiasset
2415 3667 2430 3690 ‚

1430 3697 1491 3739 Te
1513 3697 1776 3740 vehementer
1790 3711 2011 3753 percupere
2027 3726 2041 3747 ‚
2072 3711 2116 3738 ac
2151 3702 2236 3740 Nos
2272 3697 2428 3740 summis

1427 3756 1612 3810 precibus
1629 3756 1817 3799 obtestari
1835 3783 1848 3806 ‚
1864 3766 1908 3798 ut
1927 3756 2151 3811 Principem
2170 3758 2429 3807 federicum,

1427 3814 1734 3871 tertiogenitum
1750 3817 1880 3859 Tuum
1895 3841 1909 3865 2
1939 3813 2078 3871 aliquo
2099 3815 2235 3871 infigni
2253 3819 2428 3882 Germa-

2301 3887 2371 3916 niae
