2658 4256
922 196 1627 290 Franl‘onica'.

242 339 371 394 Idem
401 332 547 405 ipsum
561 335 759 407 Principi
768 336 991 408 Episcopo
1007 338 1238 407 Herbipo·

306 404 417 460 lenfi
453 404 670 482 fignificat
688 444 701 460 .

303 597 339 643 Α
368 601 517 651 tergo:
556 591 770 639 Venerabili
802 594 971 645 FratrI,
993 588 1175 649 Epiftopo

594 651 879 708 Herbipolcnst.

320 781 787 836 CLEMENS
859 781 972 830 ΡΡ.
1041 781 1148 831 XI.

265 979 498 1026 Venerabilis
519 979 668 1022 Frater
678 972 858 1030 filatem
879 977 933 1027 &a
947 973 1204 1033 Apostolicam

572 1032 887 1078 Benediffioncm.

341 1209 490 1266 Ognita
519 1209 703 1265 aequitate
729 1209 1028 1265 supplicationis
1050 1208 1229 1251 Dileeto·

360 1284 447 1312 rum
463 1270 656 1312 Filiorum
675 1271 859 1312 Fratrum
871 1271 1075 1312 Minorum
1087 1293 1102 1317 ,
1115 1265 1234 1309 Ordi-

205 1345 208 1350 ·
224 1332 285 1373 nis
302 1330 432 1374 Sancti
449 1327 644 1371 Francisci
661 1330 965 1382 Capucinorum
978 1334 1233 1381 nuncupato-

224 1387 558 1438 rum‚Provinciae
574 1387 800 1428 Franconiae
811 1414 826 1437 ‚
857 1387 1001 1429 libenti
1017 1385 1132 1438 plane
1147 1384 1232 1425 ani·

226 1460 299 1488 mo
313 1445 546 1487 indulsimus
559 1473 575 1494 ‚
607 1454 648 1484 ut
665 1456 803 1486 eorum
821 1447 1062 1488 Conventus
1078 1446 1100 1487 a
1116 1440 1232 1497 supe-

221 1503 410 1547 rioritate
426 1532 441 1554 ‚
472 1517 517 1544 ac
545 1501 814 1558 jurisdistione
837 1519 912 1559 pro
937 1514 1120 1559 tempore
1146 1500 1229 1544 exi-

219 1561 360 1605 stentis
382 1561 550 1603 Ministri
579 1562 838 1604 Provincialis
861 1564 1080 1606 Provinciae
1107 1564 1228 1604 Fran-

223 1620 544 1671 co-Bavaricae‚
575 1620 637 1662 cui
663 1633 776 1663 antea
792 1619 992 1674 suberant,
1006 1623 1231 1663 eximeren-

216 1687 318 1725 tur,
351 1692 398 1720 ac
429 1678 731 1733 separarentur,
763 1681 875 1728 &ex
899 1680 986 1733 ipsis
1012 1679 1090 1720 alia
1105 1691 1229 1733 pecu-

211 1736 331 1779 *liaris
345 1737 556 1779 Provincia
572 1764 585 1787 ,
601 1738 827 1779 Franconiae
853 1737 1041 1791 deinceps
1067 1748 1226 1778 nuncu-

220 1793 480 1851 panda,cum
504 1793 687 1835 omnibus
703 1793 856 1847 juribus
874 1824 887 1846 ,
904 1795 1124 1852 privilegiis
1141 1821 1155 1844 ,
1183 1793 1224 1833 δε

218 1852 493 1908 praerogativis
522 1880 536 1903 ,
566 1851 709 1907 quibus
735 1865 899 1897 coeterae
929 1855 1022 1897 dieti
1057 1852 1222 1896 Ordinis

216 1911 439 1955 Provinciae
457 1910 665 1965 potiuntur
687 1938 703 1961 5
732 1914 959 1967 erigeretur
981 1941 995 1962 ‚
1027 1910 1224 1968 quemad-

216 1967 385 2012 modum
398 1969 484 2011 aliis
499 1968 661 2020 nostris,
674 1971 712 2012 in
727 1970 839 2014 simili
859 1971 987 2014 forma
1004 1972 1144 2014 Brevis
1159 1970 1225 2011 die

217 2026 408 2083 vigesima
434 2026 656 2083 sextiiJunii
682 2044 810 2085 nuper
838 2030 958 2086 elapfi
985 2031 1089 2074 datis
1113 2029 1224 2071 litte·

148 2133 153 2139 .
216 2087 305 2134 εἰς,
335 2086 478 2142 quibus
505 2086 656 2128 dilecto
680 2088 823 2131 itidem
840 2090 969 2136 Filio,
998 2089 1176 2132 Antonio
1201 2089 1225 2132 ὲ

218 2146 494 2201 Cramburgo,
512 2145 812 2200 Exprovinciali
832 2148 1058 2192 Provinciae
1080 2147 1222 2198 stiriae,

218 2204 259 2245 δι
273 2204 418 2247 actuali
434 2202 608 2259 praedicti
622 2204 788 2249 Ordinis
797 2205 1008 2250 Definitori
1026 2205 1224 2263 generali,

220 2261 394 2318 amplam
412 2261 462 2303 ad
478 2262 516 2304 id
533 2263 743 2308 tribuimus
763 2261 999 2307 facultatem
1012 2295 1027 2316 ,
1063 2264 1223 2308 uberius

222 2322 474 2364 continetur.
510 2321 670 2375 Optatis
698 2337 822 2377 porro
847 2325 1125 2370 Fraternitatis
1151 2334 1227 2366 tuae

219 2380 322 2423 eain
343 2391 385 2421 re
409 2376 636 2422 satisfecisse
650 2395 894 2439 magnopere
920 2383 1038 2439 gavili
1067 2383 1225 2434 sumus,

221 2439 291 2495 qui
315 2439 642 2494 opportunitates
663 2454 804 2485 omnes
833 2444 1070 2497 propensam
1085 2442 1229 2486 admo-

220 2496 318 2539 dum
347 2496 600 2540 voluntatem
616 2511 712 2552 erga
731 2501 792 2544 Te
817 2501 989 2543 nostram
1016 2501 1230 2545 declaran-

221 2555 263 2598 di
289 2554 462 2598 libenter
490 2558 796 2612 amplectimur-
830 2558 926 2613 Ejus
944 2560 1105 2602 'interea
1135 2558 1230 2601 soli-

178 2662 180 2665 >
213 2613 318 2656 'dum
337 2626 615 2669 argumentum
632 2616 753 2669 Tibi,
786 2619 1040 2661 Venerabilis
1059 2622 1201 2661 Frater
1214 2645 1229 2668 2

219 2671 499 2738 Apostolicam
523 2673 848 2720 Benedictionem
879 2687 1135 2735 peramanter
1152 2678 1228 2718 im·

224 2738 425 2786 pertimur
440 2759 453 2771 .

279 2791 432 2830 Datum
446 2790 587 2833 Romae
598 2792 702 2846 apud
717 2797 756 2836 S.
772 2795 938 2837 Mariam
951 2795 1146 2851 Maiorem
1161 2793 1228 2839 sub

221 2848 389 2891 Annulo
407 2844 619 2891 Piscatoris
634 2849 699 2891 die
715 2864 788 2891 xxt
803 2864 816 2891 1
827 2878 841 2891 .
855 2854 1020 2904 Augusti
1036 2866 1185 2896 unccx
1194 2867 1227 2894 1.

218 2904 486 2950 Pontificatus
500 2905 638 2950 Nostri
653 2910 771 2951 Anno
785 2907 1000 2951 undecimo
1019 2938 1033 2951 .

447 3085 625 3142 Joannes
639 3083 739 3127 Chri
746 3083 961 3138 stophorus
975 3083 1174 3130 Battellus

570 3144 823 3188 Secretarius
836 3173 851 3185 .

285 3317 531 3374 Autograph,
548 3316 756 3378 locofitprd
775 3319 897 3363 citato
899 3317 982 3376 sol.
998 3334 1022 3363 2
1026 3323 1074 3376 93

358 3840 460 3889 Tom-
479 3842 499 3881 1
507 3841 544 3883 V·

2090 215 2248 320 ,169

1547 388 2052 435 EPISTOLA.

1294 507 1647 562 Eminentiffimi
1666 504 1923 555 Cardinalis
1937 543 1952 565 ,
1972 512 2169 559 Summo
2190 513 2304 562 Pon.

1365 579 1477 633 tifici
1509 578 1535 626 ἓ
1559 576 1755 628 Secretis
1772 575 1858 632 ,de
1890 578 2055 629 eodem
2084 579 2192 629 dato
2218 585 2304 631 eri-

1361 647 1519 716 gendae
1539 647 1786 698 Provinciae
1808 649 2066 700 Franconiae
2082 651 2300 702 mandato

1361 722 1540 772 Fratres
1555 714 1860 770 informantur
1871 750 1884 763 .

1475 913 1692 957 Admodum
1716 914 1932 957 Reverendi
1960 917 2119 959 Patres.

1427 1089 1523 1133 Uod
1549 1088 1709 1133 &Vobis
1736 1089 1805 1132 diu
1819 1096 2005 1145 optatum
2029 1086 2140 1139 fuit,
2165 1094 2306 1132 tanto-⁵

1292 1090 1521 1245 Que
1537 1147 1666 1190 studio
1680 1151 1720 1191 &
1733 1149 2007 1191 sollicitudine
2021 1146 2303 1204 postulavistis,

1467 1216 1511 1251 ut
1536 1222 1584 1250 ex
1599 1208 1823 1252 franconia
1842 1236 1858 1260 ‚
1888 1217 2010 1266 atque
2023 1207 2174 1250 Svevia
2189 1220 2302 1250 una-.-

1293 1265 1606 1309 constitueretur
1619 1268 1838 1312 Provincia
1862 1279 1955 1308 cum
1983 1263 2121 1308 iisdem
2147 1264 2306 1323 juribus

1292 1325 1506 1377 omnibus,
1537 1339 1584 1367 ac
1611 1327 1774 1383 reliquae
1803 1325 1973 1369 Ordinis
1993 1325 2125 1382 ,vestri
2153 1325 2308 1365 habent

1291 1383 1515 1426 Provinciae
1540 1413 1552 1435 ,
1585 1383 1625 1426 id
1655 1383 1943 1430 Sanctiffinium
1975 1385 2191 1428 Dominum
2218 1387 2311 1425 No-

1293 1443 1414 1485 strum
1443 1441 1640 1486 indulfiffe
1655 1473 1669 1496 ,
1702 1444 1830 1486 Vobis
1868 1453 2126 1498 compertum
2155 1443 2231 1483 erit
2255 1455 2308 1484 ex

1289 1501 1476 1558 Ejusdem
1491 1502 1653 1553 litteris,
1667 1504 1707 1544 in
1725 1500 1854 1543 forma
1870 1501 2013 1543 Brevis
2026 1500 2093 1542 die
2109 1501 2176 1543 26.
2192 1502 2310 1556 supe-

1290 1561 1408 1603 rioris
1425 1560 1556 1611 Iunii,
1588 1560 1691 1602 datis
1705 1558 1756 1600 ad
1774 1563 1817 1602 P.
1836 1559 2061 1602 Antonium
2091 1558 2144 1601 de
2159 1562 2309 1603 Cram-

1289 1620 1448 1672 burgo,
1478 1617 1542 1658 cui
1561 1619 1780 1660 voluntatis
1795 1618 1867 1660 suae
1892 1616 2135 1674 exequendae
2157 1632 2302 1661 munus

1288 1675 1551 1720 demandavit
1566 1704 1578 1716 .
1612 1676 1726 1719 Fecit
1742 1677 1819 1719 hoc
1835 1687 1922 1720 tum
1938 1677 1991 1719 de
2008 1675 2176 1719 confilio
2195 1678 2306 1719 Emi·-

1286 1732 1500 1777 nentiffimi
1515 1733 1747 1778 Cardinalis
1763 1736 1979 1793 Acciajoli,
1995 1737 2033 1777 in
2049 1734 2160 1791 cujus
2174 1735 2308 1778 clien-

1287 1793 1370 1836 tela
1408 1792 1464 1835 est
1503 1793 1619 1834 Ordo
1646 1794 1772 1837 vester
1790 1824 1804 1845 ‚
1849 1804 1936 1837 tum
1963 1794 2105 1838 audito
2133 1795 2300 1837 vicario

1284 1851 1476 1896 Generali
1502 1850 1676 1906 ejusdem
1704 1854 1899 1905 Ordinis,
1928 1864 2012 1896 tum
2029 1853 2224 1904 demum,
2257 1862 2302 1894 ut

1284 1925 1455 1967 precum
1471 1940 1485 1962 ‚
1515 1925 1614 1966 quas
1629 1910 1688 1953 illi
1703 1913 1949 1967 porrexistis,
1964 1912 2163 1955 rationem
2178 1913 2306 1956 habe-

1284 1978 1372 2020 ret,
1390 1971 1555 2026 Vosque
1569 1970 1645 2012 hoc
1662 1971 1862 2016 beneficio
1880 1985 1953 2027 pro
1968 1970 2087 2014 suain
2104 1971 2310 2013 Ordinem

1284 2031 1322 2073 δι
1354 2030 1574 2073 Nationem
1601 2030 1774 2073 vestram
1801 2030 1990 2087 fingulari
2014 2029 2306 2073 benevolentia

1285 2098 1410 2144 atque
1438 2102 1580 2130 amore
1612 2088 1948 2147 prosequeretur.
1980 2089 2030 2132 Id
2057 2101 2192 2131 tamen
2206 2094 2308 2132 San-

1286 2150 1402 2190 &itas
1427 2146 1492 2189 sua
1506 2147 1625 2190 enixe
1640 2151 1754 2203 cupit
1769 2180 1784 2201 ,
1802 2159 1865 2201 ut,
1879 2148 1989 2205 quod
2016 2148 2154 2191 vestris
2176 2149 2305 2189 ratio-

1285 2206 1400 2248 nibus
1415 2233 1428 2256 ,
1457 2216 1580 2263 atque
1607 2207 1775 2250 utilitati
1804 2208 1987 2251 futurum
2002 2206 2057 2248 est
2074 2234 2086 2256 ,
2119 2206 2159 2248 id
2177 2206 2304 2262 magis

1286 2264 1475 2307 Instituto
1501 2265 1662 2316 vestm,
1694 2269 1734 2309 δι
1758 2267 1954 2321 regularis
1981 2264 2205 2320 disciplinae
2231 2265 2307 2306 ob·

1287 2324 1489 2367 servantiae
1515 2327 1619 2366 bene
1639 2336 1770 2367 vertat
1784 2356 1800 2377 ,
1817 2327 1888 2376 ita,
1905 2334 1948 2367 ut
1965 2323 2106 2379 majori
2132 2338 2178 2365 ex
2194 2337 2307 2365 com-

1286 2383 1411 2425 modo
1428 2392 1550 2438 atque
1566 2384 1788 2428 concordia
1802 2414 1817 2434 ,
1832 2397 1950 2438 quam
1978 2396 2082 2423 nova
2099 2382 2227 2423 Vobis
2241 2379 2304 2424 af-

1289 2441 1369 2486 fert
1392 2442 1605 2486 Provincia
1621 2471 1635 2493 ,
1666 2443 1822 2487 animos
1837 2441 2040 2490 sumentes
2056 2468 2070 2491 ‚
2102 2442 2230 2496 magis
2245 2450 2310 2482 at-

1291 2514 1370 2556 que
1384 2500 1510 2555 magis
1537 2500 1627 2542 vitae
1655 2515 1893 2556 morumque
1922 2499 2117 2544 sanctitati
2141 2513 2308 2555 operam

1290 2558 1394 2601 detis
1427 2557 1685 2613 imposterum
1702 2588 1714 2600 .
1744 2559 1931 2609 Idcirco,
1963 2558 2309 2616 quemadmodum

1290 2618 1339 2662 ad
1355 2618 1509 2659 litteras
1539 2616 1688 2660 vestras
1707 2618 1957 2668 rescribere,
1987 2619 2039 2659 fic
2054 2618 2093 2659 id
2111 2616 2304 2672 fignifica-

1289 2691 1337 2719 re
1351 2690 1413 2718 me
1429 2674 1533 2731 juffit
1547 2677 1740 2718 Sanctitas
1755 2682 1834 2720 Sua
1846 2705 1860 2727 ‚
1880 2691 1966 2734 quae
1981 2679 2198 2719 Paternam
2222 2678 2308 2718 Vo-

1290 2736 1351 2777 bis
1365 2733 1551 2777 omnibus
1566 2735 1896 2777 Benedietionem
1920 2734 2122 2788 elargitur
2135 2762 2149 2784 a
2180 2736 2220 2775 δε
2232 2748 2303 2776 ve-

1289 2793 1376 2836 stris
1389 2793 1574 2848 precibus
1594 2788 1631 2834 se
1644 2819 1658 2841 ‚
1691 2793 1994 2848 Ecclefiamque
2007 2820 2022 2842 ,
2041 2802 2105 2834 tot
2120 2792 2302 2849 undique

1287 2851 1490 2894 malorum
1504 2849 1686 2893 fluctibus
1701 2850 1891 2903 agitatam
1918 2851 2180 2893 commendat
2194 2879 2207 2901 ,
2238 2862 2304 2893 at-

1290 2911 1462 2963 queEgo
1478 2906 1745 2950 PRVestrisa
1761 2911 1850 2951 Deo
1864 2908 1996 2953 omnia
2008 2908 2129 2954 fausta
2142 2924 2302 2967 precor.

1296 2968 1438 3012 Romae
1454 2979 1521 3020 29·
1541 2964 1709 3021 Augusti
1728 2979 1846 3017 1711.

1412 3138 1708 3186 Paternitatum
1727 3143 1986 3187 vestrarum.⁴

1569 3319 1625 3371 F.
1649 3319 1776 3370 Card.
1801 3319 2022 3371 Paulutius
2039 3356 2053 3370 .

1353 3509 1520 3562 Autogr.
1546 3505 1591 3551 ln
1615 3507 1786 3553 Archiae
1805 3506 2018 3551 Provincia
2031 3537 2044 3549 .

1584 3844 1622 3884 Y!
2140 3846 2255 3889 Con-
