2658 4256
443 270 613 354 142

1219 233 1766 322 Provincia

375 382 413 423 in
435 375 617 420 solamen
645 373 849 432 spirituale
876 374 1064 416 haetenus
1092 366 1249 422 semper
1262 370 1388 412 cessit.
1451 373 1531 425 Ad
1549 372 1765 422 arcendos
1785 368 1997 419 haereseos
2012 374 2263 443 progressus
2283 378 2327 428 in
2349 382 2456 429 non?

373 442 483 482 Cum
501 438 601 478 vero
625 435 762 476 multae
782 432 1006 476 inter‘illas
1029 428 1287 470 inveniantur
1312 429 1388 470 de·

372 495 531 553 crepita
557 506 673 537 aetate
705 503 879 548 gravatae
894 521 908 543 ‚
935 493 974 535 δε
990 497 1189 545 perpetuo
1206 487 1314 543 quali
1329 486 1387 534 af-

372 556 459 599 fixae
476 555 578 596 leeto
594 581 607 603 ,
635 567 718 608 quae
744 550 907 594 defeetu
931 545 1258 598 commoditatis,
1278 547 1383 589 &ob

371 615 519 659 statum
536 611 784 654 infirmitatis
797 612 846 653 ad
862 620 990 653 crates
1005 607 1212 661 deportari
1225 619 1382 662 neque-

369 685 446 717 unt
473 684 550 726 pro
567 669 807 727 deponenda
835 669 890 711 ibi
903 666 1160 710 Confeffione
1177 694 1191 717 ,
1213 668 1383 721 eoque)

372 727 597 786 magisillis
614 758 628 780 ‚
655 743 739 785 quae
765 729 946 784 graviter
975 735 1200 781 aegrotant,
1223 724 1384 780 aegerri-

370 790 437 831 me
455 788 612 832 accidat
629 817 643 838 ‚
675 803 722 831 ea
750 786 1026 830 consolatione
1044 782 1289 828 Confetsoris
1317 797 1386 826 ex-

373 846 637 891 traordinarii
650 874 664 896 a
681 863 763 903 quae
779 844 1114 893 benevolentibus
1131 841 1275 899 absque
1292 856 1384 885 con-

369 906 630 957 tradidiione,
646 907 728 948 imo
743 905 855 963 juxta
872 914 1047 947 mentem
1063 902 1267 945 Ordinarii
1284 903 1384 958 Die-

368 966 502 1008 cesaui
527 995 544 1016 ,
568 964 748 1008 concessa
778 966 831 1008 est
857 994 871 1016 ,
906 977 1073 1014 carere,
1101 961 1316 1017 praesertim
1344 965 1383 1002 in

371 1025 518 1067 mortis
544 1026 755 1079 periculo,
783 1034 999 1081 eapropter
1014 1020 1382 1065 sanctitatiVestrae

371 1083 621 1126 demififfime
636 1083 746 1126 fimul
771 1099 814 1125 ac
832 1081 1100 1124 instantiffime
1125 1079 1350 1135 supplicant
1366 1108 1380 1130 ,

367 1155 571 1198 quatenus
599 1158 691 1185 cum
723 1138 964 1184 Conieffore
978 1140 1216 1193 Capucino‚
1248 1139 1311 1194 qui
1341 1139 1379 1180 vi

367 1202 516 1257 regulae
529 1215 678 1256 cap.x1.
691 1202 740 1242 ab
755 1197 926 1254 ingressu
940 1198 978 1239 in
993 1196 1277 1239 Monasserium
1290 1201 1385 1238 Mo-

365 1261 535 1303 nialium
567 1270 760 1310 arcetur,
789 1258 853 1300 nifi
884 1255 1099 1309 specialem
1116 1255 1339 1298 obtinuerit
1361 1254 1382 1296 ἔι

365 1323 409 1362 S.
420 1319 528 1362 Sede
546 1317 751 1359 licentiam
765 1343 779 1364 s
801 1315 976 1371 gratiose
993 1311 1220 1369 dispensare
1246 1315 1382 1368 digne·-

363 1388 461 1429 tui·‚
493 1387 537 1418 ut
563 1374 785 1418 observatis
816 1373 968 1417 debitis
992 1372 1160 1416 cautelis
1179 1401 1192 1423 ,
1217 1373 1266 1415 ad
1286 1372 1381 1415 effe-

366 1440 472 1479 <stum
489 1434 741 1477 solummodo
755 1431 984 1488 excipiendi
1002 1429 1274 1474 Confessiones
1293 1437 1377 1473 Μο-

364 1495 537 1538 nialium
553 1495 748 1549 graviter,
763 1502 834 1534 aut
851 1492 974 1545 longo
989 1500 1173 1546 tempore
1185 1502 1376 1547 aegrotan.

364 1555 468 1595 tium
481 1560 500 1604 ,'
523 1563 589 1592 aut
617 1561 817 1607 perpetuo
846 1550 951 1591 letto
976 1548 1206 1598 affixarum,
1232 1551 1283 1591 ad
1311 1563 1374 1591 eas

362 1610 524 1667 ingredi
549 1611 681 1652 valeat
698 1638 710 1650 .

425 1673 563 1725 Atque
574 1670 622 1710 eo
635 1667 856 1711 fiducialius
872 1668 973 1708 hanc
990 1669 1157 1720 gratiam
1172 1664 1209 1708 se
1225 1667 1244 1708 a
1261 1669 1371 1708 Beat.

368 1729 511 1772 Vestra
527 1727 749 1770 clementer
764 1725 951 1781 consequi
968 1723 1074 1781 posse
1092 1727 1251 1780 sperant
1264 1755 1275 1776 ,
1291 1726 1372 1780 quo

365 1789 492 1843 magis
522 1788 565 1829 iis
582 1785 796 1829 innotescit
814 1785 861 1828 ad
878 1787 1026 1827 hancce
1053 1783 1343 1826 conceffionem
1361 1812 1373 1834 ,

364 1846 491 1903 ipsum
507 1861 640 1888 earum
659 1845 920 1887 Ordinarium
938 1872 952 1893 ,
983 1843 1022 1884 id
1041 1843 1095 1884 est
1110 1872 1124 1894 ‚
1141 1842 1364 1896 Archiepis

360 1920 508 1961 copum
528 1903 871 1959 salisburgensem
888 1901 1059 1943 multiim
1079 1901 1262 1943 inclinari
1277 1931 1291 1953 ‚
1311 1900 1373 1942 id-

361 1979 440 2019 que
458 1966 641 2005 ratum&
654 1975 809 2019 gratum
827 1962 986 2003 habere<
1012 1960 1263 2014 Suspirantes
1279 1975 1374 2016 pro-

362 2023 403 2064 in
417 2050 431 2072 ‚
447 2024 595 2078 sibique
609 2025 724 2065 certo
739 2021 984 2076 pollicentes
1000 2018 1194 2075 ejusmodi
1210 2020 1372 2074 gratiosi

360 2081 511 2124 indulti
537 2080 847 2136 benignissimam
883 2079 1150 2121 collationem
1178 2107 1192 2129 ‚
1230 2092 1371 2133 preces

361 2140 733 2195 ferventesvjugiter
755 2138 803 2181 ad
823 2142 953 2180 Deum
973 2137 1141 2180 fundere
1155 2153 1230 2179 non
1247 2135 1368 2180 ceffa-

360 2199 467 2241 bunt
495 2214 567 2254 pro
583 2199 842 2240 diuturniore
854 2198 1087 2241 sinaitam-is
1102 2198 1248 2238 Vestrae
1274 2210 1370 2237 con-

360 2258 591 2301 servatione
610 2286 624 2308 ,
647 2257 979 2299 &incolumitate
994 2283 1008 2306 ‚
1032 2269 1150 2312 quam
1167 2258 1273 2297 Deus
1290 2256 1367 2296 &c-

422 2319 463 2356 S.
492 2318 748 2372 congregatio
779 2319 932 2363 Enim-3
961 2315 1008 2362 θ’
1038 2312 1370 2370 Reverendffimo-

362 2388 453 2416 rum
480 2379 519 2415 5.
535 2378 582 2416 R.
605 2379 647 2417 E.
679 2373 954 2430 Cardinalt'um
981 2383 1105 2429 negot.
1136 2374 1182 2420 (ς
1209 2374 1368 2429 constat.

360 2432 488 2487 Epss·
507 2461 520 2481 ,
551 2434 599 2479 {9³
614 2434 749 2487 Regni.
768 2431 984 2488 prfpostta,
1004 2431 1161 2474 attento
1180 2434 1370 2473 relatione

363 2493 406 2533 P.
427 2493 694 2532 Procuratoris
735 2490 939 2532 Generalis
969 2491 1127 2532 Ordinis
1159 2494 1370 2546 Capuct‘no-

357 2562 448 2591 rum
476 2578 489 2600 ,
514 2561 558 2589 ac
584 2546 793 2604 remifflone
811 2548 936 2601 libelli
945 2548 1064 2605 fal-ia
1091 2551 1116 2588 d
1133 2546 1367 2603 SanHiffimo

359 2607 520 2660 benigne
551 2607 736 2663 commisit
751 2606 963 2649 ordinario
979 2607 1269 2660 salisburgensi
1277 2633 1290 2655 ,
1322 2616 1368 2647 ut

358 2664 459 2706 veris
478 2666 727 2719 existentibus
743 2665 921 2709 narratis
937 2695 949 2716 ,
964 2665 1214 2708 Oratricibus
1233 2668 1368 2706 Sacer-

361 2726 489 2767 dotem
508 2729 768 2778 Capuanum,
795 2725 1059 2779 deputandum
1083 2725 1109 2765 d
1128 2725 1206 2782 suo
1225 2727 1262 2765 P.
1282 2725 1369 2765 Pro·

362 2781 553 2833 vinciat,
582 2783 652 2837 qui
680 2792 837 2837 maturf
851 2782 911 2837 fit
932 2784 1059 2825 aetdtis
1076 2812 1088 2832 ,
1111 2790 1156 2823 'ac
1169 2783 1274 2824 bonis
1289 2795 1368 2823 mo-

361 2841 472 2885 ribus
486 2870 499 2892 ,
511 2839 685 2896 silentia
700 2840 752 2890 (ὃν
761 2841 978 2894 prudentia
983 2842 1179 2894 praeditus
1191 2872 1205 2892 ‚
1213 2841 1367 2899 prostto

359 2900 533 2942 arbitrio
549 2927 562 2948 ‚
578 2899 624 2947 &¹
636 2900 849 2952 prudentia
871 2899 924 2939 ad
948 2898 1166 2941 triennium
1179 2898 1336 2956 affignet
1351 2928 1366 2950 ‚

360 2963 420 3001 ita
448 2969 577 3000 tamen
594 2984 608 3006 ,
635 2969 678 2998 ut
706 2967 822 2998 antea
846 2958 897 2998 ab
923 2958 1049 2999 eodem
1075 2959 1289 3000 Ordinario
1315 2959 1372 2998 ad

361 3017 570 3059 audiendas
585 3016 948 3057 Sanb‘timonialium
962 3014 1206 3073 Confcffiones
1222 3025 1364 3071 appro-

359 3076 504 3126 betur,
528 3074 747 3127 recipiatur
778 3075 831 3115 ad
855 3074 993 3133 ostium
1009 3076 1200 3129 Clausurg
1221 3074 1269 3115 ab
1286 3075 1360 3116 Ab.

357 3134 574 3192 battſjc't2&
589 3132 732 3175 duabus
751 3134 973 3175 Senioribus
993 3134 1246 3184 Martialibus,
1255 3134 1362 3188 ipsis-'-

358 3207 432 3249 que
459 3191 733 3234 comitantibus
758 3190 866 3233 reita
905 3194 958 3234 ad
984 3194 1128 3235 Cellam
1160 3192 1362 3234 tannim-s

355 3255 638 3308 armantium,
652 3251 698 3298 δ’
714 3250 919 3292 admotum
934 3251 1166 3293 inhabilium
1168 3251 1216 3306 si·
1228 3262 1360 3291 truns-

348 3311 493 3370 strat,
514 3311 561 3357 ᾤ’
589 3311 744 3351 illorum
764 3305 1007 3367 Confcffioncs
1022 3309 1108 3366 ipsis
1127 3310 1364 3352 Monialibus

356 3369 627 3428 officiantibus
639 3366 856 3409 videntibus
885 3367 1054 3423 excipiat
1069 3398 1081 3419 ,
1097 3369 1150 3418 ὠ·
1168 3368 1364 3425 parifor-

355 3428 582 3484 mdsiatim
596 3454 610 3476 ‚
635 3439 679 3467 ac
681 3429 731 3483 fi·
753 3427 988 3482 expedierit,
1021 3429 1249 3476 comitatus,
1267 3432 1362 3471 iit-„2

358 3486 504 3543 cgrcffit
528 3488 676 3528 nullam
691 3485 834 3544 stimat
861 3484 903 3527 in
918 3487 1157 3543 Monasterio
1182 3483 1362 3542 rofi'b‘lto-

353 3559 438 3588 nem
457 3573 470 3595 ‚
504 3547 551 3593 δ’
562 3544 696 3586 exinde
720 3553 810 3585 ante
827 3545 923 3586 Solis
937 3545 1107 3601 occasum
1125 3544 1278 3587 recedat
1294 3573 1304 3583 .

412 3607 532 3659 Romf
556 3600 804 3659 ii.Augusti
832 3615 948 3656 ¹724·

813 3663 865 3712 F.
897 3663 1023 3713 Card.
1054 3662 1292 3711 Paulatim.

410 3785 469 3827 Ex
487 3784 575 3836 ch.
593 3784 736 3823 Secret.
765 3785 804 3823 s.
824 3787 1014 3840 Congreg-
1037 3781 1169 3839 mensts
1182 3809 1196 3834 2
1223 3782 1270 3831 ζῦ·
1283 3795 1356 3824 an·

461 3844 504 3883 ni
522 3841 818 3898 prgdiliorum.

1516 445 1653 493 nullis
1672 438 1933 494 Dioeceseos
1956 441 2299 513 Salisburgenfis
2322 454 2457 500 Paro-

1512 516 1626 564 chiis
1670 511 1906 562 Miffiones
1946 515 2164 563 Fratrum
2199 517 2457 570 nostrorum

1513 583 1727 707 {offiium
1743 619 1758 644 ‚
1785 581 2144 652 Archiepiscopo
2163 584 2330 640 ibidem
2353 609 2456 642 con-

1445 845 1482 885 A
1500 850 1645 899 tergo:
1685 842 1898 887 Venerabili
1912 844 2084 893 Fratri,
2117 845 2329 898 Leopotdo,
2360 849 2441 889 Ar-

1677 903 1904 961 cbiepiscopo
1920 900 2217 963 salisburgensi.

1442 1073 1922 1123 CLEMENS
1997 1073 2233 1122 PAPA
2304 1074 2454 1123 XII.

1479 1256 1713 1302 Venerabilis
1728 1256 2050 1314 Frater-salutem
2067 1284 2081 1306 ‚
2103 1256 2151 1306 ζῇ·
2167 1257 2422 1315 Apostolicam

1780 1313 2086 1358 Benediffionem
2098 1342 2110 1355 .

1567 1493 1750 1536 AEreticae
1776 1492 1985 1550 pravitatis
1999 1493 2214 1548 contagia,
2243 1506 2329 1546 quae
2354 1505 2448 1534 cum

1583 1553 1734 1606 ingenti
1758 1553 1976 1593 animarum
2003 1551 2176 1606 jaftura,
2201 1553 2239 1592 &
2259 1550 2451 1593 Catholi-

1437 1627 1491 1653 cae
1507 1609 1732 1665 Religionis
1750 1611 2001 1652 detrimento
2025 1611 2220 1652 nonnulla
2246 1608 2445 1651 Dioecefis

1435 1681 1514 1713 tuae
1542 1671 1631 1710 loca
1646 1669 1860 1720 inficiunt,
1886 1671 1926 1711 δι
1950 1670 2225 1724 perturbant,
2249 1667 2454 1723 quemad*

1434 1729 1599 1770 modum
1621 1729 1658 1769 in
1685 1730 1763 1770 tuis
1787 1729 1835 1769 ad
1857 1731 1943 1770 Nos
1962 1726 2094 1770 literis
2117 1729 2158 1768 in
2173 1725 2452 1769 amaritudine

1436 1786 1704 1830 Sacerdotalis
1733 1785 1867 1828 cordis
1881 1786 2074 1840 deploras
2093 1814 2107 1836 ,
2132 1786 2266 1828 animo
2284 1799 2448 1840 quoque

1432 1847 1569 1890 nostro
1599 1860 1670 1899 pro
1686 1858 1731 1887 ea
1747 1873 1761 1896 ‚
1787 1858 1906 1899 quam
1922 1845 2100 1899 gerimus
2119 1870 2132 1892 2
2156 1844 2337 1886 omnium
2367 1844 2453 1886 Ec·

1435 1906 1647 1947 elesiarnm
1682 1902 1955 1947 sollicitudine
1986 1901 2256 1959 gravissimum
2301 1900 2450 1943 vulnus

1435 1962 1710 2017 imposuerunt
1726 1992 1737 2002 .
1770 1963 1848 2004 Sed
1866 1961 2061 2004 hausimus
2078 1976 2128 2005 ex
2142 1961 2351 2015 vigilantia
2367 1990 2382 2011 ,
2411 1961 2452 2002 &

1434 2022 1619 2079 pastorali
1635 2022 1727 2063 zelo
1744 2021 2031 2064 Fratei-nitatis
2049 2023 2170 2071 Tuae,
2187 2021 2240 2062 de
2255 2034 2336 2075 quo
2351 2017 2452 2061 serm

1434 2097 1504 2137 per
1522 2080 1707 2136 praeclare
1723 2079 1923 2129 sensimuS,
1934 2080 2083 2135 infigne
2097 2078 2302 2128 solatium,
2317 2091 2441 2132 quum

1432 2140 1690 2185 ministerium
1707 2148 1819 2179 tuum
1848 2139 2044 2191 implere,
2071 2138 2110 2178 &
2137 2138 2361 2179 animarum
2378 2150 2450 2177 ne.

1430 2199 1675 2242 cessitatibus
1705 2196 1874 2240 mirifico
1890 2197 2018 2240 studio
2044 2195 2257 2239 consulere
2271 2207 2415 2251 pergas
2432 2222 2446 2235 .

1490 2257 1694 2300 Caeteri‘ini
1722 2256 1815 2297 Tibi
1845 2255 1964 2310 plane
1991 2253 2225 2310 persuadeas
2243 2281 2258 2305 ‚
2289 2253 2448 2295 nullum

1432 2320 1516 2360 Nos
1531 2313 1788 2370 Apostolatfis
1814 2314 1932 2355 nostri
1948 2313 2122 2354 officium
2138 2311 2349 2354 omissuros
2365 2339 2380 2362 ‚
2406 2312 2448 2352 &

1430 2374 1536 2432 apud
1553 2375 1777 2417 Caesaream
1801 2371 2050 2427 Maiestatem
2078 2372 2222 2414 fitdulo
2250 2370 2445 2412 instantes

1431 2434 1618 2477 eximiam
1633 2431 1717 2485 ejus
1734 2432 1924 2487 pietatem
1944 2431 1992 2472 ad
2012 2430 2215 2485 explenda
2233 2439 2327 2470 vota
2347 2430 2448 2470 Fra·

1431 2493 1639 2535 ternitatis
1654 2493 1750 2532 Tuae
1770 2519 1783 2542 ,
1802 2491 1839 2532 &
1853 2488 2104 2531 Orthodoxae
2117 2487 2241 2530 causae
2259 2488 2446 2532 rationes

1429 2551 1601 2594 tuendas
1618 2550 1796 2591 excitare
1811 2548 1930 2591 enixe
1943 2557 2153 2593 curaturos
2167 2576 2178 2588 .
2206 2549 2288 2589 Tot
2303 2554 2444 2588 autem

1428 2609 1631 2666 tantisque
1659 2609 1772 2650 malis
1801 2617 2071 2662 opportunum
2099 2605 2322 2648 remedium
2351 2605 2445 2647 fore

1428 2667 1691 2719 censentes‚st
1706 2670 1895 2709 Fratrum
1911 2666 2214 2721 Capucinorum
2233 2664 2444 2706 Miffiones

1429 2730 1467 2770 in
1495 2728 1541 2769 iis
1570 2727 1773 2770 Parochiis
1800 2726 1975 2780 locisque
1999 2724 2322 2773 constituantur,
2351 2735 2441 2777 quae

1428 2787 1724 2830 Haereticorum
1740 2799 1855 2828 error
1870 2784 2019 2826 afflavit
2032 2811 2046 2833 ‚
2061 2781 2293 2824 Venerabili
2310 2779 2444 2823 Fratri

1428 2843 1749 2900 Archiepiscopo
1773 2842 1976 2897 Ephefino
1999 2840 2138 2882 nostro
2166 2851 2289 2896 atque
2321 2839 2447 2896 hujus

1426 2907 1576 2948 Sand'tae
1604 2902 1720 2943 Sedis
1748 2901 1797 2943 ad
1825 2900 1995 2942 eandem
2013 2897 2239 2941 Caesaream
2258 2897 2446 2955 Maiesta-

1427 2973 1507 3004 tem
1529 2960 1689 3003 Nuntio
1717 2962 1926 3015 negotium
1943 2957 2124 3000 dedimus
2140 2984 2153 3004 ³
2186 2957 2436 2999 utdilecium

1426 3021 1571 3064 Filium
1591 3017 1813 3061 Ministrum
1828 3017 2075 3061 Generalem
2102 3016 2326 3057 eorundem
2340 3017 2441 3057 Fra-

1423 3087 1530 3122 trum
1545 3078 1847 3133 Capucinorum
1877 3079 2139 3123 hortaretur,
2166 3083 2212 3115 ut
2236 3074 2439 3116 Salisbur·

1423 3152 1518 3194 gum
1542 3136 1754 3178 divertens
1781 3149 1876 3178 cum
1891 3133 2158 3191 Fraternitate
2177 3135 2264 3174 Tua
2293 3133 2348 3175 de
2372 3131 2439 3173 iis-

1423 3198 1516 3239 dem
1534 3193 1779 3237 Miffionibus
1793 3192 2080 3236 constituendis
2095 3201 2183 3246 agat
2198 3218 2212 3240 2
2241 3193 2280 3233 &
2298 3188 2441 3234 confe-

1424 3265 1512 3297 rat.
1543 3253 1667 3311 Qod
1697 3253 1838 3307 procul
1856 3251 1979 3294 dubio
1994 3251 2165 3293 salutare
2188 3249 2440 3293 confilium..-

1423 3313 1603 3355 futurum
1617 3310 1853 3353 confidimus
1868 3338 1882 3360 ,
1910 3322 1951 3352 ut
1972 3309 2220 3353 Fraternitas
2238 3311 2323 3351 ‘rua
2349 3321 2440 3351 om-

1425 3374 1464 3416 ni
1481 3386 1557 3426 ope
1573 3370 1708 3425 juvare
1721 3397 1734 3419 a
1751 3372 1791 3412 &
1805 3372 2030 3425 provehere
2046 3369 2204 3426 gestiat.

1484 3433 1646 3473 Interea
1671 3428 1846 3472 studiosae
1872 3429 2006 3470 nostrae
2035 3427 2258 3470 voluntatis
2290 3426 2435 3480 pignus

1424 3489 1696 3544 Apostolicam
1730 3487 2088 3535 Benedinionem,
2116 3499 2233 3540 quam
2260 3482 2437 3526 coelestis

1424 3547 1649 3604 praesidii&
1669 3556 1815 3603 optatae
1830 3545 2133 3600 tranquillitatis
2152 3543 2350 3597 auspicem
2377 3542 2442 3584 es·-

1423 3607 1462 3650 se
1483 3607 1663 3661 cupimus
1677 3632 1692 3656 ,
1719 3605 1812 3648 Tibi
1826 3603 2098 3655 ‚Venerabilis
2112 3604 2257 3647 Frater
2274 3631 2288 3655 ‚
2315 3615 2436 3659 pera-

1425 3675 1584 3708 manter
1600 3664 1857 3722 impertimur
1875 3692 1886 3704 .

1479 3783 1797 3826 Datum'Romae
1818 3760 1923 3835 apud
1951 3783 2130 3823 Sanctam
2159 3781 2327 3823 Mariam
2353 3781 2442 3822 Ma-

1418 3842 1547 3900 jorem
1576 3842 1644 3885 sub
1660 3842 1825 3886 Annulo
1839 3840 2049 3884 Piscatoris
2067 3867 2079 3889 2
2110 3840 2178 3883 die
2192 3854 2233 3882 x.
2253 3843 2442 3941 Nobvem-

2337 3910 2388 3939 ris
