2658 4256
304 309 561 365 collaudat,
592 306 641 356 &
673 303 728 354 de
746 318 1008 372 recuperata
1035 306 1126 364 ejus
1150 297 1307 347 sanita-

304 397 350 433 te
381 376 635 447 congaudet
653 410 666 422 .
705 372 835 423 Idem.
863 392 950 422 cum
979 387 1090 420 nota.
1229 367 1307 414 ibi.

376 457 570 501 Decreto
596 447 643 493 8.
657 445 896 510 Congreg.
910 440 1057 509 Episc.
1073 439 1121 489 ὅ(
1140 437 1309 504 Regul-

307 524 449 590 petita
469 513 811 567 Provinciarum
842 516 886 560 in
905 513 1065 578 Belgio
1084 508 1144 555 ob
1164 507 1309 555 domi·

307 593 490 640 niorum
513 580 821 633 diverfitatem
839 583 1028 630 variatio
1041 575 1308 626 Eminentis.

310 664 372 710 D.
388 654 621 709 Cardinali
641 651 900 700 Protestori
916 648 1191 706 remittitur,
1208 665 1312 696 con-

312 729 481 777 ditione
498 720 665 784 adjeci&
684 755 698 777 ,
714 734 763 769 ut
782 718 956 768 nonnifi
971 719 1071 767 duae
1087 719 1131 766 in
1148 719 1313 786 Belgio

311 796 561 848 Provinciae
588 788 819 858 persistant
839 825 850 837 .
883 807 968 836 cum
993 803 1104 836 nota.
1245 795 1316 849 96

380 870 580 915 Decreto
602 864 650 910 S.
665 863 900 927 Congreg.
923 855 1069 924 Episc.
1084 855 1132 908 ἃ
1147 859 1314 927 Regul.

315 933 545 985 Fratribus
565 931 674 980 Loci
694 929 843 977 saneti
863 928 1100 977 Trudonis*
1113 963 1128 985 ,
1146 928 1316 978 Sancti·

315 1004 587 1055 moni-alium
608 995 898 1049 Confeffariis
918 997 1320 1056 Ordinariis‚clau.

317 1072 472 1124 suram
497 1072 552 1121 ad
574 1067 868 1119 Infirmarum
893 1065 1187 1117 confeffiones
1205 1069 1320 1117 exci-

320 1144 499 1216 piendas
537 1138 818 1213 ingrediendi
845 1173 862 1198 ,
894 1134 1086 1188 facultas
1114 1138 1320 1189 concedi·

322 1232 399 1267 tur
417 1251 429 1263 .
1235 1227 1321 1270 97.

393 1283 673 1335 Eleftionem
719 1277 1037 1332 Discretorum
1065 1281 1320 1331 local-ium..

324 1354 511 1405 instante
529 1356 734 1419 Philippo
751 1355 875 1419 Rege
890 1352 1138 1402 Catholico
1154 1353 1198 1400 in
1214 1355 1322 1402 Pro-

326 1426 470 1475 vincia
485 1422 651 1471 abolet.
669 1421 853 1470 Clemens
867 1419 963 1472 XI.
1244 1421 1325 1470 ibi.

322 1485 331 1490 ⁵
393 1490 644 1560 Suppreffis
679 1486 899 1540 Discretis
918 1490 1209 1539 immediatos
1244 1494 1325 1540 Pa-

327 1580 418 1615 tres
443 1560 820 1612 ex-Provinciales
836 1596 851 1618 ,
884 1557 1158 1610 Definitores
1176 1560 1327 1608 astua-

326 1637 391 1685 les
407 1671 422 1693 ‚
450 1632 498 1684 ὅ(
518 1633 770 1683 Provinciae
788 1629 1011 1682 Custodes
1026 1666 1042 1690 ,
1071 1647 1163 1679 non
1177 1632 1328 1679 Guar-

328 1704 485 1754 dianos
503 1738 518 1761 ,
541 1701 795 1752 substituit.
832 1699 961 1751 Idem.
1024 1726 1028 1730 -
1240 1702 1327 1761 98.

399 1772 713 1824 Discretorum
730 1772 998 1824 elestionem
1026 1770 1070 1819 in
1089 1770 1329 1825 Provincia

331 1843 524 1895 restituti
558 1844 779 1912 indulget.
813 1841 942 1892 Idem.
976 1860 1064 1890 cum
1082 1857 1193 1890 nota.
1242 1861 1328 1902 99.

399 1913 637 1982 Rescripto
659 1919 803 1964 Sacrae
829 1914 1159 1963 Paenitentiariae
1177 1945 1194 1970 ,
1225 1917 1331 1963 Bre-

333 2004 390 2037 ve
418 2021 433 2044 ,
464 2002 555 2052 quo
577 1984 750 2034 duobus
774 1984 1005 2034 Fratribus
1028 1983 1084 2032 ad
1103 1985 1329 2032 Reveren-

335 2057 420 2106 dos
432 2058 579 2105 Patres
596 2052 906 2104 Cistercienses
925 2051 1332 2104 ReformatosVal-

335 2129 390 2177 lis
412 2131 574 2175 Aureae
604 2123 788 2174 tranfire
822 2124 979 2173 datum
1005 2122 1120 2182 fuit,
1149 2141 1332 2174 revoca·

337 2211 411 2246 tur
431 2231 446 2254 ,
472 2194 517 2245 ὅ(
535 2194 643 2243 disti
661 2199 835 2245 Fratres
855 2195 1033 2246 Habitu
1052 2193 1335 2245 Cistercienfi

338 2267 531 2314 necdum
549 2265 695 2315 induti
713 2303 730 2328 ,
766 2265 822 2316 ad
840 2265 1129 2316 Provinciam
1156 2265 1335 2334 regredi

332 2335 551 2400 jubentur
566 2368 581 2382 .
1223 2354 1242 2384 ι
1254 2353 1281 2382 o
1293 2353 1313 2390 1
1322 2369 1335 2383 .

307 2495 310 2498 ·
419 2475 809 2527 PROVINCIA
847 2476 954 2532 WA
965 2475 1253 2526 LLONIAE.

412 2614 652 2685 Rescripto
689 2614 929 2667 Pontificio
946 2618 1340 2671 ConventusWal·

340 2686 474 2735 loniae
497 2687 544 2735 in
573 2689 863 2739 Provinciam
899 2688 1011 2757 erigi
1046 2687 1340 2738 ratihabetur.

339 2772 426 2802 cum
460 2771 557 2803 nota
575 2793 588 2806 .
1231 2775 1338 2821 104·

410 2823 690 2874 Electionem
711 2826 912 2877 duorum
933 2832 1146 2879 Fratrum
1162 2866 1177 2888 ,
1207 2832 1341 2880 unius

340 2894 525 2962 quidem
559 2897 601 2943 in
623 2892 883 2944 Ministrum
904 2900 1235 2949 Provincialem
1252 2937 1269 2959 ,
1293 2898 1343 2951 ὅ(

340 2966 526 3015 alterius
544 2966 587 3013 in
605 2962 904 3014 Definitorem
921 3001 936 3023 ,
966 2968 1010 3014 in
1029 2969 1191 3018 eodem
1209 2971 1346 3036 Capi·

342 3036 442 3084 tulo
458 3032 625 3085 faciam
639 3032 776 3084 sanat.
813 3035 999 3086 Clemens
1012 3036 1082 3087 X.
1228 3057 1341 3096 107.

419 3110 460 3155 A
495 3106 738 3156 Provincia
772 3110 1043 3158 Conventus
1077 3106 1343 3157 Leodienses

342 3171 518 3243 separat
542 3212 558 3235 ‚
595 3176 675 3225 hos
699 3178 744 3226 in
774 3178 1066 3228 Provinciam
1097 3178 1264 3248 erigit,
1291 3196 1345 3228 ac

345 3248 560 3296 articulos
605 3264 658 3295 ex
697 3260 888 3317 utraque
940 3262 1068 3317 parte
1107 3246 1343 3318 stipulatus

346 3315 600 3367 confirmat.
619 3316 800 3368 Clemens
817 3316 908 3370 XI.
935 3338 1023 3368 cum
1041 3315 1152 3368 nata.
1229 3339 1343 3380 109.

420 3390 496 3436 Fr.
530 3388 820 3458 Sigismundo
851 3391 975 3439 Noel
998 3425 1014 3448 ‚
1047 3390 1343 3449 RecolleRO,

352 3454 410 3504 ad
424 3459 524 3505 Nos
542 3460 829 3519 transeundi,
858 3460 907 3508 ob
934 3460 1157 3529 allegatum
1176 3466 1349 3528 majoris

347 3524 612 3592 perfiHionis
660 3532 794 3587 zelum
832 3566 849 3590 ‚
904 3527 1095 3582 facultas
1139 3533 1351 3583 concedi-

354 3609 459 3645 tur.
1238 3622 1349 3656 110.

428 3666 506 3716 Ab
524 3667 675 3719 eadem
692 3672 1028 3723 Poenitentiaria
1041 3707 1053 3721 .
1079 3672 1347 3725 Tranfitum

355 3739 435 3789 Fr.
465 3741 692 3810 Brunonis
725 3745 902 3796 Bibaux
922 3778 940 3804 ,
979 3742 1347 3817 Limburgenfis‚

838 180 1923 276 ELENCH‘US.·

1370 301 1427 348 ad
1459 301 1635 345 Fratres
1654 295 1972 357 RecollefiosJ
2001 318 2089 352 non
2109 322 2163 356 ex
2181 307 2355 357 motivo

1369 363 1649 435 perfectioris
1675 370 1782 414 vitae
1809 365 2050 431 ducendae,
2084 373 2157 425 sed
2195 375 2254 426 ob
2289 376 2359 426 di.

1370 436 1538 485 scolam
1573 437 1668 496 ejus
1698 435 2036 490 inconstantiam
2067 444 2359 498 concessum..

1371 503 1497 555 fuisse
1531 503 1787 555 declaratur
1804 539 1819 554 .
2251 536 2271 567 1
2285 533 2357 568 ιι.

1442 647 1833 699 PROVINCIA
1872 649 2263 707 LEODIENSIS
2277 693 2291 708 .

1446 784 1686 837 Pontificio
1715 789 1941 847 Oraculo,
1968 788 2092 844 Usus
2125 790 2253 856 spatii
2282 789 2366 843 de.

1377 856 1513 906 horto
1540 855 1717 907 Domfis
1750 858 2030 909 Dionatenfis
2069 861 2095 911 ὁ
2126 858 2371 911 fundatore

1377 931 1585 995 occupati
1601 926 1915 980 confirmatur.
1933 949 2020 980 cum
2032 947 2144 981 nota.
2255 951 2275 981 1
2292 948 2368 994 14.

1447 1000 1533 1047 Per
1568 1001 1640 1047 Fr.
1659 999 1952 1051 Benedictum
1968 1001 2217 1060 Leodium,
2234 1003 2374 1052 Mini-

1379 1066 1519 1117 strum
1540 1070 1870 1119 Provincialem
1888 1070 1980 1122 διε.
2012 1074 2127 1141 Regi
2158 1072 2376 1123 christia-

1380 1138 1559 1188 niffimo
1589 1157 1683 1187 rem
1701 1139 1988 1191 Catholicam
2021 1144 2064 1190 in
2084 1142 2375 1193 Germania..

1382 1210 1700 1259 commendat.
1734 1210 1931 1263 Urbanus
1957 1210 2091 1262 VIII.
2294 1211 2376 1260 ibi.

1451 1283 1535 1330 Per
1564 1279 1757 1331 eundem
1786 1284 1862 1331 Fr.
1882 1283 2176 1332 Benedictum
2195 1279 2380 1349 Episco-

1381 1367 1439 1418 po
1473 1350 1794 1419 Herbipolenfi
1825 1351 1880 1401 de
1913 1354 2120 1403 aerumnis
2142 1351 2381 1419 Episcopa-

1384 1420 1456 1469 ti‘is
1483 1421 1729 1481 condolet,
1760 1421 1809 1474 ἃ
1841 1426 2020 1472 Fratres
2050 1422 2226 1472 nostros
2254 1439 2377 1470 com-

1384 1492 1584 1540 mendat.
1624 1490 1753 1542 Idem.
2269 1511 2288 1541 1
2305 1512 2318 1542 ι
2334 1508 2382 1553 5.

1458 1561 1608 1609 Simili
1642 1577 1917 1629 argumento
1934 1563 2160 1634 Episcopo
2172 1562 2384 1619 Worma·

1386 1627 1533 1678 tienfi.
1571 1628 1704 1678 Idem.
2306 1631 2386 1682 ibi.

1476 1711 1524 1729 ···
1566 1697 1925 1768 Archiepiscopo
1953 1736 1969 1760 ,
2002 1700 2262 1752 &Electori
2283 1705 2387 1750 Mo·

1457 1770 1650 1836 guntino
1667 1805 1679 1818 .
2273 1791 2292 1820 1
2308 1778 2388 1821 16.

1475 1867 1523 1883 ·-
1553 1839 1907 1908 Archiepiscopo
1927 1839 1971 1892 ἃ
1990 1842 2187 1892 Elector-i
2198 1842 2390 1893 Coloni-

1391 1906 1480 1958 enfi
1498 1946 1510 1957 .
1546 1910 1623 1960 ibi.
1692 1916 1764 1961 Ac
1784 1911 2140 1981 Archiepiscopo
2193 1912 2390 1962 Electori

1389 1979 1664 2031 Trevirenfi.
2312 1981 2391 2031 ibi.

1464 2054 1665 2103 Decreto
1700 2057 1747 2104 8.
1767 2058 2004 2126 Congreg.
2041 2053 2189 2120 Episc.
2219 2053 2268 2106 ἃ
2303 2058 2394 2103 Re·

1393 2120 2394 2190 gul.Fratribu»SanstimonialiumConfeffa-

1394 2193 1472 2239 riis
1490 2194 1727 2242 ordinariis
1740 2229 1756 2251 ,
1772 2194 2026 2244 clausuram
2045 2209 2251 2262 tempore
2270 2190 2395 2242 infir-

1394 2262 1567 2311 mitatis
1583 2263 1861 2332 ingrediendi
1882 2261 2071 2314 facultas
2087 2264 2238 2314 datur.
2283 2284 2303 2313 1
2317 2282 2335 2312 1
2347 2266 2396 2312 8.

1465 2337 1510 2381 A
1529 2334 2400 2389 ProvinciaWalloniaeConventusLeo·

1394 2399 1564 2452 dienses
1601 2402 1860 2473 separantur
1887 2440 1905 2461 ,
1940 2403 1988 2456 ὃ(
2023 2408 2067 2454 in
2102 2405 2398 2455 distinctam-0

1397 2475 1689 2526 Provinciam
1712 2477 1966 2546 eriguntur.
2005 2476 2189 2525 Clemens
2203 2474 2298 2528 XI.
2318 2475 2399 2524 tbi.

1468 2548 1668 2596 Decreto
1707 2550 1754 2597 S.
1774 2551 2012 2616 Congreg.
2046 2545 2194 2614 Episc.
2229 2547 2276 2597 δι
2310 2550 2400 2595 Re-

1401 2616 1499 2682 gul.
1517 2618 1843 2684 Receptionem
1856 2620 2037 2667 Novntii
2055 2618 2273 2666 aVicario
2292 2620 2400 2666 Pro-

1403 2686 1583 2735 vinciali
1603 2686 1691 2737 fine
1707 2684 1908 2755 expresso
1925 2687 2121 2737 Ministri
2142 2689 2403 2738 Provincia-

1400 2755 1455 2803 lis
1470 2755 1630 2806 ordine
1647 2756 1831 2817 fastam,
1849 2756 1990 2808 sanari
2003 2758 2208 2821 jubetur.
2289 2776 2307 2805 1
2324 2774 2403 2816 19.

1473 2831 1674 2877 Decreto
1692 2832 1981 2898 S.Congreg.
1999 2828 2146 2894 Episc.
2166 2827 2215 2878 ὅ(
2231 2827 2402 2891 Regul-

1405 2897 1554 2948 Causa
1570 2898 1875 2965 praecedentiae
1895 2902 2012 2946 inter
2032 2898 2237 2945 Clericos
2252 2895 2402 2943 Novi-

1406 2969 1496 3016 tios
1507 3003 1523 3024 ‚
1537 2967 1585 3018 δι
1601 2971 1762 3017 Laicos
1779 2964 1995 3032 professos
2011 2963 2067 3012 ad
2085 2964 2404 3030 P.Ministrurq

1408 3037 1680 3084 Gener-alem
1698 3035 1947 3084 remittitur
1959 3070 1976 3093 ,
1991 3035 2036 3082 in
2059 3034 2163 3084 actu
2182 3031 2401 3085 visitatio*

1405 3105 1474 3153 nis
1493 3103 1800 3159 terminanda.
1830 3123 1918 3153 cum
1936 3121 2049 3154 nota.
2320 3103 2403 3155 ibi.

1471 3178 1672 3227 Decreto
1707 3179 1756 3226 8.
1775 3178 2011 3246 Congreg.
2030 3175 2225 3225 Rituum
2238 3209 2254 3233 ‚
2271 3175 2317 3225 T
2322 3176 2404 3226 itu·

1403 3247 1548 3296 larem
1572 3243 1778 3297 Ecclefiae
1793 3250 2003 3296 Fratrum
2022 3247 2111 3295 loci
2128 3247 2283 3314 Spadae
2296 3249 2404 3295 Bea-

1404 3316 1617 3369 tiffimam
1648 3318 1891 3387 Virginem
1927 3318 2124 3368 Mariam
2140 3351 2157 3374 ,
2190 3315 2239 3367 &
2272 3334 2404 3366 non..

1409 3388 1630 3439 Sanctum
1662 3388 1951 3445 Waltherum
1989 3385 2071 3437 esse
2114 3385 2371 3437 declaratur
2387 3423 2402 3437 .

1408 3479 1496 3511 cum
1510 3476 1606 3511 nota
1619 3497 1632 3512 .
2290 3478 2310 3508 1
2321 3476 2343 3506 2
2355 3478 2402 3508 0.

1481 3536 1682 3583 Decreto
1707 3534 2002 3601 S.Congreg.
2023 3529 2223 3581 Concilii
2236 3565 2249 3578 .
2267 3532 2404 3580 Onus

1412 3604 1570 3653 Vineae
1586 3620 1668 3670 pro
1689 3603 1980 3670 ampliatione
1996 3599 2174 3652 Domfis
2200 3598 2247 3651 ἃ
2263 3601 2405 3653 Horti

1408 3672 1610 3728 Huenfis
1638 3688 1799 3741 emptae
1830 3691 2054 3723 annexum
2084 3707 2101 3731 ‚
2145 3673 2190 3721 in
2223 3675 2402 3722 Fratres

1406 3743 1674 3817 transfer112
1702 3745 1753 3801 δι
1778 3748 1996 3815 perpetuo
2009 3740 2249 3797 Miffarum
2277 3740 2401 3852 oneri

2233 3826 2279 3859 ce
2297 3825 2341 3856 e-
