2658 4256
464 242 640 353 146

398 378 562 422 feffione
578 377 760 419 Paschali
780 406 795 429 ,
823 379 850 421 si
868 377 1051 422 locorum
1074 376 1278 420 Curiones
1294 377 1404 419 ultra

396 452 479 482 non
506 437 721 493 annuant)
754 438 1052 481 sacrosanctam
1084 436 1182 478 vero
1208 437 1405 477 Euchari-

396 497 510 540 stiam
526 498 565 538 in
582 497 771 550 proprio,
803 497 868 539 vel
884 498 1043 540 tantum
1064 494 1258 538 Minionis
1271 494 1406 537 Sacel-

397 556 442 599 lo
457 585 470 606 ,
500 555 594 597 alibi
624 555 726 596 vero
739 568 819 597 non
833 557 898 599 nifi
915 586 929 609 ‚
961 570 1081 612 quam
1097 552 1314 597 accedente
1343 552 1404 607 ip-

395 615 530 659 sorum
543 614 772 656 Curionum
786 615 979 659 consensu
994 613 1290 663 administrare,
1302 613 1402 654 item

398 674 511 729 aegris
524 701 537 723 ‚
567 673 607 713 &
634 674 884 717 moribundis
912 672 1099 715 solatium
1131 685 1222 715 eum
1250 670 1401 713 auxilio

398 731 670 786 impendere,
700 732 854 787 aliaque
890 747 1086 789 peragere
1113 732 1248 772 omnia
1275 758 1288 780 ‚
1320 744 1403 786 quae

396 789 650 833 individuum
667 790 896 835 Miffionarii
912 790 1138 847 Apostolici
1161 803 1302 832 munus
1317 790 1403 831 exi—

398 850 485 904 git,
517 847 603 905 jure
629 849 868 904 sepolturae,
899 852 1036 893 aliove
1052 862 1310 906 quocumque
1329 851 1402 892 Pa-

396 907 568 951 rochiali
587 907 744 964 semper
759 920 932 967 excepto
946 939 957 951 .

455 967 656 1009 Decimo.
689 970 743 1011 Et
755 969 846 1024 quia
874 969 925 1012 de
943 967 1161 1024 Religione
1187 970 1289 1009 bene
1313 964 1404 1021 spe-

398 1027 478 1070 rari
509 1040 587 1068 non
611 1028 767 1082 potest,
799 1030 824 1069 fi
852 1042 907 1084 y,
937 1030 1004 1084 qui
1031 1027 1304 1084 magistratum
1330 1026 1404 1067 Eeb

398 1084 681 1138 cleliasticum,
715 1086 778 1128 vel
797 1087 973 1130 Civilem
988 1086 1076 1129 sunt
1092 1082 1254 1127 affecuti
1272 1113 1286 1133 2
1317 1096 1406 1124 mo·-

398 1144 504 1188 ribus
530 1141 745 1188 scandalofi
774 1144 849 1187 sint
864 1173 878 1196 ‚
907 1157 975 1189 aut
1004 1145 1112 1188 vitiis
1128 1144 1289 1199 publice
1319 1152 1405 1184 tur-

395 1216 491 1260 pes3
524 1214 743 1260 eapropter
770 1212 985 1246 teneantur
1015 1204 1170 1256 pariter
1194 1204 1232 1244 in
1249 1204 1403 1251 vitam,

397 1266 438 1305 ἃ.
454 1276 584 1303 mores
600 1277 679 1306 non
694 1262 818 1305 modo
840 1262 1099 1305 subditorum
1115 1290 1129 1313 ,
1162 1262 1250 1317 ipfis
1266 1260 1400 1316 quoad

396 1319 590 1365 Miffionis
614 1321 876 1364 Ministerium
903 1318 1202 1364 commissorum
1219 1351 1234 1372 ‚
1265 1318 1333 1361 sed
1364 1320 1403 1359 &

398 1394 539 1424 eorum
557 1409 572 1431 ,
604 1380 742 1436 quibus
760 1379 828 1435 ipfi
847 1380 993 1423 subditi
1017 1380 1124 1423 intra
1149 1379 1402 1435 defignatum

397 1439 617 1483 distric‘tum
645 1452 718 1492 per
741 1439 1020 1482 demandatam
1044 1437 1065 1480 ai
1082 1439 1212 1481 Nobis
1241 1435 1404 1493 jurisdi-

396 1499 572 1540 e'tionem
586 1496 746 1539 subsunt
761 1526 774 1548 .,
807 1497 947 1540 sedulo
962 1497 1180 1552 invigilare
1197 1527 1211 1549 ‚
1225 1497 1401 1550 datoque

396 1554 574 1603 defe6tu‚
591 1554 795 1610 Religioni
810 1555 961 1598 direfte
976 1557 1042 1599 vel
1057 1555 1250 1599 indirecte
1266 1553 1404 1610 perni—

395 1613 549 1665 cioso,s1
566 1611 739 1655 fraterna
752 1613 976 1656 admonitio
986 1629 1076 1657 eum
1087 1629 1165 1657 non
1176 1614 1315 1664 tollat,
1322 1616 1403 1655 No.

394 1676 456 1717 bis
481 1675 520 1714 &
535 1671 826 1715 successoribus
843 1672 982 1714 nostris
1010 1673 1060 1714 ad
1078 1673 1259 1730 proprias
1289 1685 1402 1713 aures

396 1733 579 1775 referre:
596 1730 644 1773 ea
665 1729 749 1785 ipsa
768 1731 951 1781 ratione,
984 1729 1061 1785 qua
1074 1730 1098 1772 ὃ
1115 1729 1309 1774 converso
1327 1742 1401 1772 no-

394 1792 481 1835 stris
506 1790 677 1832 Decanis
695 1790 910 1833 Ruralibus
933 1790 1035 1832 serio
1050 1789 1399 1835 demandabimus,

394 1851 642 1906 perspectum
670 1848 870 1900 habendi,
900 1863 948 1891 an
965 1847 1195 1892 Missionarii
1221 1849 1288 1904 ipfi
1304 1849 1401 1891 Mis-

393 1907 510 1950 fionis
527 1905 680 1949 muneri
707 1906 844 1948 debite
859 1907 1093 1948 incumbant
1109 1933 1123 1955 a
1158 1909 1314 1962 hocque
1328 1906 1400 1948 ad-

392 1965 590 2022 impleant
605 1979 655 2007 ex
669 1962 742 2008 asse
758 1995 771 2017 ,
784 1964 933 2020 quidve
950 1965 1142 2009 adversus
1162 1967 1230 2008 has
1245 1963 1398 2006 nostras

392 2024 836 2079 leges,conditiones,&
851 2026 960 2080 paela
973 2035 1209 2080 operentur.
1228 2023 1355 2081 Qod
1372 2022 1398 2064 fi

391 2093 537 2141 preter
547 2083 651 2138 spem
663 2097 823 2125 omnem
837 2083 1010 2125 nostram
1025 2085 1272 2127 contrarium
1283 2082 1399 2125 dare·

390 2153 551 2194 cuneos
565 2143 614 2184 ad
629 2142 990 2198 adimplendum,&
1002 2144 1062 2185 his
1078 2142 1233 2200 legibus
1250 2154 1396 2197 paren·

393 2201 492 2243 dum
506 2199 683 2243 fraterne
697 2211 914 2254 moneant3
947 2201 1012 2244 ubi
1028 2204 1127 2244 vero
1155 2216 1225 2244 nec
1241 2200 1317 2244 hac
1334 2198 1400 2244 via

392 2259 573 2302 defectus
588 2259 786 2302 tollantur
799 2290 814 2312 ,
844 2261 885 2301 ὅτ.
901 2262 972 2302 hos
989 2260 1171 2305 (imiliter
1184 2261 1313 2304 Nobis
1329 2260 1400 2302 ha·

395 2319 521 2361 beant
539 2317 719 2362 referre.
751 2319 955 2374 Praecipue
976 2323 1077 2364 vero
1100 2321 1301 2363 curabunt
1325 2317 1400 2374 ipfi

392 2377 656 2428 Miffionarii‚
686 2387 731 2420 ut
754 2378 1053 2422 Ecclefiasticus
1078 2381 1118 2421 δε
1144 2380 1287 2422 Civilis
1311 2381 1400 2421 Ma-

394 2436 580 2492 gistratus
601 2436 827 2479 concordes
850 2439 1016 2487 vivant,
1049 2448 1190 2495 utpote
1214 2439 1399 2494 qui‚cum

396 2508 481 2538 non
498 2493 570 2534 fint
588 2493 671 2535 duo
684 2494 865 2536 distincta
882 2510 1054 2552 corpora
1069 2525 1082 2547 ,
1093 2498 1160 2540 sed
1174 2499 1289 2539 unius
1304 2508 1400 2537 cor·

394 2553 510 2609 poris
534 2551 715 2594 diffimsta
741 2553 920 2596 membra
935 2582 949 2604 a
975 2557 1071 2597 sicut
1095 2554 1318 2598 concordia
1331 2569 1399 2596 eo-

394 2624 486 2654 rum
500 2611 623 2652 totius
638 2611 890 2666 Reipublicae
905 2613 1019 2654 unica
1033 2612 1087 2655 est
1099 2615 1307 2664 Anchora‚
1321 2611 1400 2667 qua

399 2667 559 2712 sublata
575 2669 768 2711 fluctuant
781 2671 1204 2727 omnia,&Religionis
1218 2683 1399 2715 contem-

398 2738 495 2784 ptus
511 2728 646 2771 oritur
659 2757 674 2778 ,
694 2727 744 2770 fic
759 2743 807 2771 ea
822 2731 980 2773 servata
993 2732 1084 2773 tuto
1100 2732 1231 2775 firmat
1242 2759 1256 2786 ‚
1267 2732 1306 2773 &
1320 2732 1400 2772 im-

395 2797 546 2828 motam
570 2783 826 2831 securitatem
849 2790 1052 2842 promittit
1068 2821 1080 2831 .

452 2844 683 2888 Undecimo
706 2875 718 2887 .
766 2845 1076 2901 Ablegabuntur
1125 2859 1341 2905 eapropter
1373 2850 1397 2893 ὲ

393 2906 516 2946 Patre
539 2904 782 2947 Provinciali
797 2931 810 2954 ,
843 2906 882 2946 &
904 2907 1034 2948 Nobis
1057 2907 1399 2962 praesentabuntur

394 2962 487 3004 Viri
515 2971 602 3004 tum
616 2962 778 3004 scientia
806 2991 819 3014 ,
851 2974 937 3006 tum
962 2967 1000 3006 &
1029 2964 1284 3009 sanctimonia
1313 2967 1402 3007 vitae

395 3020 497 3066 clari
522 3049 535 3071 ,
568 3019 864 3076 simplicitatem
880 3038 970 3066 cum
985 3024 1125 3066 astutia
1141 3025 1402 3067 commixtam

391 3081 613 3130 habentes,
643 3079 801 3123 cordati
819 3109 830 3131 ,
863 3079 1019 3136 sagaces
1033 3111 1046 3134 ‚
1061 3097 1127 3139 gra
1136 3097 1202 3126 ves
1218 3111 1232 3134 2
1250 3085 1290 3125 &
1306 3096 1402 3138 pru-

389 3138 591 3187 dentes‚in
610 3138 813 3181 Polemica
830 3141 922 3181 &in
948 3142 1007 3183 his
1021 3171 1033 3192 ,
1065 3156 1151 3199 qnae
1168 3142 1255 3185 sunt
1269 3143 1317 3184 ad
1337 3143 1405 3183 be·

390 3212 444 3242 ne
460 3196 712 3239 formandam
738 3200 932 3241 haereticae
947 3201 1154 3255 pravitatis
1178 3200 1404 3258 luquifitio-

391 3271 482 3302 nem
495 3286 507 3307 ‚
524 3255 770 3300 sufficienter
785 3256 955 3309 versati,
972 3260 1122 3302 robusti
1136 3290 1150 3313 ‚
1181 3271 1300 3317 atque
1317 3272 1404 3315 gra·

393 3316 554 3358 viffimis
570 3313 760 3359 Miffionis
774 3315 980 3359 laboribus
999 3319 1231 3363 sustinendis
1246 3317 1402 3367 idonei,

389 3377 428 3418 &
456 3375 565 3429 apti,
596 3377 747 3430 quique
772 3373 850 3418 else
879 3375 1079 3429 debeant,
1109 3378 1178 3421 vel
1206 3379 1228 3421 a
1256 3379 1399 3420 Sancta

390 3434 497 3478 Sede
514 3433 743 3488 Apostolica
758 3462 772 3485 ‚
806 3433 871 3477 vel
895 3435 916 3475 a
934 3439 1054 3478 Sacra
1069 3435 1402 3492 congregatione

387 3495 440 3536 de
458 3492 720 3547 Propaganda
735 3492 832 3536 Fide
845 3495 1053 3548 approbati
1069 3524 1082 3545 ‚
1118 3497 1157 3539 id
1173 3497 1247 3547 est,
1271 3492 1402 3538 neces-

389 3552 503 3595 sariis
542 3551 591 3593 ad
619 3550 821 3596 Miffiones
857 3552 1111 3609 Apostolicas
1150 3553 1402 3611 peragendas

394 3609 621 3668 privilegiis
637 3610 814 3654 instrutfti
829 3639 841 3652 .

462 3668 735 3711 Duodecimn.
770 3673 828 3714 Ut
859 3669 959 3713 verb
982 3671 1145 3728 penitus
1173 3671 1195 3715 ἓ
1217 3671 1402 3724 subditis,

384 3727 604 3773 ministerio
621 3727 813 3771 Miffionis
828 3743 970 3773 eorum
985 3732 1194 3774 commiffis
1208 3762 1223 3784 ,
1248 3733 1321 3775 fint
1338 3734 1399 3775 in-

383 3785 662 3843 dependentes
677 3814 691 3836 ,
719 3787 893 3831 vetitum
911 3789 954 3830 sit
973 3789 1225 3833 Miffionariis
1241 3805 1313 3846 pro
1328 3805 1397 3833 ce-

383 3846 622 3905 lebratiqnf.
634 3843 838 3906 Miffarup}
852 3847 1149 3909 eleemosynam
1165 3851 1214 3909 ab
1230 3850 1312 3910 illis
1327 3864 1395 3906 aeq

1152 226 1727 326 Provincia

1464 380 1618 434 cipere,
1634 374 1776 431 possint
1790 372 1898 416 vero
1912 372 1932 415 ἑ
1947 376 2112 419 Curatis
2129 405 2143 430 ‚
2173 380 2213 422 &
2228 376 2484 423 Decurionia

1465 441 1536 481 bus
1554 437 1736 479 locorum
1751 461 1766 484 a
1800 433 1823 473 li
1842 434 1881 474 hi
1899 433 1976 474 illis
2001 435 2098 477 dare
2115 437 2243 480 velint
2257 467 2272 490 ,
2307 440 2347 480 &
2360 439 2482 480 absti-

1466 497 1617 539 nebunt
1638 495 1792 549 insuper
1819 494 1868 533 ab
1894 493 2005 534 omni
2032 494 2228 548 quaestua,
2259 499 2325 540 fleu
2349 498 2481 540 colle·

1465 556 1625 597 &urain
1643 552 1835 609 praedicto
1850 550 1938 605 ipfis
1953 551 2162 607 designato
2177 553 2381 612 distrie‘tu(
2398 556 2474 598 hae

1464 613 1627 671 integra
1643 613 1722 655 illis
1733 637 1746 657 n
1771 610 1838 665 qui
1854 611 2042 652 haetenus
2057 611 2114 653 eis
2131 612 2171 654 in
2185 611 2283 654 locis
2295 628 2341 656 ea
2358 611 2479 669 gavisi

1463 676 1550 717 sunt
1565 703 1579 725 .,
1610 673 1768 727 penitus
1787 672 2053 728 remanente)
2084 670 2266 712 contenti
2285 670 2321 712 in
2340 672 2480 715 Domi-

1464 748 1517 775 no
1534 729 1773 779 esculentis,
1806 730 1845 770 &
1867 729 2095 783 poculentis
2108 728 2185 771 illis
2199 756 2213 779 ‚
2227 741 2313 783 quae
2327 729 2379 782 pii
2395 731 2480 774 lar-

1465 794 1615 846 gitores
1642 788 1691 830 ad
1706 787 1878 844 Hospitii
1899 791 2060 842 [anuam
2077 789 2191 830 ultro
2219 786 2445 832 liberaliter
2461 804 2479 841 ’,

1464 853 1501 892 8(
1532 848 1777 892 charitative
1804 846 2030 890 detulerint
2048 876 2060 898 ‚
2093 848 2132 888 δι’.
2153 860 2230 901 pro
2249 846 2420 901 quibus,
2450 849 2479 889 fi

1443 946 1447 949 .
1466 911 1521 952 ita
1546 907 1671 952 visum
1689 905 1810 948 fuerit
1825 933 1840 956 ,
1874 905 2067 948 sacrificia
2083 918 2277 961 peragere
2304 902 2448 960 poffint
2462 933 2478 958 ,

1464 968 1664 1023 signanter
1689 975 1825 1010 autem
1853 965 2057 1009 cavebunt
2083 966 2133 1006 ab
2160 962 2346 1006 omnibus
2373 976 2484 1006 com·-

1465 1025 1779 1071 mensationibus
1804 1024 1991 1068 cumillis
2015 1025 2066 1068 de
2082 1023 2293 1078 saepedicto
2307 1022 2367 1065 eis
2381 1020 2486 1074 defi-2

1464 1096 1588 1143 gnato
1604 1084 1783 1127 districtu
1801 1113 1812 1125 .

1524 1142 1828 1188 Decimotertib
1854 1172 1865 1183 .
1911 1145 1983 1186 Fas
2011 1141 2170 1199 insuper
2211 1141 2307 1197 saepe
2343 1139 2486 1183 relatis

1465 1203 1724 1247 Miffionariis
1741 1200 1845 1243 haud
1864 1200 1909 1242 fit
1924 1202 1981 1243 eis
1994 1201 2242 1255 defignatum
2257 1200 2399 1256 egredi
2417 1199 2481 1243 di-

1463 1264 1641 1305 strictum
1669 1290 1683 1312 ,
1713 1260 1734 1301 a
1767 1259 1897 1302 Nobis
1917 1260 1982 1301 vel
2011 1259 2308 1302 Succefforibus
2335 1258 2481 1301 nostris

1462 1320 1609 1379 praevia
1638 1333 1716 1361 non
1741 1316 1911 1360 obtenta
1932 1316 2102 1360 licentia
2118 1345 2133 1368 ‚
2167 1331 2285 1372 quam
2310 1327 2483 1361 tamen.-

1463 1379 1615 1424 nonnifi
1639 1379 1692 1421 ob
1707 1389 1874 1433 gravem
1888 1375 2043 1421 causam
2067 1377 2125 1420 eis
2152 1374 2284 1419 sumus
2300 1375 2483 1433 denega-

1464 1451 1546 1484 ωτι
1562 1468 1574 1480 .

1524 1496 1872 1552 Decimoquarto.
1899 1497 2090 1541 Liberum
2117 1502 2285 1540 econtra
2315 1493 2476 1539 fitsem-

1466 1573 1540 1615 per
1555 1556 1684 1600 Nobis
1710 1558 1750 1597 &
1771 1556 2074 1600 successoribus
2102 1556 2245 1599 nostris
2263 1585 2278 1607 ,
2309 1554 2381 1598 etii
2396 1554 2480 1598 eri-

1465 1617 1595 1673 genda
1625 1617 1779 1657 Domus
1816 1615 2057 1670 Apostolicae
2094 1614 2288 1659 Miffionis
2326 1613 2479 1657 finem.-

1462 1673 1744 1731 principaliter
1767 1671 2021 1729 praeseferat,
2054 1674 2154 1717 alios
2185 1674 2306 1715 etiam
2321 1702 2336 1724 ,
2352 1670 2486 1727 cujus-

1461 1745 1629 1788 cumque
1655 1732 1884 1786 Religionis
1910 1734 1974 1775 vel
1992 1733 2161 1775 Ordinis
2176 1733 2245 1784 ‚in
2259 1731 2503 1774 distric‘tum.

1460 1791 1652 1836 Minionis
1669 1791 1976 1846 Capucinorum
1990 1790 2313 1846 defignatum,ad
2331 1787 2484 1831 Miffio-

1462 1865 1530 1894 nes
1551 1850 1718 1892 mittere
1734 1877 1748 1900 ‚
1781 1847 1883 1905 ipsos
1900 1859 2035 1892 autem
2060 1848 2328 1893 Miffionarios
2342 1851 2485 1903 Capu-

1460 1912 1570 1952 cinos
1595 1907 1691 1950 alibi
1716 1907 1766 1950 ad
1782 1907 1984 1951 Miffiones
2015 1908 2036 1964 (
2055 1907 2106 1951 ad
2123 1917 2282 1963 tempus
2306 1907 2483 1964 tamen)

1460 1968 1653 2023 ablegare
1670 1995 1684 2018 ‚
1715 1964 1959 2010 fundatione
1979 1966 2134 2010 Domiis
2159 1965 2312 2022 semper
2335 1963 2450 2007 firmi
2470 1991 2482 2005 .

1520 2026 1836 2080 Decimoquinto
1868 2058 1879 2066 .
1911 2027 2035 2085 Qod
2066 2026 2091 2068 fi
2118 2029 2219 2067 vero
2244 2025 2480 2079 Capucino-

1458 2099 1548 2129 rum
1565 2084 1733 2138 Religio
1747 2112 1761 2134 ,
1793 2087 1946 2127 Domus
1962 2089 2042 2127 haec
2062 2084 2254 2127 Miffionis
2269 2082 2364 2133 ,seu
2381 2081 2485 2125 Mis-

1460 2144 1614 2188 fionarii
1631 2141 1777 2185 futuris
1794 2144 1999 2200 perpetuis
2017 2142 2269 2199 temporibus
2284 2141 2481 2184 adversus

1461 2203 1667 2260 praediaas
1684 2203 1793 2258 leges
1807 2229 1820 2252 ‚
1843 2205 1955 2259 pasta
1971 2233 1988 2254 ,
2002 2204 2043 2244 &
2058 2201 2312 2255 conditiones
2326 2227 2341 2251 ,
2358 2199 2482 2254 quid-
2547 2239 2557 2251 ,Ἴ

1461 2277 1537 2319 que
1550 2275 1619 2318 per
1634 2261 1937 2312 recursum,sive
1951 2260 2022 2304 dis
2014 2259 2378 2317 pensationem,Pri
2385 2258 2485 2312 vile,

1460 2322 1616 2378 gia2per
1635 2320 1732 2363 latas
1746 2348 1761 2371 ‚
1776 2319 1843 2361 vel
1860 2319 2047 2363 ferendas
2063 2319 2101 2360 in
2117 2318 2369 2361 contrarium
2383 2315 2476 2358 san-

1460 2382 1612 2422 &iones
1637 2408 1651 2432 ‚
1699 2377 1769 2421 seu
1798 2380 1836 2420 δι
1860 2377 2024 2421 demum
2055 2391 2127 2432 per
2167 2376 2291 2417 aliam
2320 2388 2469 2432 quam-

1460 2452 1635 2495 cumque
1652 2437 1755 2479 viam
1770 2436 2086 2491 excogitabilem
2100 2434 2152 2477 de
2166 2433 2318 2476 mundo
2329 2462 2343 2485 ,
2375 2433 2470 2478 du

1458 2494 1563 2540 fasto
1577 2527 1592 2549 ,
1624 2496 1690 2539 vel
1705 2498 1757 2539 de
1771 2495 1859 2553 jure
1876 2506 2084 2539 attentare
2097 2521 2112 2543 ,
2144 2493 2397 2536 salubremve
2414 2493 2476 2534 in-

1461 2557 1689 2600 tentionem
1705 2557 1807 2598 hanc
1822 2555 1996 2598 nostram
2009 2584 2023 2607 ‚
2054 2567 2139 2611 quae
2153 2553 2208 2596 est
2221 2580 2238 2602 ,
2253 2563 2299 2593 ut
2314 2550 2478 2605 penitus

1459 2616 1484 2659 ὃ
1500 2615 1714 2659 Provincia
1741 2615 1872 2657 nostra
1893 2614 2155 2657 eliminentur
2184 2611 2347 2653 haereses
2367 2636 2382 2660 ‚
2408 2609 2475 2650 in-

1460 2685 1623 2719 vertere
1641 2703 1655 2726 ‚
1687 2673 1948 2731 modjficare‚
1974 2673 2037 2715 vel
2062 2671 2183 2714 aliter
2205 2670 2296 2711 huic
2314 2680 2479 2723 quoquo

1460 2734 1626 2777 demum
1657 2731 1780 2776 modo
1796 2733 1992 2787 derogare
2018 2727 2364 2786 praesumpserint,
2401 2739 2480 2767 no·-

1459 2793 1593 2836 verint
1626 2792 1701 2834 illas
1715 2793 1752 2832 &
1768 2792 1857 2842 isti,
1889 2791 1927 2833 se
1945 2788 2229 2843 Omnipotenti
2248 2789 2363 2834 Deo,
2393 2786 2480 2827 No·-

1460 2852 1550 2902 bis,
1581 2850 1908 2901 Succefforibm,
1935 2850 1975 2890 &
2010 2845 2247 2892 Venerabili
2277 2841 2477 2897 capitulo

1462 2909 1613 2953 Nostro
1630 2907 1901 2949 stristiffimam
1914 2907 2115 2949 rationem
2132 2902 2366 2947 reddituros
2381 2929 2396 2952 ,
2411 2905 2478 2943 se·-

1462 2982 1541 3024 que
1571 2966 1896 3021 indignationem
1928 2964 2098 3008 nostram
2115 2992 2129 3015 ‚
2162 2960 2472 3005 Succefforum..

1464 3026 1692 3069 nostrorum
1716 3053 1731 3076 ‚
1761 3026 1800 3065 δι
1822 3025 1978 3080 praefati
2004 3020 2261 3065 Venerabilis
2288 3017 2480 3074 Capituli

1465 3082 1697 3128 incursuros
1714 3111 1728 3135 ‚
1761 3085 1840 3124 fine
1867 3096 2065 3135 quorum,
2098 3084 2134 3122 &
2166 3077 2283 3132 hujus
2300 3074 2481 3132 expreffo

1464 3141 1657 3188 consensu
1671 3170 1684 3193 ,
1716 3140 1911 3195 praemiffis
1934 3141 2091 3195 legibus
2106 3165 2120 3189 ‚
2146 3140 2269 3193 pactis
2284 3163 2299 3187 ‚
2329 3138 2481 3178 &cond

1464 3201 1686 3245 ditionibus
1699 3213 1819 3242 nemo
1834 3212 1853 3250 ,·
1876 3197 2131 3255 quacumque
2146 3196 2268 3239 etiam
2291 3195 2473 3237 auetori-

1465 3271 1551 3305 tate
1567 3257 1751 3314 fulgeat,
1782 3272 1954 3314 unquam
1981 3257 2136 3312 poterit
2161 3255 2392 3309 derogare3
2428 3251 2478 3294 fi-

1463 3319 1628 3376 quidem
1642 3317 1952 3372 derogationem
1969 3316 2145 3372 aliquam
2159 3343 2174 3366 ‚
2208 3311 2478 3355 modificatio-

1463 3393 1555 3424 nem
1571 3406 1585 3428 ,
1618 3376 1682 3419 vel
1704 3377 2062 3420 commutationem
2081 3372 2305 3431 hujusmodi
2332 3370 2475 3413 nostrae

1465 3439 1536 3494 piae
1553 3436 1787 3479 intentionis
1801 3449 1880 3478 non
1895 3433 2165 3490 impetrandi,
2182 3441 2249 3475 aut
2263 3431 2384 3472 aliter
2402 3442 2475 3484 per.

1465 3497 1543 3541 sese
1557 3523 1572 3545 ‚
1604 3495 1671 3537 vel
1689 3495 1789 3536 alios
1803 3493 2023 3549 quidquam
2039 3493 2076 3533 in
2087 3490 2341 3533 contrarium
2358 3502 2473 3530 non...

1465 3552 1726 3601 attentandi,
1756 3553 1850 3609 quin
1866 3553 2002 3607 potius
2018 3552 2117 3594 vero
2133 3549 2316 3604 praedifta
2336 3548 2476 3589 omnia

1462 3618 1504 3658 &
1525 3612 1674 3669 fingula
1699 3612 1906 3667 perpetuis
1931 3607 2076 3653 futuris
2113 3607 2363 3664 temporibus
2384 3619 2475 3662 pro*

1461 3671 1571 3731 posse
1584 3684 1726 3715 eorum
1741 3669 1918 3713 fideliter
1930 3695 1944 3717 a
1968 3671 2008 3711 &
2023 3668 2173 3722 jugiter
2187 3664 2438 3721 adimplendi
2456 3681 2476 3715 ‚-

1460 3733 1559 3788 saepe
1574 3737 1820 3773 memoratus
1837 3732 1959 3772 Pater
1976 3727 2244 3771 Provincialis
2257 3754 2271 3776 ‚
2299 3727 2338 3767 δε
2356 3721 2470 3767 Defi-

1457 3793 1610 3835 nitores
1628 3789 1798 3845 proprio
1813 3802 1957 3831 eorum
1974 3816 1988 3839 ‚
2013 3784 2320 3831 Succeffmum,
2354 3786 2473 3825 &to-

1457 3852 1536 3910 tius
1551 3847 1777 3909 Rrovinciae
1794 3847 1973 3900 nornine,
1985 3844 2087 3889 datis
2103 3846 2141 3889 in
2158 3845 2197 3889 id
2210 3847 2248 3888 &
2262 3842 2392 3888 Nobis
2403 3854 2476 3885 ex-

2339 3911 2422 3944 tra-
