2638 4204
1046 202 1449 312 Styriae.

236 331 500 392 Aquileiensis
515 334 705 378 Dioecefis
718 364 731 387 ,
763 337 785 377 i
798 343 907 388 parte
926 335 1087 388 Imperii
1100 363 1112 384 ,
1126 335 1223 388 peti>

2068 205 2218 304 273

1290 323 1571 370 Monasterium
1587 311 1822 363 Monialium
1842 316 2006 359 Ordinis
2025 321 2172 362 Sanc‘tae
2187 325 2278 365 Cla.

236 397 296 437 tio
321 392 581 443 continebat,
611 394 717 448 quod
741 392 807 449 ipfi
823 392 945 441 alias,
974 391 1163 434 videlicet
1178 389 1226 431 de
1286 401 1367 436 rae,
1399 383 1466 426 sub
1496 379 1641 428 titulo,
1678 376 1957 424 invocatione,
1984 378 2023 416 &
2047 380 2279 422 denomina-

234 461 339 495 anno
357 450 518 491 Domini
550 451 757 492 mineflmo
783 447 1067 491 sexcentesimo
1085 448 1216 501 vigesi-

231 521 300 550 mo
316 506 470 560 primo,
502 508 670 562 provide
695 508 1016 555 confidet-antes,
1047 505 1155 560 quod
1179 505 1217 545 in

230 565 339 607 dieto
369 565 532 621 Oppido
569 567 720 608 nullum
757 564 1035 608 Monasterium
1070 561 1225 602 Monia-

238 622 335 665 lium
350 651 364 674 ,
395 625 434 665 in
448 637 528 679 quo
542 624 682 677 puellae
704 622 819 678 hujus
834 621 1009 664 mortalis
1026 617 1114 660 vitae
1128 618 1220 659 ille-

236 683 379 727 cebras
396 683 550 724 evirare
565 709 578 731 ,
591 695 635 723 ac
651 681 818 722 lubricas
834 678 969 721 mundi
983 675 1143 719 divitias
1161 675 1220 716 fu-

231 753 323 795 gere
339 766 354 790 ,
372 752 592 794 earumque
608 737 856 792 virginitatis
877 738 996 778 flores
1009 761 1022 784 ,
1037 731 1220 776 altissimo

230 799 455 840 animarum
481 794 632 850 Sponso
653 795 693 835 in
721 793 991 836 holocaustum
1015 791 1150 832 dicare
1176 791 1215 831 δι

231 856 272 898 in
289 855 422 912 spiritu
453 852 686 896 humilitatis
714 851 836 892 vitam
862 851 930 893 sub
957 851 1081 891 suavis
1099 848 1213 890 Reli-

229 913 360 968 gionis
386 914 480 970 jugo
505 910 716 952 traducere
742 907 1114 960 cupientes,recipi
1131 903 1216 960 pos-

230 975 302 1014 fint
320 997 334 1022 ,
362 981 525 1014 eatenus
555 981 631 1009 non
658 965 961 1020 reperiebatur,
993 961 1081 1006 zelo
1107 963 1213 1004 ducii

230 1041 349 1072 unum
365 1024 636 1071 monasterium
649 1023 688 1064 in
715 1023 822 1064 dieto
837 1023 1004 1078 Oppido
1017 1049 1029 1071 ,
1046 1021 1217 1075 locoque

230 1086 421 1133 decenti,
453 1086 488 1125 8ι
506 1080 666 1123 honesto
689 1095 733 1124 ac
748 1081 985 1131 commodo,
1017 1079 1069 1122 de
1087 1078 1214 1119 licen-

229 1146 282 1188 tia
309 1142 453 1184 Dile6ti
481 1139 569 1181 Filii
585 1138 700 1181 nostri
718 1138 937 1194 ,Cyriaci‚
969 1139 1115 1181 sanetae
1135 1138 1214 1178 Ro·

226 1214 349 1245 manae
376 1197 560 1242 Eccleliae
579 1198 805 1251 Presbyteri
829 1195 1057 1239 Cardinalis
1086 1195 1213 1238 Rocci

228 1259 469 1314 nuncupati,
500 1267 594 1297 tunc
610 1255 783 1297 nondum
805 1254 846 1296 in
862 1253 1119 1298 Cardinalem
1142 1266 1213 1293 no·

229 1318 363 1360 minati
382 1346 396 1367 ,
428 1314 493 1358 sed
510 1314 626 1357 Sedis
645 1312 879 1369 Apostolicae
903 1312 1004 1368 apud
1021 1310 1212 1354 Chariifi-

228 1390 334 1418 mum
351 1377 390 1417 in
406 1372 566 1417 Chi-isto
583 1372 724 1414 Filium
737 1400 752 1422 ,
788 1369 1081 1413 ferdinandum
1097 1398 1110 1419 ,
1129 1371 1213 1411 Ro-

226 1446 435 1476 manorum
459 1431 614 1485 Regem
638 1431 676 1471 &
700 1432 986 1483 Imperatorem
1012 1427 1211 1472 elec‘tum..

226 1492 369 1546 Nunti-i
398 1518 412 1539 ,
443 1487 571 1530 stante
607 1487 774 1530 absentia
802 1516 816 1539 ,
845 1489 884 1529 &
924 1486 1214 1542 impedimento

225 1548 429 1592 Ordinarii
462 1547 539 1588 loci
566 1545 747 1588 concessa*
771 1543 1013 1594 fundarunt,
1043 1547 1082 1587 &
1108 1544 1212 1586 illius

227 1606 415 1650 fabricam
441 1618 530 1646 cum
548 1603 611 1646 sua
627 1604 798 1647 Ecclesia
817 1605 854 1645 &
868 1605 1027 1646 decenti
1042 1601 1213 1647 Clausu-

227 1679 286 1717 ra,
297 1660 557 1717 omnibusque
572 1663 644 1705 suis
659 1663 847 1705 membris
862 1661 1077 1705 necessariis
1090 1662 1129 1702 &
1142 1676 1211 1717 op·

227 1724 410 1780 portunis
424 1721 594 1762 construi
611 1721 832 1769 curarunt,
853 1733 898 1761 ac
915 1733 988 1774 pro
1003 1720 1109 1762 illius
1130 1723 1212 1762 Do-

226 1794 268 1826 te
293 1780 474 1824 redditus
501 1791 678 1828 annuos,
713 1788 926 1834 perpetuos
951 1805 965 1826 ,
998 1789 1106 1822 tutos
1122 1805 1135 1826 ,
1167 1793 1212 1821 ac

226 1841 386 1883 securos
410 1867 424 1889 ,
457 1838 573 1892 usque
603 1836 652 1878 ad
679 1835 866 1879 summam
889 1838 1210 1892 oetingentorum

225 1903 443 1942 Scutorum
465 1905 638 1938 monetae
654 1897 839 1938 Romana:
863 1897 903 1937 in
930 1898 1040 1938 bonis
1068 1896 1212 1939 stabili·

222 1961 326 2006 bus,
356 1953 565 1995 fructiferis
591 1955 630 1995 δι
652 1952 795 1996 securis
810 1955 945 1999 ,mere
977 1955 1181 2010 laicalibus
1202 1984 1215 2007 ,

227 2015 331 2060 acin
354 2012 461 2054 dieto
484 2012 674 2067 Oppido,
704 2015 742 2054 &
773 2013 987 2055 territoriis
1006 2007 1213 2056 'existenti-

226 2077 297 2117 bus
314 2086 387 2125 pro
408 2070 551 2125 viginti
579 2071 846 2120 Monialibus,
876 2071 1106 2126 computata
1134 2071 1215 2114 Ab-

225 2129 359 2175 batista
378 2156 392 2179 ,
420 2129 459 2169 δι
473 2126 622 2169 duabus
639 2129 849 2173 Conversis
866 2127 1104 2185 affigniirunt
1119 2159 1130 2170 .

284 2190 390 2229 Cum
406 2198 565 2233 autem,
598 2186 693 2228 licut
713 2186 853 2230 eadem
879 2190 1024 2243 petitio
1055 2187 1217 2241 subjun-

227 2246 374 2302 gebat,
407 2243 431 2284 fi
453 2244 554 2285 dieta
581 2242 727 2288 fabrica
752 2245 790 2286 in
814 2246 1095 2288 Monallerium
1123 2250 1212 2291 Mo·

224 2304 391 2346 nialium
414 2301 635 2358 hujusmodi
664 2303 917 2358 erigeretur,
949 2316 992 2346 ut
1023 2304 1151 2354 infra,
1176 2308 1216 2348 &

227 2361 375 2406 Pueiiae
388 2360 483 2401 inibi
497 2362 722 2404 monachari
739 2363 922 2405 volentes
945 2363 982 2404 in
1000 2363 1076 2405 illo
1089 2365 1209 2407 intro-

226 2421 498 2468 ducerentur,
529 2418 606 2460 hoc
637 2420 674 2461 in
699 2420 834 2462 Divini
863 2419 1021 2472 culicis,
1051 2424 1090 2463 &
1116 2420 1214 2465 fide-

226 2479 322 2521 lium
347 2472 572 2518 devotionis
587 2477 890 2529 incrementum,
902 2480 1215 2537 Puellarumque

227 2533 449 2591 hujusmodi
479 2532 721 2587 spiritualem
743 2537 1053 2581 consolationem
1075 2540 1115 2580 &
1130 2540 1213 2583 ani·

229 2606 384 2653 mar-um
405 2593 634 2635 earumdem
651 2593 812 2637 cederet
831 2624 843 2636 .
858 2598 997 2653 Qare
1015 2611 1086 2651 pro
1101 2608 1214 2653 parte

227 2649 517 2695 Univerlitatis
533 2678 546 2700 ,
575 2652 614 2691 δι
630 2653 843 2696 Hominum
858 2682 870 2704 ,
903 2654 1140 2706 Nobilium,
1170 2670 1214 2698 ac

229 2709 496 2751 habitatorum
525 2709 563 2748 δε
588 2709 809 2752 incolarum
839 2710 1061 2767 hujusmodi
1090 2717 1216 2757 Nobis

228 2765 303 2807 fuit
331 2764 533 2806 humiliter
555 2765 816 2818 supplicatum
836 2794 851 2816 ·,
878 2780 1067 2824 quatenus
1093 2773 1148 2814 eis
1176 2773 1216 2814 in

229 2822 426 2880 praerniffis
444 2825 671 2877 opportune
697 2825 907 2877 providere
925 2854 938 2876 ‚
961 2828 1012 2868 de
1036 2831 1218 2885 benigni-

231 2892 315 2925 tate
333 2879 560 2936 Apostolica
574 2879 828 2933 dignaremur
842 2909 854 2922 .
883 2886 969 2924 Nos
985 2886 1106 2940 igitur
1120 2914 1134 2936 ,
1150 2887 1219 2941 qui

231 2939 372 2982 Divini
395 2936 527 2979 culitis
552 2966 567 2988 ,
596 2939 633 2979 δι
658 2939 811 2992 piorum
838 2953 1003 2994 operum
1031 2958 1221 3000 augmen-

233 3008 320 3040 tum
343 3025 358 3047 ,
387 2995 689 3051 Religionisque
719 2999 1044 3053 propagationem
1081 3002 1222 3043 nostris

230 3053 470 3112 potiffimum
485 3056 727 3108 temporibus
744 3084 757 3106 ‚
773 3055 932 3098 sinceris
948 3058 1221 3102 desideramus

231 3113 455 3163 affectibus,
481 3112 793 3156 Universitatem
807 3115 844 3155 &
860 3117 1053 3159 Homines
1068 3146 1081 3168 ,
1095 3117 1223 3160 Nobi-

232 3172 291 3215 les
308 3200 321 3222 ,
346 3183 391 3211 ac
408 3170 654 3213 habitatores
682 3172 885 3214 &incolas
909 3173 1088 3228 praefatos
1103 3206 1118 3226 ‚
1152 3189 1225 3217 eo-

232 3243 407 3284 rumque
431 3226 645 3282 singulares
673 3227 853 3283 personas
884 3231 905 3272 a
932 3233 1135 3288 quibusvis
1159 3248 1227 3276 ex-

231 3285 602 3331 communicationis
628 3287 703 3328 &c-
731 3287 870 3329 harum
898 3288 994 3332 serie
1020 3290 1225 3334 absolven-

232 3356 320 3394 tes,
350 3343 601 3386 &absolutas
627 3342 711 3387 fore
735 3344 943 3389 censentes
966 3377 980 3400 ,
1005 3348 1227 3404 hujusmodi

233 3401 590 3459 supplicationibus
617 3403 825 3454 inclinati,
852 3419 900 3446 ex
923 3416 1022 3448 voto
1043 3410 1228 3462 Congre-

237 3463 400 3514 gationis
428 3459 726 3503 Venerabilium
757 3465 944 3506 Fratrum
975 3465 1226 3510 nostrorum-2

236 3521 381 3561 Sane'tae
408 3521 595 3561 Romanae
618 3519 801 3563 Ecclefiae
821 3521 1124 3572 Cardinalium‚
1151 3536 1225 3564 ne-

238 3576 354 3632 gotiis
372 3575 630 3630 Regularium
647 3580 943 3633 praepofitorum
956 3609 970 3631 ,
987 3581 1227 3624 Discretioni

241 3637 337 3676 Tuae
351 3646 421 3688 per
436 3634 661 3688 apostolica
683 3636 824 3691 scripta
843 3638 1075 3682 mandamus
1089 3669 1102 3691 ‚
1133 3653 1225 3695 qua·

239 3703 356 3734 tenus
372 3689 514 3732 dietam
529 3690 718 3736 fabricam
747 3697 928 3739 omnibus
951 3697 1026 3740 suis
1045 3698 1234 3741 membris

235 3748 455 3849 absolultam
471 3749 554 3848 ,HJ
574 3750 735 3794 decenti
757 3753 933 3796 clausura
961 3758 1150 3799 munitam
1168 3783 1181 3808 ,
1195 3757 1234 3798 in

389 3820 461 3847 om.
533 3834 545 3846 .

1279 445 1388 486 tione
1416 436 1589 496 ejusdem
1620 435 1764 478 Sanftae
1782 432 2043 485 Clarae,cuin
2073 437 2280 488 Ecclesia,

1276 499 1497 548 clausura,
1521 495 1650 539 Cellis
1671 520 1685 542 ,
1712 496 1846 540 Area,
1882 492 2143 543 Refetftorio,
2179 497 2284 547 Dor-¹

1286 557 1473 607 mistirio,
1500 550 1781 598 CoemeteriO,
1813 550 1952 592 Hortis
1970 580 1984 602 ,
2018 553 2277 605 Hortalitiis,

1281 613 1444 670 aliisque
1469 611 1683 660 membris,
1707 608 1747 648 &
1767 606 1934 648 officinis
1968 610 2040 652 suis
2061 610 2250 653 universis
2265 641 2280 664 ‚

1281 685 1356 728 pro
1370 671 1589 712 commodis
1602 697 1615 719 ,
1640 681 1685 708 ac
1703 666 1906 721 perpetuis
1923 666 1991 708 usu
2010 672 2042 710 81
2061 671 2279 712 habitatio-

1280 744 1328 772 ne
1350 730 1462 771 unius
1481 723 1687 770 Abbatissae
1700 753 1714 775 ,
1741 724 1803 765 seu
1823 725 2013 767 Prioriffae
2030 754 2043 775 ,
2058 729 2097 768 &
2111 728 2157 770 ea
2172 741 2282 769 com-

1273 785 1570 843 putat5‚viginti
1591 782 1831 826 Monialium
1846 809 1861 832 ,
1886 795 1969 836 quae
1995 798 2130 828 omnes
2151 787 2280 829 Habi-

1274 857 1359 887 tum
1384 858 1456 898 per
1471 841 1670 885 Moniales
1691 841 1865 883 aliorum
1890 840 1983 880 dieti
2003 845 2167 886 Ordinis
2189 848 2281 887 Mo-

1274 903 1534 946 nasteriorum
1554 899 1694 954 gestari
1712 896 1871 940 solitum
1890 896 2085 950 suscipere
2099 930 2111 952 ,
2141 903 2179 942 δε
2195 902 2280 944 ela-

1272 959 1340 1016 pso
1355 974 1490 1002 earum
1506 956 1762 1014 probationis
1785 968 1887 998 anno
1903 956 2183 1010 professionem
2208 973 2278 1015 pei·

1276 1019 1429 1062 easdem
1455 1017 1585 1061 emitti
1600 1015 1857 1064 consuetam,
1891 1018 2075 1068 expresse
2091 1017 2280 1060 emittete

1274 1077 1510 1128 regulares,
1535 1089 1608 1117 nec
1638 1088 1716 1117 non
1748 1083 1986 1130 perpetuam
2009 1074 2246 1117 Clausuram
2263 1102 2278 1125 ,

1273 1134 1476 1190 ritusque,
1491 1147 1625 1176 mores
1639 1162 1651 1184 ,
1681 1134 1720 1174 &
1734 1131 2043 1175 consuetudines
2060 1159 2074 1183 ,
2099 1146 2140 1173 ac
2163 1145 2280 1185 regu-

1273 1194 1369 1236 laria
1394 1194 1570 1236 instituta
1588 1193 1681 1235 dieti
1697 1189 1861 1233 Ordinis
1878 1191 2036 1233 servare
2053 1219 2067 1242 ,
2099 1205 2144 1233 ac
2165 1190 2282 1232 Divi-

1273 1253 1330 1294 nis
1348 1252 1548 1294 Laudibus
1574 1251 1613 1292 &
1636 1249 1791 1292 Officiis
1814 1249 2073 1292 laudabiliter
2090 1278 2102 1299 ,
2131 1249 2171 1289 &
2189 1261 2283 1291 cum

1272 1310 1501 1353 attentione
1514 1308 1688 1351 infistere
1702 1337 1718 1360 ,
1742 1321 1815 1349 nec
1831 1322 1909 1349 non
1928 1308 1965 1349 in
1983 1308 2198 1363 cujuslibet
2214 1321 2283 1349 ea·

1272 1382 1357 1410 rum
1373 1367 1540 1424 ingressu
1559 1396 1572 1420 ,
1585 1367 1716 1424 quoad
1731 1367 1846 1421 ipsi-us
1858 1366 2011 1422 Oppidi
2026 1366 2280 1421 Originarias

1272 1429 1523 1482 ostingentos
1538 1453 1552 1475 ,
1580 1427 1774 1482 quo‘vero
1786 1425 1836 1468 ad
1851 1436 2058 1467 extraneas
2075 1424 2187 1466 mille
2205 1426 2283 1466 flo-

1272 1500 1389 1527 renos
1418 1496 1583 1528 moneta:
1607 1486 1765 1527 illarum
1783 1484 1962 1539 partium
1985 1484 2022 1525 in
2050 1482 2186 1524 dotem
2213 1481 2278 1524 of-

1273 1543 1383 1587 ferre
1411 1545 1449 1584 &
1472 1542 1691 1598 affignare,
1718 1557 1764 1584 ae
1797 1542 1865 1583 sub
1889 1555 1988 1584 cura
2006 1568 2020 1590 ,
2048 1541 2247 1595 gubernio
2266 1569 2282 1592 ,

1272 1601 1464 1658 regimine
1477 1631 1493 1652 ,
1524 1600 1870 1643 administratione
1884 1627 1899 1649 ‚
1923 1600 2176 1642 correfflone
2191 1628 2204 1649 ‚
2221 1599 2281 1640 vi-

1273 1662 1480 1709 fitatioue,
1516 1659 1821 1716 superioritate2
1850 1658 2131 1701 &omnimoda
2158 1656 2279 1713 juris-

1269 1721 1443 1763 distion'e
1463 1718 1540 1759 Tui
1557 1747 1571 1769 ‚
1595 1719 1718 1773 &pro
1733 1726 1920 1772 tempore
1942 1715 2146 1760 existentis
2164 1720 2281 1758 Nun-

1270 1780 1315 1822 tii
1334 1776 1552 1834 Apostolici
1577 1777 1617 1818 in
1646 1776 1822 1830 partibus
1841 1775 2062 1819 Germania:
2092 1787 2276 1817 comino-

1273 1839 1395 1880 rantis
1442 1836 1646 1891 perpetuo
1675 1831 1747 1876 sub
1772 1836 1909 1878 exafla
1951 1834 2033 1876 vita
2073 1832 2278 1875 communi

1274 1909 1510 1953 permanere
1525 1894 1700 1936 debeant
1724 1895 1987 1936 &teneantur
2001 1922 2014 1944 ,
2042 1889 2278 1946 Apostolicai

1273 1955 1539 2004 austoritate,
1575 1966 1621 1994 ac
1649 1951 1673 1994 fi
1699 1980 1713 2003 ,
1748 1953 1810 1995 vel
1845 1951 2047 2007 postquam
2078 1950 2280 1992 Monaste-

1275 2015 1376 2070 rium
1398 2011 1635 2067 erigendum
1663 2009 1887 2065 hujusmodi
1905 2008 2041 2051 debita
2073 2010 2282 2052 &conve-

1276 2072 1398 2115 nienti
1426 2071 1600 2114 clausura
1626 2070 1824 2111 munitum
1857 2097 1870 2119 ,
1902 2067 2089 2123 sacraque
2116 2071 2156 2110 δε
2182 2082 2279 2123 pro-

1275 2129 1366 2173 fana
1394 2126 1691 2185 suppetleenle,
1721 2129 1980 2182 omnibusque
1997 2126 2071 2167 suis
2099 2126 2277 2170 numeris

1275 2191 1313 2230 &
1327 2189 1503 2245 partibus
1530 2186 1772 2229 suffisienter
1795 2186 2050 2234 instrufiium,
2077 2199 2121 2226 ac
2139 2188 2162 2229 ὲ
2180 2186 2279 2228 Te.)

1275 2249 1468 2290 vilitatum
1484 2275 1498 2297 ,
1524 2248 1559 2288 δι
1576 2246 1840 2300 approbatum
1855 2243 1981 2287 fuerit
1995 2272 2008 2294 ,
2037 2257 2190 2285 necnon
2209 2244 2279 2284 bo-

1275 2321 1322 2350 na
1339 2306 1571 2357 ,redditus‚
1601 2306 1637 2345 &
1653 2308 1922 2359 proprietates
1948 2302 2193 2357 qualitatum
2216 2301 2282 2342 su-

1273 2364 1404 2423 perius
1422 2361 1706 2417 expressarum,
1731 2377 1801 2418 per
1814 2360 2134 2405 Univerfitatem·
2153 2361 2193 2401 Se.
2207 2361 2279 2400 ho·

1277 2426 1401 2466 mines
1417 2452 1430 2474 ,
1459 2421 1632 2477 aliosque
1649 2420 1892 2476 supradidtos
1924 2419 2061 2462 valide
2076 2421 2115 2459 δι
2131 2431 2277 2474 perpe-

1276 2485 1348 2526 tuo
1360 2482 1506 2523 donata
1525 2481 1561 2522 &
1578 2479 1758 2534 affignata
1775 2478 1925 2522 fuerint
1941 2506 1954 2528 ,
1983 2479 2023 2519 &
2036 2491 2116 2519 non
2134 2488 2280 2526 antea,

1274 2555 1346 2583 nec
1367 2540 1482 2590 alias,
1501 2539 1694 2592 perpetuo
1709 2567 1724 2590 ,
1754 2540 1836 2580 fine
1848 2535 2018 2587 alicuius
2048 2534 2279 2589 praeiudicio

1276 2601 1403 2653 erigas
1420 2598 1649 2640 &instituas
1671 2626 1686 2649 ,
1716 2597 1857 2651 illique
1876 2595 1926 2638 fic
1949 2597 2085 2637 creffto
2111 2596 2151 2635 ὅ(
2170 2593 2278 2635 insti-

1275 2670 1368 2701 tuto
1394 2669 1465 2710 pro
1482 2655 1590 2698 illius
1615 2655 1739 2701 dote,
1769 2668 1815 2695 ac
1829 2667 2008 2708 congrua
2024 2652 2272 2694 sustentatio·

1254 2762 1257 2764 ,
1276 2731 1326 2758 ne
1345 2711 1580 2759 Abbatiffae,
1605 2711 1668 2753 seu
1687 2708 1874 2752 Prioriffae
1889 2740 1901 2759 ‚
1930 2711 1970 2750 δι
1988 2710 2224 2751 Monialium
2240 2712 2279 2750 in

1276 2787 1326 2815 eo
1343 2785 1415 2826 pro
1424 2779 1614 2824 'tempore
1630 2769 1884 2810 exilientium
1898 2797 1912 2818 ‚
1941 2768 2069 2809 dictos
2097 2766 2280 2809 redditus

1277 2840 1563 2880 annuos,tutos
1576 2829 1616 2868 δι
1633 2824 1792 2868 securos
1811 2827 2134 2880 offingentorum
2147 2824 2281 2867 scuto-

1279 2902 1366 2932 rum
1383 2916 1396 2939 ,
1415 2896 1586 2928 monetae
1602 2887 1787 2927 Romana:
1806 2883 2032 2939 huju-smodi
2044 2912 2059 2935 ,
2085 2893 2130 2925 ut
2145 2883 2281 2940 supra,

1281 2959 1353 2988 nec
1380 2959 1457 2986 non
1478 2944 1638 2992 omnia,
1663 2944 1700 2984 ec
1728 2943 1876 2998 lingula
1905 2943 2033 2994 bona,
2062 2942 2250 2984 reddi-tus
2267 2971 2280 2993 ,

1282 3002 1548 3057 proprietates
1561 3027 1575 3049 ,
1602 3002 1640 3041 &
1655 2999 1739 3055 jura
1753 3010 1838 3044 tam
1847 3016 1920 3057 per
1937 3002 2247 3044 Universitatem
2261 3026 2276 3048 ,

1281 3063 1320 3102 δι
1334 3060 1526 3102 Homines
1540 3087 1554 3110 ,
1571 3060 1738 3101 Nobiles
1752 3088 1768 3110 ,
1797 3074 1844 3103 ac
1856 3059 2105 3102 habitatores
2119 3088 2133 3110 ,
2160 3073 2205 3101 ac
2219 3060 2278 3100 in·

1280 3118 1388 3161 colas
1405 3116 1625 3173 hujusmodi
1639 3146 1652 3168 ,
1672 3117 1788 3172 quam
1805 3117 1968 3174 quosvis
1992 3116 2090 3172 alios
2108 3116 2280 3160 Christi-

1284 3175 1424 3219 fideles
1441 3176 1478 3216 in
1497 3185 1735 3231 perpetuum
1750 3205 1764 3227 ,
1793 3175 1860 3219 vel
1881 3178 1929 3218 ad
1946 3186 2108 3231 tempus
2124 3204 2137 3227 ‚
2166 3189 2211 3217 ae
2233 3174 2279 3216 fi-

1284 3234 1367 3276 mul
1397 3234 1461 3276 vel
1481 3232 1689 3276 succeffive
1719 3249 1791 3291 pro
1815 3244 2033 3289 augmento
2052 3235 2168 3276 Dotis
2188 3236 2279 3275 Μο-

1287 3293 1443 3334 nasterii
1458 3307 1528 3348 per
1542 3291 1752 3346 praesentes
1766 3292 1949 3348 erigendi
1972 3292 2280 3347 quomodocun-

1287 3365 1365 3405 que
1381 3381 1397 3402 ‚
1420 3350 1804 3405 &qualitercunque
1829 3348 2063 3406 elargienda
2079 3378 2094 3399 ,
2122 3349 2279 3392 donan-

1285 3409 1335 3450 da
1350 3438 1365 3458 ,
1397 3408 1653 3465 relinquenda
1667 3440 1684 3462 ,
1712 3412 1748 3451 &
1764 3409 1968 3464 eroganda
1981 3435 1995 3459 ,
2026 3409 2067 3448 &
2082 3421 2187 3449 nunc
2206 3421 2281 3462 pro

1285 3477 1380 3508 tunc
1407 3475 1591 3522 tanquam
1614 3467 1782 3523 elargita
1797 3497 1811 3519 ,
1842 3469 2019 3514 donata,
2050 3465 2218 3516 reuera,
2241 3467 2281 3507 &

1285 3535 1449 3580 erogata
1476 3524 1648 3574 suerint,
1684 3526 1741 3568 ita
1765 3526 1872 3579 quod
1895 3524 2016 3565 liceat
2043 3524 2280 3573 Abbatiffae,

1287 3583 1350 3625 seu
1369 3585 1582 3630 Priorissae,
1607 3586 1647 3625 δι
1665 3583 1909 3626 Monialibus
1925 3578 2097 3638 praefatis
2112 3581 2278 3624 illorum

1286 3642 1461 3685 omnium
1476 3641 1728 3695 corporalem
1743 3671 1759 3692 ,
1783 3641 1932 3684 realem
1947 3668 1961 3692 ,
1993 3641 2032 3682 δι
2051 3641 2279 3684 astualem..

1289 3698 1561 3755 poffeffionem
1576 3713 1645 3753 per
1659 3699 1696 3741 se
1708 3727 1723 3750 ,
1739 3701 1802 3742 vel
1816 3699 1937 3743 alium
1949 3725 1963 3747 ,
1978 3697 2045 3742 seu
2060 3699 2174 3750 aiios,
2192 3701 2282 3742 Μο-

1290 3759 1449 3802 nasterii
1470 3771 1544 3813 per
1565 3757 1776 3810 praesentes
1792 3758 1973 3814 erigendi
1996 3759 2184 3802 nomine,
2214 3767 2280 3808 ap·

1485 3819 1525 3858 M
1543 3829 1583 3856 m
2133 3826 2226 3868 pre-
