2658 4256
370 214 688 351 trixMinistro
727 296 940 348 Generali
973 292 1207 345 commitit
1239 323 1252 336 .
1290 287 1382 334 Cle·

370 391 481 423 mens
508 371 576 423 X.
591 390 678 419 cum
696 382 814 416 nota.
1267 374 1292 404 2
1304 358 1383 435 t8·

445 439 827 492 Commendatam
860 433 938 484 fibi
970 446 1187 483 votorum
1221 439 1382 493 parita-

372 526 469 563 tem
497 515 540 560 in
568 506 782 560 Comitiis
813 503 1113 554 Generalibus
1139 500 1163 546 ὲ
1192 497 1380 547 Provin-

371 584 451 631 ciis
488 579 694 630 Boemica
737 572 786 624 ὅ(
819 567 1381 638 Austriaco·Hungarica

370 649 619 702 habendam
641 679 654 700 ,
692 647 941 693 maturiore
971 641 1178 691 examine
1210 639 1380 706 indige·

369 739 418 771 re
435 755 450 777 ,
482 711 814 782 Augustiffimo
835 712 1113 781 Imperatori
1133 712 1377 760 renuntiat.

367 790 482 839 Idem
500 821 512 833 .
1262 797 1287 828 2
1299 798 1321 828 2
1333 797 1380 828 0.

433 861 637 904 Decreto
667 857 821 904 Sacrae.
841 850 1230 924 Congregationis
1254 848 1380 919 Epis-

362 940 582 992 coposum
629 957 645 980 2
693 923 740 974 ὃ(
802 926 1104 995 Regularium
1164 920 1379 972 instantiae

366 996 486 1042 circa
527 993 843 1043 Confeffiones
884 996 1163 1046 Monialium
1196 997 1244 1043 S.
1279 996 1379 1043 Ma-

358 1067 433 1113 riae
460 1062 779 1131 Magdalenae‚
820 1067 907 1115 loci
942 1066 1106 1123 Ponti,
1147 1064 1173 1113 ὲ
1211 1064 1379 1113 Fratri-

358 1133 440 1182 bus
464 1135 627 1184 nostris
649 1135 706 1185 ibi
734 1135 1019 1205 excipiendas
1039 1172 1055 1195 ,
1095 1136 1245 1185 Emin.
1266 1138 1379 1186 Car·

355 1203 496 1254 dinali
538 1207 792 1258 Proteftori
825 1225 908 1277 pro
934 1208 1199 1257 executione
1226 1209 1382 1257 remit·

357 1288 524 1324 tuntur
547 1312 558 1326 .
589 1297 676 1326 cum
701 1295 797 1327 nota
816 1313 828 1326 .
1298 1277 1377 1328 ibi.

424 1349 633 1395 Domum
678 1350 719 1395 in
753 1350 999 1398 Comitatu
1043 1349 1279 1416 Opocznae
1319 1349 1376 1400 ad

351 1413 581 1464 instantias
630 1417 854 1468 Ludovici
892 1419 1135 1468 Colloredi
1170 1420 1373 1488 erigendi

351 1482 616 1535 facultatem
648 1486 836 1537 tribuit.
881 1488 994 1537 Idem
1014 1521 1029 1535 .
1255 1508 1373 1539 221.

423 1559 625 1607 Decreto
658 1561 806 1606 Sacrae
829 1560 1117 1627 Congregat.
1142 1556 1288 1623 Episc.
1326 1559 1374 1609 ἅ

351 1627 524 1694 Regul.
572 1626 855 1677 construstio
898 1646 1028 1676 novae
1081 1626 1255 1677 Domus
1289 1631 1374 1678 in.»

351 1699 561 1746 Civitate
597 1698 816 1747 Ziattecii
858 1695 1220 1767 Archiepiscopo
1265 1703 1375 1750 Pra-

352 1765 476 1836 genfi
513 1770 859 1818 committitur.
1254 1788 1371 1818 222.

426 1839 630 1888 Decreto
661 1843 808 1889 Sacrae
840 1841 1228 1908 Congregationis
1250 1841 1371 1908 Epis·

359 1923 593 1974 coporum
642 1943 656 1965 ‚
710 1907 756 1959 ὅ(
809 1913 1110 1979 Regularium
1172 1911 1371 1961 constru-

353 1975 448 2026 &io
479 1996 604 2030 novae
628 1976 806 2031 Domfis
836 1981 883 2031 in
911 1982 1116 2032 Civitate
1147 1983 1372 2033 Svidnicii

353 2049 626 2100 conceditur
642 2084 655 2098 .
1296 2052 1375 2103 abt.

313 2180 315 2183 v
423 2118 730 2171 Sereniffimae
780 2123 1013 2174 Hetruriae
1046 2122 1239 2174 Ducissae
1282 2130 1374 2175 Do-

350 2205 482 2239 mum
530 2193 744 2240 Fratrum
781 2193 957 2259 Oppidi
1003 2193 1375 2244 Reichstadicnfis

351 2258 634 2327 ingrediendi
657 2296 671 2317 ,
710 2258 979 2313 facultatem
999 2265 1226 2335 largitur.
1253 2263 1376 2313 Inno-

360 2331 517 2377 centius
552 2327 670 2379 XII.
690 2350 775 2379 cum
789 2347 886 2381 nota
904 2366 918 2381 .
1257 2354 1373 2397 223.

428 2402 501 2448 Fr.
527 2401 771 2451 Vincentio
801 2403 826 2449 a
854 2402 1178 2460 wratislavia,
1216 2406 1373 2470 praedi·

354 2467 436 2519 &ae
478 2472 708 2522 Hetruriae
751 2470 1016 2537 Principiffae
1056 2471 1375 2534 Confessario,

361 2538 654 2606 ejusdemque
688 2543 824 2593 Socio
853 2577 869 2601 ,
907 2557 957 2592 ut
985 2544 1173 2593 eandem
1206 2548 1373 2597 Princi-

361 2607 517 2677 pilsam
564 2612 853 2662 itinerantem
902 2614 1151 2663 commodo
1206 2616 1376 2668 Rhedae

355 2684 602 2730 comitetur
617 2719 631 2740 ,
649 2683 858 2751 indulget
878 2719 887 2731 .
907 2683 1094 2734 Clemens
1109 2684 1201 2738 XI.
1253 2705 1371 2751 224.

426 2753 632 2801 Cuilibet
673 2752 1049 2805 christifidelium
1082 2756 1370 2811 Ecclefiam..

259 2864 262 2870 s
359 2821 662 2871 Lauretanam
696 2826 907 2873 Fratrum
941 2829 1095 2897 Pragae
1130 2826 1333 2880 visitanti
1355 2867 1371 2890 ,

359 2887 497 2939 semel
524 2892 566 2940 in
595 2909 740 2950 anno,
768 2891 1101 2963 indulgentiam
1122 2901 1371 2965 plenariam

361 2961 555 3029 largitur
591 2996 604 3011 .
660 2959 920 3014 ‘Benediftus
965 2965 1062 3018 XI
1086 2968 1138 3019 V.
1177 2989 1266 3020 cum
1303 2992 1369 3021 no·

361 3045 438 3081 ta.
1256 3061 1372 3108 225.

433 3172 829 3227 PROVINCIA
868 3178 1301 3240 VIENNENSIS,

783 3315 818 3367 S
840 3317 876 3368 Ε
903 3316 950 3370 U

367 3453 779 3511 AUSTRIACO
816 3473 872 3502 Ξ·-
908 3465 1370 3520 HUNGARICA.

438 3597 714 3648 Facultatem
735 3602 994 3655 absolvendi
1022 3624 1126 3663 eos,
1154 3606 1230 3671 qui
1251 3610 1371 3659 Tur.

365 3681 439 3713 cas
476 3671 547 3716 vel
590 3669 831 3726 liberarunt
858 3713 874 3735 ,
927 3679 999 3727 vel
1035 3678 1328 3730 occultzirunt
1359 3716 1374 3738 ,

365 3737 600 3789 Fratribus
619 3741 777 3796 nostris
799 3747 1054 3801 conceffam
1068 3747 1150 3800 efl‘e
1166 3786 1183 3810 ,
1203 3752 1371 3820 Joanni

942 163 1967 267 ELENCHUS.

1440 284 1496 333 ab
1521 279 1705 330 Austria
1734 283 1965 328 renuntiat
1982 314 1996 338 ,
2022 284 2254 354 eidemque
2272 290 2454 339 Fratres

1442 352 1672 419 speciatim
1689 350 2319 421 comendatfiregoriusXIII.
2341 379 2364 408 2
2375 377 2397 421 3
2410 378 2457 423 5.

1511 425 1603 471 FF.
1620 423 1831 470 Mariano
1845 421 1892 472 ὅ(
1911 423 2133 476 Salvatori
2159 447 2268 478 cum
2303 449 2348 480 2.
2366 436 2454 481 So-

1439 492 1521 540 ciis
1557 494 1603 541 in
1640 489 1869 543 Persidem
1905 492 1961 541 ad
2000 497 2334 560 praedicandum
2383 501 2447 550 ibi
2484 533 2492 542 ·

1441 564 1749 633 Evangelium
1779 563 1915 612 eundi
1949 565 2176 616 licentiam
2194 603 2209 625 ,
2233 571 2454 621 instante...

1439 636 1766 684 Max1miliano
1792 634 2056 686 Archiduce
2073 635 2264 689 Austriae
2279 677 2295 700 ‚
2321 645 2459 713 largi·

1442 719 1546 755 tur.
1573 705 1759 755 Clemens
1785 702 1917 755 VIII.
2335 729 2453 775 235·

1511 777 1732 827 Michaeli
1773 776 2030 846 Adolpho,
2069 777 2251 826 Comiti
2282 777 2339 826 de
2372 784 2456 831 Al.

1443 848 1574 906 than,
1617 866 1700 916 pro
1731 849 1908 898 intento
1949 847 2295 916 Redemptionis
2325 848 2451 899 Fide-

1439 920 1554 968 lium
1595 918 1674 969 sub
1705 918 1924 970 servitute
1954 921 2218 971 Turcarum
2252 919 2460 969 detento-

1440 1008 1544 1040 rum
1570 1008 1738 1059 opere,
1769 1007 1964 1058 quatuor
1994 996 2175 1041 Fratres
2201 991 2247 1040 in
2277 988 2465 1040 subfidi-

1441 1080 1522 1111 um
1543 1063 1683 1121 mitti,
1701 1066 1747 1113 P.
1769 1060 2079 1122 Ministro,seu
2100 1066 2147 1113 P.
2163 1063 2463 1112 Procuratori

1442 1134 1745 1184 Generalibus
1766 1135 1963 1203 injungit
1979 1170 1989 1182 .
2009 1132 2208 1185 Urbanus
2221 1131 2352 1183 VIII.
2363 1151 2387 1181 2
2397 1139 2464 1194 36

1511 1208 1593 1256 SS.
1614 1207 1846 1272 Reliquias
1861 1241 1876 1264 ‚
1895 1206 1920 1253 ὲ
1943 1206 2118 1263 Mathia
2141 1209 2427 1274 Imperatore
2444 1238 2462 1262 ,

1440 1272 1488 1325 ἃ
1516 1281 1650 1324 Anna
1669 1281 1762 1340 ejus
1785 1279 1997 1344 Conjuge
2019 1278 2220 1342 Capellae
2241 1273 2461 1325 Caesareae

1438 1347 1482 1394 in
1511 1345 1709 1397 Ecclesia
1738 1350 1955 1396 Fratrum
1986 1344 2243 1395 nostrorum
2269 1347 2459 1394 Viennae

1436 1416 1528 1467 fitae
1564 1417 1753 1466 donatas
1772 1452 1787 1474 ,
1819 1415 2005 1465 instante
2036 1415 2324 1466 Ferdinando
2343 1451 2358 1473 ,
2389 1434 2463 1484 pa-

1436 1489 1544 1537 riter
1595 1491 1881 1557 Imperatore
1921 1522 1939 1546 ,
1994 1489 2134 1557 recipi
2188 1487 2402 1538 concedit
2447 1520 2462 1535 .

1437 1555 1568 1605 Idem.
2376 1557 2457 1607 ibi.

1510 1629 1620 1674 Non
1652 1623 1858 1677 obstante
1893 1661 1911 1684 ,
1954 1627 2078 1693 quod
2111 1627 2243 1676 dietae
2271 1629 2465 1677 &Reli-

1436 1698 1553 1763 quiae
1581 1694 1624 1742 in
1652 1694 1765 1743 vafis
1791 1700 2018 1763 argenteis
2038 1696 2127 1745 διε.
2163 1695 2316 1746 forent
2333 1715 2462 1765 repo.

1436 1767 1525 1815 sitae
1542 1801 1557 1823 ,
1587 1765 1687 1814 illas
1707 1764 1762 1813 ad
1791 1764 1923 1815 usum
1955 1765 1979 1812 ὲ
2003 1765 2238 1816 Fratribus
2257 1784 2462 1835 accepta-

1433 1840 1471 1886 ri
1500 1834 1618 1904 polse
1639 1833 1896 1885 confirmat.
1939 1834 2052 1884 Idem
2071 1873 2083 1885 .
2343 1858 2361 1887 ι
2374 1857 2456 1902 37.

1508 1908 1664 1957 Dietas
1682 1911 1839 1956 Sacras
1870 1908 2106 1973 Reliquias
2145 1925 2199 1958 ex
2227 1910 2462 1977 Capella„

1436 1977 1641 2029 Caesarea
1673 1980 1844 2027 extrahi
1882 1976 1960 2028 sub
1992 1977 2190 2028 censuris
2214 1996 2369 2038 vetat,
2408 1980 2459 2034 <Sc

1438 2049 1761 2118 prohibitionis
1790 2049 1970 2116 copiam
2009 2051 2052 2097 in
2080 2052 2227 2099 valvis
2250 2053 2456 2118 Capellae

1437 2121 1660 2171 continuo
1678 2116 1866 2168 affixam
1889 2123 2029 2169 teneri
2041 2120 2187 2183 jubet.
2217 2119 2348 2171 Idem.
2368 2140 2461 2171 cum

1435 2207 1553 2240 nota.
2338 2197 2455 2253 238.

1508 2261 1804 2329 spiritualem
1821 2262 1986 2310 Sacelli
2003 2297 2016 2317 ,
2035 2258 2108 2310 seu
2128 2264 2329 2328 Capellae
2349 2267 2457 2314 Bea-

1433 2347 1488 2383 tae
1510 2334 1713 2401 Virginis
1734 2335 1892 2380 Mariae
1918 2334 2252 2389 Auxiliatricis,
2272 2335 2297 2381 a
2321 2337 2452 2384 Mar-

1434 2405 1613 2471 quardo
1644 2407 1817 2452 Barone
1852 2403 1908 2453 de
1939 2406 2190 2459 SchWendi
2219 2405 2265 2454 in
2288 2421 2448 2455 monte

1436 2476 1656 2525 Civitatis
1699 2472 1968 2524 Patavienfis
2001 2509 2017 2531 ,
2067 2477 2214 2544 vulgo
2257 2475 2453 2544 Pqffirv,

1436 2542 1631 2595 fundatae
1669 2563 1827 2596 curam
1862 2545 2097 2595 Fratribus
2132 2546 2292 2597 nostris
2326 2565 2453 2597 com·

1434 2618 1557 2665 mitti
1583 2614 1856 2666 confirmat.
1897 2615 2023 2666 Idem.
2063 2635 2151 2666 cum
2171 2634 2280 2668 nota.
2334 2636 2447 2682 141.

1506 2690 1704 2736 Decreto
1749 2691 1794 2738 S.
1828 2690 2219 2760 Congregationis
2266 2688 2454 2757 Episc.,

1432 2754 1480 2808 ἃ
1516 2759 1682 2828 Regul.
1722 2756 1938 2808 fabricam
1978 2758 2156 2810 Domfis
2194 2761 2451 2811 Hollobru·

1433 2827 1575 2879 nensis
1588 2845 1747 2879 contra
1766 2830 2080 2880 inhibitionem
2099 2833 2123 2878 a
2141 2835 2247 2881 RR.
2264 2834 2344 2881 ΡΡ.
2368 2835 2453 2880 Re·

1434 2895 1640 2949 formatis
1678 2900 1911 2949 obtentam
1947 2898 2141 2969 perfici,
2177 2899 2447 2967 Apostolico

1434 2973 1617 3020 Nuntio
1635 2972 1944 3018 committitur
1961 3002 1973 3015 .
2001 2986 2089 3014 cum
2102 2985 2216 3018 nota.
2328 2987 2446 3034 245.

1504 3044 1775 3089 Conventus
1797 3035 2072 3086 Viennenses
2099 3042 2124 3087 ὲ
2160 3041 2445 3091 Provincia..

1434 3110 1629 3156 Boemiae
1647 3105 1927 3175 separantur,
1945 3105 1991 3158 ὅ(
2011 3110 2054 3157 in
2077 3112 2308 3178 propriam
2331 3116 2442 3163 Pro·

1430 3180 1629 3226 vinciam
1660 3178 1850 3227 instante
1873 3179 2206 3248 Augustiffimo
2235 3185 2444 3248 Impera·

1431 3261 1528 3298 tore
1546 3249 1780 3315 Leopoldo
1795 3252 2045 3318 eriguntur.
2058 3252 2440 3316 ClemensX.246.

1501 3323 1632 3371 Duos
1663 3338 1806 3371 novos
1831 3325 2099 3371 Conventus
2134 3325 2176 3371 in
2196 3327 2441 3395 Hungaria

1431 3390 1490 3443 ad
1519 3405 1626 3441 vota
1646 3391 1865 3462 Leopoldi
1883 3396 2182 3461 Imperatoris
2203 3398 2314 3462 erigi
2333 3415 2441 3446 con-

1433 3464 1572 3513 cedit.
1590 3460 1717 3513 Idem.
2358 3467 2438 3518 ibi.

1503 3537 1689 3583 Novam
1724 3537 1931 3584 Domum
1963 3534 2006 3583 in
2045 3538 2170 3586 Loco
2203 3535 2259 3587 de
2288 3537 2439 3607 Poys-

1431 3602 1562 3657 dorff
1580 3603 1777 3654 construi
1801 3607 2067 3657 committit.
2091 3606 2219 3658 Idem.
2359 3611 2439 3659 ibi.

1458 3697 1469 3704 ·
1507 3677 1691 3727 Litteris
1726 3674 1975 3727 Pontificiis
2013 3677 2212 3729 studium
2244 3678 2291 3730 ὃ(
2314 3685 2440 3731 zelus

1432 3752 1508 3798 Fr.
1524 3747 1725 3798 Emerici
1741 3749 2188 3802 Commoromienfis
2211 3769 2441 3804 commen·

2319 3822 2392 3864 da·
