2658 4256
457 314 1138 420 APPROBATIO
1195 305 1564 392 EXTRA
1625 307 2178 402 ORDINEM.

456 495 502 544 X
516 485 823 540 commiffione
843 486 954 536 Rffii
971 485 1130 539 Patris,
1147 485 1247 531 Sac.
1265 477 1620 548 Pal.Apostolici
1636 478 1848 550 Magistri
1866 483 2021 532 evolvi
2033 488 2262 553 Qartum
2276 492 2372 542 To.

335 556 337 558 ’
475 577 600 610 mum
631 558 815 608 Bullarii
831 592 845 613 ,
875 555 1001 606 Sacri
1031 552 1220 603 Ordinis
1243 556 1454 600 Fratrum
1475 551 1716 600 Minorum
1745 553 1793 599 S.
1812 553 1865 600 P.
1882 552 2101 604 Francisci
2117 563 2373 628 capucino.

320 649 428 681 rum
448 630 531 686 ,ab
546 625 794 678 admodum
816 622 1111 679 Reverendo,
1140 621 1443 678 Dofflffimo,
1478 618 1921 689 Religiofiffimoque
1951 625 2081 673 Patre
2109 628 2259 680 Fratre
2278 633 2374 680 Mi-

321 700 478 748 chaEIe
494 694 708 765 Tugiensi
726 730 742 752 ‚
770 692 966 756 ejusdem
992 693 1182 743 Ordinis
1199 694 1441 742 Minorum
1461 692 1806 759 Capucinorum
1838 692 1884 740 in
1911 694 2153 743 Provincia
2170 699 2375 750 Helveti-

321 787 374 816 ea
387 763 611 823 Professo,
641 768 786 815 Sacrae
806 765 1070 831 Theologiae
1102 762 1434 821 Ex-Le610re,
1467 759 1514 812 ὃ(
1550 759 1612 809 sui
1642 761 1814 811 Revr'hi
1844 763 1896 811 P.
1910 761 2110 812 Ministri
2138 767 2378 818 Generalis

322 838 432 885 olim
453 835 701 885 Secretario
723 834 905 882 collesti
918 868 935 891 ,
967 831 1189 900 variisque
1216 835 1353 883 Notis
1368 830 1417 883 ὅ(
1436 832 1630 881 Scholiis
1655 831 1865 883 illustrati
1884 851 1897 881 ε
1926 851 2119 901 cumque
2133 835 2178 884 in
2196 851 2250 884 eo
2271 835 2384 884 nihil

318 906 506 954 omnino
526 902 808 954 Orthodoxae
823 902 950 953 Fidei
979 903 1040 953 do
1077 901 1301 962 maribus,
1327 904 1731 968 Sacratiorumque
1754 920 1937 953 morum
1965 907 2167 975 regulis,
2203 906 2274 954 vel
2296 909 2386 956 Cas

314 990 488 1024 nonum
513 974 718 1023 Decretis
741 972 982 1024 adversum
1010 991 1039 1022 o
1078 973 1310 1033 enderim3
1338 974 1549 1040 quinimo
1572 986 1723 1022 totum
1758 973 1910 1023 denuo
1938 992 2054 1042 opus
2079 976 2106 1023 ὲ
2134 975 2381 1034 methodo,

312 1042 602 1102 eruditione,
630 1061 683 1092 ac
709 1042 922 1092 industri&
948 1044 1204 1112 plurimum
1225 1042 1592 1093 commendabile
1609 1078 1626 1101 ,
1660 1044 1718 1092 ad
1740 1041 1959 1096 Historiae
1992 1043 2309 1096 Ecclefiasticae
2327 1047 2383 1095 il-

311 1110 619 1162 lustrationem
649 1113 967 1174 utiliffimum,
996 1129 1132 1182 atque
1163 1132 1247 1183 pro
1264 1113 1521 1182 Disciplinae
1552 1112 1598 1163 8(
1618 1111 1927 1166 Observantiae
1946 1118 2191 1186 Regularis
2218 1115 2377 1168 Custo-

309 1181 388 1231 dia
412 1183 879 1237 accomodatiffimum
895 1221 912 1244 ,
941 1184 1065 1252 aeque
1097 1203 1150 1233 ac
1173 1187 1325 1253 priora
1353 1188 1439 1234 tria
1462 1186 1699 1234 volumina
1714 1220 1729 1243 ,
1756 1186 2002 1253 repererim
2018 1222 2034 1246 ,
2066 1201 2118 1237 ut
2135 1204 2193 1236 ex
2217 1186 2381 1238 Archi.

311 1268 482 1303 vorum
506 1257 672 1323 pariter
698 1255 918 1313 tenebris,
949 1271 1047 1321 quae
1067 1256 1348 1336 Reipuchae
1378 1253 1592 1323 profudre
1616 1273 1846 1323 nunquam
1867 1291 1886 1315 ,
1909 1258 1954 1305 in
1980 1275 2225 1307 commune
2254 1254 2382 1325 obse-

310 1324 474 1442 }uium
498 1359 516 1383 ,
554 1326 743 1443 publssicae
773 1342 853 1393 per
875 1338 1048 1395 typum
1088 1327 1181 1376 luci
1209 1347 1261 1377 ac
1296 1328 1638 1377 immortalitati
1673 1325 1902 1387 donetur,
1936 1327 2254 1398 digniffimum
2283 1343 2384 1376 cen·

337 1410 388 1442 eo
413 1428 429 1450 ‚
464 1395 541 1460 qui
571 1393 651 1443 sub
674 1394 853 1446 cribor.

382 1467 544 1512 Romae
558 1498 577 1524 ,
604 1464 651 1514 in
666 1467 914 1515 Conventu
938 1470 986 1516 S.
999 1464 1159 1514 Mariae
1178 1463 1308 1532 super
1329 1470 1592 1522 Minervam
1610 1469 1691 1519 hac
1709 1467 1783 1519 die
1804 1474 1886 1519 26.
1902 1467 2180 1537 Septembris
2196 1475 2346 1532 1746.

1000 1582 1079 1633 Fr.
1113 1581 1358 1631 Dominicus
1385 1585 1534 1634 Gentis
1563 1585 1670 1633 ord.
1699 1587 1831 1636 Praed.
1862 1585 1954 1637 Sac.
1975 1586 2128 1638 Theol.
2148 1586 2386 1657 Magister,

1137 1654 1391 1723 ejufilemque
1421 1657 1464 1703 iu
1482 1653 1788 1721 Univeisitate
1816 1656 2052 1721 Colonienst
2074 1658 2232 1706 DoHor
2248 1692 2263 1716 ,
2297 1659 2393 1708 Col-

1142 1726 1245 1792 legii
1270 1725 1547 1795 Cafienatetfis
1575 1725 1624 1774 de
1642 1723 1765 1777 Urbe
1786 1723 2020 1793 Theologus
2038 1760 2054 1784 ,
2084 1743 2131 1775 ac
2160 1727 2256 1779 Sac.
2285 1726 2392 1795 §on-

1135 1800 1389 1865 gregatiqnir
1416 1795 1576 1869 Jna'icis
1603 1796 1820 1865 Cotgsulror
1838 1814 1959 1862 manu
1984 1800 2160 1868 propria
2178 1834 2193 1850 .

879 2501 1155 2571 Ιιηρὶὶτηαηιν
1173 2535 1190 2562 ,

526 2621 582 2677 si
595 2619 828 2676 videbitur
845 2622 1240 2675 Reverendiffimo
1260 2623 1385 2674 Patri
1401 2622 1628 2693 Magistro
1647 2627 1750 2677 Sae.
1777 2623 1942 2676 Palatii
1959 2622 2238 2696 Apostolici.²

383 2712 385 2714 ι
427 2710 431 2715 ⁴
475 2720 477 2730 ὲ
870 2743 926 2793 F.
938 2741 1015 2794 M.
1043 2744 1093 2794 de
1108 2742 1270 2795 Rubeis
1288 2742 1493 2811 Archicp.
1520 2744 1652 2815 Tatsi
1661 2809 1664 2815 A
1682 2743 1943 2817 Vicesgerens
1963 2780 1977 2797 .

875 2948 1167 3045 znpbimkenkr.

527 3085 843 3138 Fr.Nicolaus
861 3064 1037 3139 Ridolii
1050 3125 1068 3150 ,
1092 3086 1222 3142 Sacri
1245 3091 1408 3143 Palatii
1418 3085 1675 3163 Apostoliei
1704 3087 1959 3163 Magister,
1990 3064 2182 3141 Ordinis

660 3157 1023 3212 Praedieatorum
1036 3196 1051 3213 .

2152 3823 2332 3879 ‹ELENss
