2658 4256
931 230 1581 353 Tyrolenfir.·

502 374 953 422 DECRETO

372 556 417 607 S.
443 558 642 625 Congreg.
674 550 812 619 Eplst·
838 550 891 600 (θ’
915 546 1070 615 Regul.

223 744 535 805 Refidentiam
565 740 640 790 seu
665 737 934 803 Hospitium
968 740 1219 785 Fratrum.»

294 820 340 866 in
367 817 471 866 loco
494 814 649 865 Riedae
660 808 852 859 construi
879 807 1187 856 committitur
1204 837 1216 849 .

308 1008 410 1048 Aera
435 998 714 1056 Congregatio
740 993 1150 1038 Eminentiffimorum
1180 992 1218 1032 &

325 1058 758 1104 Reverendissimorum
775 1056 925 1096 S.R.E.
942 1051 1220 1095 cardinalium

225 1120 402 1176 negotiis
415 1119 454 1158 &
470 1116 651 1159 Consult-
663 1114 803 1168 Episc-
825 1115 864 1154 ἃ.
881 1110 1026 1167 Regul.
1043 1105 1222 1164 praepofi-

221 1189 261 1223 ta
289 1206 304 1229 ,
337 1174 496 1220 attenta
524 1175 720 1217 relatione
745 1171 926 1227 Episcopi
954 1166 1192 1211 Brixinenlis
1209 1193 1223 1214 ,

224 1234 431 1281 referente
463 1231 777 1276 Eminentiffimo
798 1227 1009 1283 Acciajolo
1029 1256 1044 1279 ,
1074 1224 1225 1269 censuit

225 1294 585 1341 committendum,
620 1300 740 1347 prout
767 1289 964 1343 praesentis
990 1285 1226 1328 Decretite-

222 1368 320 1397 nore
337 1353 512 1406 benigne
536 1350 755 1393 committit
776 1347 908 1389 eidem
925 1346 1122 1401 Fpiscopo
1138 1371 1153 1394 ‚
1183 1350 1226 1382 ut

221 1415 328 1456 veris
349 1411 605 1452 existentibus
620 1406 976 1460 narratis‚pctitam
990 1402 1225 1444 facultatem

223 1469 411 1524 erigendi
442 1463 666 1522 Hospitium
691 1466 729 1506 in
751 1463 918 1519 praefato
944 1462 1037 1504 loco
1063 1476 1134 1516 pro
1159 1459 1227 1501 suo

224 1528 396 1570 arbitrio
421 1527 461 1566 δι
486 1524 728 1568 conscientia
752 1524 995 1565 Oratoribus
1018 1520 1227 1574 impertia-

225 1596 324 1637 tur,
356 1586 560 1627 itan-tmen
579 1613 592 1634 ,
623 1595 667 1625 ut
682 1581 850 1624 sormam
878 1580 1062 1635 simplicis
1088 1576 1227 1632 Hospi-

222 1646 269 1688 tii
284 1643 448 1686 minime
462 1643 634 1685 excedat
649 1672 660 1682 .
676 1642 819 1682 Romae
834 1640 1085 1698 24.Jannarii
1106 1641 1152 1678 16
1156 1647 1226 1691 94.

282 1817 581 1873 Autograpbum
605 1817 648 1857 in
676 1816 843 1858 Archivo
867 1813 1098 1858 Secretariae
1122 1815 1221 1855 Con—

334 1890 449 1933 greg.
468 1874 669 1931 praedietae
685 1904 698 1916 .

861 2056 1229 2075 .—-—-

233 2222 442 2276 Calices,
481 2221 746 2268 Paramenta
776 2215 866 2268 ὅτε.
894 2215 919 2265 ἃ
950 2217 1120 2285 Regina
1141 2220 1228 2267 Ca·

302 2291 502 2346 tholica,
540 2290 688 2337 Maria
720 2295 887 2345 Anna,
927 2288 1110 2344 Vidua,
1139 2291 1230 2338 Ca->

288 2361 426 2430 'pellae
447 2360 706 2408 Lauretanae
726 2360 768 2407 in
792 2356 990 2410 Ecclesia
1013 2362 1229 2407 Fratrum

298 2428 476 2497 Oppidi
508 2428 564 2478 de
595 2426 765 2478 Chiusa
794 2428 958 2478 donata
978 2465 992 2486 ,
1023 2429 1121 2476 aliis
1146 2432 1230 2477 Ec·

303 2498 443 2550 clefiis
467 2499 750 2568 commodari
783 2535 799 2557 ,
837 2497 909 2549 seu
938 2499 964 2547 a
994 2498 1114 2550 dista
1145 2502 1230 2549 Ca-

266 2619 268 2621 ,
307 2571 424 2640 pella
450 2570 623 2634 extrahi
650 2582 778 2620 vetat
794 2605 806 2618 .

236 2730 720 2810 eL'EMENs
793 2759 1046 2824 PAJPA
1116 2761 1228 2809 xl.

422 2946 490 2987 Ad
500 2945 690 3005 futuram
717 2945 778 2986 rei
801 2944 1045 2984 memoriam.

363 3128 449 3169 UM
469 3153 485 3175 ,
509 3123 608 3165 ficut
626 3121 787 3165 nomine
798 3117 1045 3164 Charissimae
1059 3116 1097 3157 in
1114 3115 1236 3158 Chri·-

375 3185 432 3226 sto
454 3182 565 3226 Filiae
591 3180 744 3224 Nostrae
760 3209 773 3231 ,
807 3179 944 3221 Mariae
964 3182 1084 3219 Annae
1100 3204 1114 3227 ,
1147 3173 1237 3216 His-

238 3246 450 3299 paniarum
466 3240 628 3295 Reginae
642 3237 890 3287 Catholicae,
922 3234 1063 3277 Viduae
1077 3262 1092 3285 ,
1109 3231 1238 3275 Nobis

238 3315 364 3357 nuper
385 3298 608 3355 expositum
633 3295 735 3346 fuit,
762 3294 840 3350 ipsa
863 3298 1125 3337 Conventum
1146 3293 1240 3333 Fra-

239 3369 348 3402 trum
363 3358 528 3401 Ordinis
558 3357 765 3398 Minorum
794 3349 1241 3395 Sane'tiFrancisciCa·

241 3419 482 3472 pucinorum
510 3421 830 3469 nuncupatorum
861 3439 874 3462 ,
905 3410 944 3451 in
972 3407 1136 3463 Oppido
1173 3406 1240 3448 seu

244 3475 341 3517 loco
371 3476 422 3518 de
447 3474 622 3524 Chium,
655 3471 857 3514 Brixinen.
882 3466 1076 3510 Dioecefis
1097 3494 1110 3516 ,
1142 3466 1241 3506 Pro-

243 3532 387 3575 vinciae
403 3531 638 3587 Tyrolenfis
653 3555 667 3575 2
699 3544 744 3573 ac
765 3531 804 3570 in
818 3542 867 3571 eo
882 3542 952 3582 pro
968 3523 1158 3580 peculiari
1177 3536 1245 3565 er-

243 3601 296 3646 ga
321 3592 581 3633 Beatislimam
610 3588 820 3643 Virginem
847 3586 924 3628 Dei
955 3582 1246 3627 Genitricem,

245 3647 421 3690 Mariam
450 3649 668 3691 devotione
688 3676 704 3698 ,
737 3645 947 3702 Capellam
987 3642 1054 3683 sub
1080 3641 1246 3684 invoca-

243 3705 355 3748 tione
383 3706 557 3761 ejusdem
582 3708 710 3748 Beatae
737 3705 871 3748 Mariae
898 3699 1076 3756 Virginis
1097 3702 1248 3742 Laure-

250 3773 382 3815 tanae,
412 3762 477 3804 sua
501 3763 678 3819 impensa
705 3762 939 3806 fundaverit
964 3789 978 3811 ,
1007 3772 1166 3800 necnon
1199 3756 1249 3799 ad

247 3821 576 3924 ιιίὶιιτιΤΕΣειρεῙΙΙΙεψεεΙ
605 3817 827 3881 hujusmodi
853 3819 1017 3865 Calices
1040 3846 1055 3868 ,
1085 3813 1251 3866 Cande3

398 3884 503 3922 om.l
537 3909 549 3921 .

2077 260 2240 346 139

1282 369 1395 410 labra
1410 394 1423 414 ‚
1455 365 1612 415 aliaque
1638 363 1870 411 paramenta
1885 358 1925 400 ὃ(
1950 370 2191 403 ornamenta
2207 367 2285 406 Ec-

1280 423 1496 471 cleiiastica
1529 414 1772 463 donaverit,
1803 430 1848 457 ac
1873 430 2096 472 propterea
2123 419 2288 464 illorum

1280 475 1575 526 conservationi
1609 475 1649 514 δι
1678 476 1968 518 manutentioni
2002 480 2231 532 opportune
2267 480 2288 521 ἃ

1279 544 1409 585 Nobis
1425 533 1660 594 provideri,
1691 530 1911 586 plurimum
1925 535 2130 579 desideret
2149 565 2160 575 ·
2199 540 2288 581 Nos

1276 599 1395 655 ipfius
1422 595 1557 638 Mariae
1570 594 1696 634 Annoe
1716 591 1876 644 Reginae
1892 595 1996 635 votis
2010 622 2023 645 ‚
2055 597 2130 638 hac
2149 595 2190 636 in
2205 609 2247 636 re
2263 623 2279 646 .,

1277 655 1473 713 quantum
1501 665 1594 693 cum
1615 648 1788 691 Domino
1815 648 2010 702 possumus
2030 682 2046 702 ,
2079 652 2288 696 favorabi-

1278 715 1374 756 liter
1402 723 1585 752 annuere
1601 707 1812 763 cupientes
1827 735 1842 756 ,
1869 707 2035 764 ejusque
2055 713 2290 766 pietatem,

1278 770 1495 830 plurimum
1520 768 1558 808 in
1592 766 1770 808 Domino
1798 768 2127 812 commendantes
2150 799 2164 821 ‚
2199 769 2292 824 sup·

1277 825 1564 888 plicationibus
1601 823 1780 880 ejusdem
1809 826 1944 867 Mariae
1973 827 2093 870 Annae
2123 828 2290 884 Reginae

1279 887 1441 931 nomine
1457 882 1585 927 Nobis
1611 882 1825 926 humiliter
1846 886 2041 935 porrectis
2073 886 2289 937 inclinati,

1278 962 1329 991 ne
1352 945 1424 987 ulli
1452 946 1609 986 Fratres
1635 939 1909 992 Conventt‘is,
1939 945 1978 983 ὃς
1998 944 2164 985 Ordinis
2192 959 2293 998 prae-

1280 1007 1480 1062 diffitorum
1508 1028 1522 1051 ‚
1565 1008 1646 1041 tam
1681 1001 1890 1054 praesentes
1917 1027 1931 1049 ,
1978 1002 2098 1056 quam
2132 1000 2291 1053 futuri,

1283 1076 1404 1122 ettam
1436 1072 1690 1118 quacumque
1713 1058 2030 1115 superioritate,
2071 1058 2135 1101 vel
2165 1073 2290 1114 praee·

1285 1122 1479 1168 minentia
1493 1118 1707 1173 fungentes
1719 1145 1734 1166 ,
1749 1119 1927 1169 Calices,
1942 1117 2200 1161 Candelabra
2213 1146 2227 1168 ,
2245 1132 2291 1160 ac

1285 1184 1361 1228 alia
1380 1186 1615 1238 paramenta
1630 1179 1670 1220 &
1681 1175 2196 1220 ornamentaEcclefiastica
2209 1186 2293 1217 tarn

1287 1256 1338 1285 ex
1352 1254 1449 1284 auro
1467 1241 1503 1279 &
1524 1247 1694 1291 argento
1708 1263 1722 1286 2
1751 1240 1870 1293 quam
1894 1251 1944 1279 ex
1958 1235 2096 1291 quavis
2114 1235 2192 1277 alia
2208 1248 2294 1275 ma*

1286 1300 1390 1344 teria
1413 1294 1593 1340 confecta
1609 1323 1622 1346 ,
1648 1307 1803 1338 necnon
1833 1309 2128 1353 quamcumque
2153 1292 2290 1348 supel—

1286 1359 1459 1404 lec‘tilem
1485 1352 1660 1405 sacram,
1703 1368 1775 1409 per
1800 1363 2063 1397 memoratam
2083 1354 2294 1396 Mariam-0

1289 1423 1446 1463 Annam
1466 1413 1661 1468 Reginam
1683 1414 1865 1468 Capellae
1892 1414 2088 1469 praedietae
2113 1411 2261 1453 donata
2276 1437 2290 1459 ,

1285 1489 1332 1522 ut
1358 1473 1566 1534 praefertur
1580 1501 1596 1523 ,
1627 1470 1696 1514 sub
1713 1486 1963 1527 quocumque
1987 1473 2146 1525 quaefito
2178 1469 2296 1517 colos

1288 1553 1357 1587 re,
1387 1541 1609 1589 praetextu,
1640 1529 1785 1579 causa,
1814 1530 1881 1572 vel
1895 1530 2104 1571 occasione
2116 1527 2293 1570 allicui-

1288 1597 1345 1639 vis
1374 1589 1560 1634 Ecclefiae
1589 1616 1603 1638 ,
1632 1587 1811 1642 Capellae
1837 1616 1851 1638 ,
1883 1589 1948 1630 vel
1978 1588 2069 1629 loco
2094 1588 2191 1643 pi0,
2226 1595 2295 1628 aut

1285 1650 1466 1712 personis
1490 1644 1807 1703 quibuscumque
1835 1646 2123 1697 commodare,
2149 1645 2213 1687 seu
2243 1646 2293 1687 ab

1286 1709 1436 1756 eadem
1473 1703 1646 1759 Capella
1675 1731 1690 1755 ‚
1720 1705 1785 1747 vel
1811 1705 1922 1748 illius
1948 1705 2133 1749 sacristia
2162 1714 2295 1745 extra·-

1282 1774 1376 1814 here
1411 1767 1451 1808 &
1475 1763 1686 1819 asportare
1703 1792 1716 1815 ,
1742 1763 1807 1806 seu
1831 1793 1846 1815 ,
1879 1776 1923 1808 ut
1948 1764 2288 1813 commodentur,

1282 1832 1320 1872 δι
1336 1826 1626 1874 extrahantur,
1652 1832 1721 1864 aut
1742 1825 1996 1878 asportentur
2011 1850 2024 1870 ‚
2050 1824 2293 1878 permittere

1285 1886 1458 1932 audeant
1473 1882 1618 1940 quovis
1636 1881 1771 1933 modo,
1786 1881 1850 1924 seu
1872 1881 2127 1937 praesumant,
2144 1879 2214 1923 sub
2227 1893 2301 1922 ex-

1287 1941 1698 1990 communicationis,
1725 1954 1770 1982 ac
1796 1940 2031 1996 privationis
2064 1940 2174 1982 vocis
2201 1938 2299 1980 asti-¹

1288 2020 1344 2050 vae
1369 2004 1410 2045 8(-
1424 2000 1574 2059 paffivae
1592 2000 1743 2055 poenis,
1757 2014 1831 2054 per
1845 1999 2183 2053 contrafacientes
2209 1995 2297 2052 ipso'

1285 2065 1392 2108 facio
1407 2091 1420 2114 ,
1454 2059 1599 2115 absque
1617 2058 1695 2100 alia
1710 2057 1990 2102 declaratione
2013 2055 2267 2100 incurrendis
2283 2083 2300 2106 ,

1286 2123 1528 2168 auctoritate
1552 2117 1812 2174 Apostolica,
1842 2129 1987 2161 tenore
2016 2117 2294 2172 praesentium,

1287 2179 1567 2227 interdicimus
1595 2179 1635 2219 δε
1663 2178 1924 2231 prohibemus
1948 2206 1959 2216 .
1992 2180 2085 2218 Non
2100 2174 2299 2216 obstanti-a*

1287 2245 1358 2287 bus
1370 2236 1756 2283 constitutionibus,
1773 2238 1813 2277 &
1827 2235 2159 2277 Ordinationibus
2178 2235 2293 2287 Apo-

1287 2300 1462 2347 stolicis,
1493 2311 1570 2348 ac,
1593 2303 1790 2351 quatenus
1817 2308 1917 2350 opus
1945 2295 2013 2344 fit,
2053 2287 2298 2336 Conventus

1289 2363 1329 2403 δε
1350 2357 1518 2401 Ordinis
1545 2353 1854 2410 praedictorum,
1888 2353 2010 2396 etiam
2038 2351 2296 2407 juramento,

1290 2415 1599 2463 confirmatione
1612 2415 1689 2454 &c.
1714 2412 1917 2453 roboratis
1932 2410 2114 2460 statutis,
2143 2411 2179 2450 &
2199 2422 2300 2450 con-

1291 2475 1566 2521 suetudinibus
1582 2502 1597 2524 ,
1623 2470 1846 2526 privilegiis
1860 2471 1937 2511 δερ.
1952 2467 2155 2510 innovatis
2171 2497 2182 2507 .
2199 2466 2301 2523 Qi-

1292 2539 1367 2580 bus
1389 2534 1574 2577 omnibus
1589 2532 1627 2572 &
1649 2529 1809 2583 singulis
1823 2556 1836 2579 ,
1861 2528 2028 2570 illorum
2042 2538 2202 2569 tenores
2217 2527 2296 2567 &c.

1294 2596 1535 2649 derogamus
1564 2619 1577 2642 ,
1613 2586 1848 2642 caeterisque
1885 2588 2099 2629 contrariis
2135 2583 2299 2641 quibus-

1297 2667 1496 2708 cumque.
1527 2647 1727 2691 Volumus
1741 2654 1875 2688 autem
1891 2671 1905 2694 ,
1932 2656 1974 2687 ut
1991 2645 2190 2701 praesentis
2205 2656 2303 2698 pro·-

1294 2713 1504 2757 hibitionis
1537 2706 1764 2759 exemplum
1803 2704 1842 2744 in
1872 2703 1999 2745 valvis
2019 2702 2198 2757 Capellae
2229 2698 2297 2743 vel

1292 2769 1483 2817 Sacristiae
1498 2765 1745 2821 supradidtae,
1760 2770 1829 2803 aut
1843 2761 1926 2802 alio
1941 2761 2034 2803 loco
2051 2759 2266 2813 conspicuo
2279 2787 2296 2809 ‚

1292 2830 1362 2873 ubi
1383 2830 1432 2870 ab
1459 2825 1646 2867 omnibus
1675 2819 1783 2862 cerni
1809 2816 1944 2873 &legi
1957 2819 2100 2874 poffit,
2130 2816 2295 2859 affixum

1293 2884 1442 2931 assidue
1472 2889 1680 2925 remaneat
1696 2907 1707 2918 .
2303 2872 2306 2880 ‘

1356 2946 1508 2984 Datum
1533 2941 1671 2980 Romae
1694 2934 1798 2988 apud
1815 2937 1996 2977 Sanetam
2023 2935 2197 2979 Mariam
2213 2938 2302 2977 Ma-

1296 3001 1429 3055 jorem
1450 2999 1519 3039 sub
1535 2994 1696 3038 Annulo
1712 2991 1924 3036 Piscatoris
1939 2993 2005 3036 die
2023 3010 2052 3038 x
2065 3007 2105 3036 ιι
2122 3008 2156 3036 1.
2175 2995 2301 3035 Osto-

1293 3058 1377 3101 bris
1406 3066 1596 3100 Muccti.
1626 3050 1888 3097 Pontificatus
1916 3052 2054 3095 Nostri
2087 3054 2210 3095 Anno
2238 3050 2299 3093 se-

1297 3115 1459 3160 cundo.
1802 3118 1806 3123 '

1886 3231 1931 3271 F.
1953 3226 2160 3270 Oliverius
2173 3257 2185 3269 .

1361 3405 1605 3464 Autograeph.
1630 3407 1672 3446 t‘n
1688 3404 1851 3447 Archiv.
1879 3406 2020 3445 secret.
2041 3406 2155 3446 Brev.
2171 3403 2302 3458 Apost.

1419 3470 1517 3522 Reg.
1539 3464 1655 3523 mensi
1670 3463 1829 3514 &anni
1845 3459 2063 3518 pred.fhl.
2076 3459 2147 3504 60.

1646 3872 1672 3913 S
1703 3881 1726 3911 2
2162 3867 2258 3910 ΝΟ·
