2658 4256
451 236 614 320 190
1173 211 1684 301 Provincia

386 350 527 392 licorum
538 346 701 386 credendi
713 346 846 396 Regula
860 349 1060 387 Trasslatum
1075 373 1088 392 ‚
1112 350 1155 385 ab
1169 350 1403 386 Heterodoxis
1417 348 1532 396 paffim
1547 350 1687 398 quidem
1702 350 1933 397 impugnatum
1947 373 1961 394 ‚
1977 351 2005 386 aa
2024 354 2121 390 nullo
2134 366 2242 396 tamen
2262 370 2440 407 expugna.

384 415 460 440 ,gum
475 426 486 445 ‚
510 400 543 435 8(
562 409 665 444 quem
680 398 804 433 additis
826 400 930 435 altera
951 410 1045 447 parte
1059 399 1100 434 de
1115 397 1375 434 Catholicorum
1398 399 1557 435 credendi
1573 401 1689 443 regula
1702 425 1712 441 ,
1741 399 1969 446 responfisque
1992 400 2033 435 ad
2049 402 2242 444 adversariae
2266 409 2372 455 partis
2385 420 2441 444 u..

387 461 547 498 gumenta
560 446 645 483 datis
658 445 837 482 adauctum
859 472 871 490 ,
894 459 1011 483 novus
1028 458 1128 494 typus
1146 457 1205 492 per
1226 447 1343 481 orbem
1357 458 1425 482 non
1438 446 1502 482 sine
1517 457 1642 490 magno
1655 449 1841 484 animarum
1867 450 1962 483 lucro
1977 448 2126 494 dispersit
2137 475 2147 487 .
2173 453 2315 492 Celebre
2329 457 2369 493 de
2386 457 2439 493 his

386 498 525 547 reliquit
541 494 764 532 testimonium
780 494 1028 541 Ardinghellus
1043 498 1076 530 in
1089 494 1277 540 appendice
1288 496 1532 539 congeminata
1549 494 1656 531 Vocis
1671 497 1835 533 Turtutis
1848 495 2031 532 ostensione
2045 510 2078 543 4,
2092 495 2137 534 ita
2151 499 2312 548 loquens:
2335 505 2374 541 ln
2388 516 2440 542 re·

379 547 600 598 formationis
623 544 753 591 negotio
779 543 928 591 (seilicet
943 544 1164 589 Germanice)
1191 542 1331 590 insudat
1340 555 1429 579 unus
1441 544 1480 579 r‘n
1491 543 1555 579 bac
1568 555 1605 579 re
1619 546 1811 592 proecipuus
1822 543 1977 580 .Adm.R.
1990 545 2033 582 P.
2049 545 2199 592 Magnus
2214 547 2419 589 Valerianus

385 590 695 645 Capacinus‚Fidei
709 591 889 630 Catholicae
900 600 1130 640 propugnator
1144 591 1334 627 acerrimus
1348 615 1362 634 ,
1375 593 1436 640 qui
1449 593 1562 628 variis
1573 593 1788 641 congrcffbur
1803 593 1981 642 Ministro:
1992 593 2156 631 Sathanae
2167 596 2194 632 S
2189 607 2348 654 ynagogae
2359 577 2439 636 con’.

378 645 519 695 futavit
527 666 539 685 ‚
550 641 639 677 edito
649 640 970 677 deAcatholicorum
984 639 1148 676 credendi
1159 638 1279 687 regula
1289 639 1498 688 judic-ioqui
1510 641 1552 681 (θ’
1564 639 1633 676 alio
1645 651 1858 678 monumenta
1868 642 1976 689 digna
1990 642 2062 692 ejus
2075 641 2199 679 calamo
2201 644 2333 695 sbripjrt
2344 674 2354 682 .
2367 649 2442 685 Cu-

379 694 436 744 jus
440 688 847 742 studiis‚p1'entt‘ffimisque
856 689 1028 726 laboribus
1039 687 1210 736 quidqm‘d
1221 689 1653 737 attentatumsuafiaemque
1663 699 1724 735 pro
1739 691 1838 726 avita
1851 689 2029 739 Religione
2043 693 2241 735 retinenda,
2258 695 2300 735 ὼ·
2312 706 2437 733 morum

381 735 1099 835 {25:3ss'232129-{2‘1523‘32'32‘2'2322302122
1115 737 1580 834 5³52251Zr⁶⁵5155s032552220
1584 749 1640 774 9
1650 738 2259 838 53255‘515'2'52{meffmsssifzsstiz
2267 742 2440 840 {iffiissii'

2031 814 2041 830 ‚
2426 812 2441 820 -

380 838 535 876 diffionis
551 834 772 885 Ecclqfiasticae
785 836 823 870 in
833 847 868 870 eo
880 834 998 882 Regno
1012 833 1292 870 introduffionem
1304 860 1312 866 .
1347 834 1489 881 Majoris
1505 834 1592 870 inter
1606 835 1673 871 haec
1684 836 1717 871 8(
1734 837 1894 883 ponderis
1907 841 1940 873 &
1953 835 2169 874 difficultatis
2181 840 2245 876 suit
2260 803 2443 887 neggttum

377 899 482 924 nova
495 883 762 931 Episcopatuunt
775 883 992 920 institutionis
1004 906 1016 926 ,
1041 881 1089 917 ita
1110 893 1147 917 ut
1163 883 1278 917 denuo
1295 882 1508 918 Valerianum
1527 884 1672 919 Romam
1696 896 1784 920 anno
1801 885 1903 923 1628.
1918 887 2071 922 secedere
2086 887 2282 932 oportuerit
2294 913 2302 919 .
2329 889 2440 925 Solita

376 936 432 972 hic
454 934 631 981 prudentia
642 931 675 968 in
691 933 957 978 Purpuratorom
975 932 1114 968 Pattum
1137 930 1321 977 conspeetu
1338 932 1380 966 de
1400 931 1450 966 rei
1465 930 1675 978 Episcopalis
1692 934 1876 969 commodo
1891 935 2087 982 peroravit,
2113 934 2147 970 &
2175 936 2440 982 suppressionem

376 983 510 1020 noviter
521 982 556 1018 in
571 979 843 1023 Ecclesiaeatorti
857 979 1030 1028 perniciosi
1053 978 1210 1014 Foeminei
1227 979 1370 1014 instituti
1383 979 1564 1026 coadjuvit
1582 1006 1591 1015 .
1622 983 1659 1016 ln
1680 982 1790 1017 reditu
1804 982 1864 1017 suo
1876 1009 1887 1025 ,
1908 983 2074 1030 quantum
2088 984 2387 1021 causam-Ecctefiae
2405 984 2439 1020 in

374 1032 515 1069 Boemia
538 1028 680 1066 seliciter
695 1030 878 1076 procedere
902 1027 1091 1075 applausit,
1117 1028 1249 1063 tantum
1276 1038 1411 1063 econtra
1435 1028 1566 1063 ltaliam
1589 1030 1713 1066 diriore
1743 1031 1853 1066 Marte
1878 1031 2032 1068 convelli
2059 1032 2233 1077 indoluit,
2264 1033 2438 1070 Mantua...

375 1082 465 1118 enim
483 1082 503 1116 ὲ
519 1077 718 1116 Caesarianis
739 1089 934 1124 expugnata
950 1101 964 1120 ‚
986 1077 1022 1112 &
1048 1075 1292 1112 Monferratum
1315 1075 1489 1112 obsidione
1513 1079 1554 1111 ab
1578 1078 1619 1113 iis
1633 1078 1779 1114 cinfitum
1799 1090 1844 1115 ex
1865 1092 1931 1116 una
1945 1104 1958 1123 ,
1981 1081 2015 1116 8(
2041 1094 2081 1118 ex
2098 1082 2201 1117 altera
2227 1093 2322 1128 parte
2341 1082 2443 1118 Pina-

375 1130 500 1165 rolium
528 1130 547 1164 a
564 1127 681 1163 Gallis
697 1126 976 1162 DuciSabaudiae
995 1124 1168 1171 direptum
1182 1147 1194 1167 ,
1221 1134 1375 1167 magnam
1401 1124 1583 1161 Christiani
1616 1127 1803 1172 Sanguinis
1823 1129 2037 1164 minabantur
2065 1129 2291 1175 profusionem
2306 1154 2315 1164 .
2342 1130 2439 1166 Cura

377 1179 509 1214 tandem
526 1174 657 1214 Urbani
675 1175 771 1221 Papa:
781 1174 882 1211 Vlll.
914 1173 1084 1220 suspensus
1106 1173 1153 1208 est
1174 1183 1343 1207 armorum
1371 1175 1540 1209 tumultus
1556 1197 1570 1217 ,
1593 1175 1626 1210 8(
1645 1175 1822 1211 trac-landae
1848 1177 1938 1220 pacis
1951 1175 2097 1213 indistus
2122 1179 2321 1224 congressus
2339 1191 2349 1218 ς
2375 1190 2439 1225 pro

374 1226 558 1262 Gallorum
588 1233 681 1271 parte
700 1225 788 1259 hunc
801 1224 928 1259 acceflit
950 1221 1059 1257 Emin.
1081 1221 1276 1256 Cardinalis
1296 1222 1337 1256 de
1367 1221 1545 1257 Richelieu
1561 1244 1573 1264 ,
1598 1223 1711 1258 nostro
1734 1223 1789 1258 Fr.
1803 1223 1950 1271 josepho
1971 1226 1990 1259 ὲ
2003 1225 2190 1274 Tremblay
2203 1251 2214 1270 ,
2241 1225 2301 1272 ipsi
2319 1227 2440 1274 adjun-

374 1273 456 1317 Εἰο,
481 1278 513 1309 &
532 1285 593 1321 pro
608 1272 809 1308 ferdinandi
827 1273 870 1308 ll.
887 1281 979 1317 parte
1000 1271 1051 1305 illi
1067 1273 1098 1304 &
1113 1269 1263 1305 interfuit
1283 1269 1338 1305 Pr.
1359 1269 1566 1306 Valerianus
1581 1295 1593 1314 ‚
1612 1271 1672 1318 qui
1690 1274 1843 1307 ‘l'aurino
1861 1271 2069 1308 Pinarolium
2081 1274 2124 1309 ad
2137 1277 2275 1318 Gallos,
2289 1277 2325 1312 8(
2341 1277 2440 1311 Pina·

375 1322 466 1358 rolio
480 1321 669 1359 Taurinum
688 1322 730 1357 ad
753 1320 962 1356 Caesarianos
979 1318 1176 1356 discurrens
1196 1318 1288 1354 sensa
1307 1319 1491 1364 primorum
1505 1344 1515 1359 ,
1539 1320 1626 1356 circa
1644 1319 1807 1355 Pinarolii
1831 1320 2060 1357 retentionem
2088 1323 2135 1358 ita
2149 1323 2344 1370 exploravit
2359 1347 2372 1366 ‚
2399 1333 2438 1359 ut

372 1372 559 1414 Caesarem,
574 1372 607 1406 in
620 1369 783 1406 Comitiis
804 1369 1000 1404 Ratisbonae
1023 1377 1193 1411 agentem,
1209 1368 1252 1402 de
1271 1367 1437 1403 mittendo
1454 1366 1488 1401 in
1507 1368 1639 1404 ltaliam
1661 1367 1825 1404 validiore
1840 1369 1946 1407 milite
1959 1380 2133 1406 moneret.
2161 1372 2271 1408 Vario
2288 1371 2438 1420 quidem

371 1419 521 1456 Ministri
541 1418 635 1456 Galli
648 1419 693 1453 uli
714 1417 786 1454 sunt
802 1417 971 1459 artificio,
997 1426 1033 1452 ut
1045 1415 1269 1451 Valerianum
1289 1417 1330 1451 ad
1344 1417 1417 1452 suas
1434 1427 1548 1462 partes
1563 1417 1732 1453 traherent
1745 1443 1754 1458 ,
1783 1417 1887 1453 Stetit
1903 1419 1961 1454 ille
1974 1417 2010 1454 in
2024 1419 2086 1455 suo
2099 1420 2302 1456 testamento
2311 1419 2435 1462 fidelis.

369 1467 650 1551 pevelutanurus
670 1478 781 1503 aeneus
795 1465 974 1503 commoda
990 1465 1124 1503 Domus
1145 1464 1330 1503 Austriacae
1343 1489 1356 1508 ,
1381 1465 1436 1501 cui
1459 1465 1491 1500 se
1507 1474 1558 1500 tot
1571 1466 1678 1503 titulis
1705 1465 1901 1503 devinctum
1916 1478 2092 1512 noverat,
2118 1468 2316 1517 incorrupto
2347 1480 2437 1516 quae·

385 1514 449 1551 ivit
472 1516 519 1551 stu
547 1514 603 1551 io.

468 1564 616 1602 Punftus
639 1564 695 1600 sua
710 1564 1068 1605 legatione‚Viennam
1083 1589 1096 1609 ‚
1123 1566 1267 1609 Ptagam
1282 1588 1294 1607 ‚
1315 1565 1350 1600 8(
1363 1565 1497 1600 tandem
1516 1565 1740 1601 Ratisbonam
1753 1565 1909 1604 conceffit
1924 1589 1936 1610 ‚
1964 1565 2024 1601 ubi
2038 1566 2118 1602 dum
2132 1566 2311 1603 candidum
2323 1568 2436 1606 Caesa·

368 1613 416 1649 ris
436 1615 587 1649 animum
599 1623 644 1647 ex
657 1613 810 1647 restituta
827 1613 916 1648 Duci
931 1613 987 1648 suo
1008 1615 1153 1649 Mantua
1175 1613 1279 1658 aequis
1294 1612 1451 1649 laudibus
1463 1616 1590 1649 extulit
1603 1638 1616 1656 ‚
1640 1625 1740 1649 omen
1759 1615 1855 1650 suum
1878 1616 1921 1651 de
1934 1614 2112 1651 PInarolio
2126 1617 2146 1650 a
2161 1615 2277 1652 Gallis
2301 1617 2347 1653 ad
2359 1619 2433 1663 spe-

368 1661 455 1698 ciem
472 1661 648 1705 restituto,
673 1661 707 1697 &
726 1660 938 1703 postmodum
958 1673 1056 1696 novo
1074 1661 1258 1706 emptionis
1273 1662 1410 1695 motivo
1423 1662 1465 1696 ab
1478 1662 1518 1697 iis
1532 1662 1693 1706 praetenso
1707 1687 1716 1702 ,
1743 1664 1965 1709 adimpletum
1983 1663 2115 1699 audivit
2130 1688 2138 1699 .
2166 1664 2301 1700 Solutis
2314 1664 2431 1701 Ratis·

367 1709 642 1746 bonaeComitiis
661 1733 674 1753 ,
698 1710 732 1746 8(
743 1709 943 1746 Walsteinio
958 1710 1143 1755 supremam
1169 1709 1252 1744 belli
1270 1706 1500 1744 prefecturam
1513 1711 1687 1746 abdicante
1706 1733 1720 1753 ,
1743 1721 1856 1755 aperta
1869 1712 1915 1748 est
1929 1724 2018 1748 nova
2033 1712 2068 1747 8(
2082 1712 2277 1749 Germaniae
2287 1714 2432 1749 Catho-

365 1758 441 1795 licae
459 1758 568 1795 fatalis
581 1759 689 1795 Scena
705 1782 718 1802 ,
741 1769 818 1794 cum
831 1758 994 1794 Saxonis:
1011 1760 1094 1793 Dux
1106 1781 1118 1799 ,
1145 1759 1311 1802 occupata
1326 1757 1431 1800 Praga
1446 1784 1454 1795 .
1470 1758 1559 1793 varia
1576 1757 1623 1793 rei
1636 1758 1823 1794 Catholicae
1836 1761 2006 1806 paraverit
2026 1761 2225 1797 detrimenta
2237 1785 2251 1806 ,
2275 1761 2309 1797 8(
2327 1763 2432 1798 Neo-

363 1808 491 1856 phytos
504 1807 656 1853 periculo
671 1806 840 1851 regresssss
857 1806 898 1842 ad
909 1817 1056 1842 aratrum
1070 1805 1266 1852 exposuerit
1284 1829 1294 1840 .

463 1858 512 1892 Ex
525 1855 604 1900 suga
618 1855 798 1891 Procerum
813 1878 827 1897 ‚
852 1855 886 1890 8(
900 1855 1041 1891 illorum
1054 1879 1066 1899 ‚
1087 1866 1176 1901 quos
1188 1853 1285 1889 Fidei
1300 1855 1394 1890 zelus
1408 1855 1551 1891 retinere
1565 1854 1730 1891 debuisset
1748 1881 1760 1899 ,
1785 1856 2026 1898 adauElumest
2041 1857 2167 1893 malum
2184 1882 2197 1902 ,
2221 1859 2267 1896 eb
2279 1858 2427 1895 infelici·

363 1919 406 1944 us
417 1931 430 1952 ,
456 1906 550 1954 quod
566 1903 714 1939 medium
725 1928 737 1947 ,
763 1903 835 1950 quo
852 1903 950 1939 latius
964 1902 1100 1948 serpens
1113 1903 1206 1938 illius
1223 1901 1338 1939 cursus
1353 1902 1561 1939 inhiberetur
1573 1927 1585 1947 ,
1613 1905 1701 1940 haud
1716 1904 1836 1941 afforet
1851 1930 1861 1941 .
1876 1908 1980 1943 Solus
1992 1906 2194 1943 Valerianus
2209 1919 2340 1944 memor
2353 1918 2429 1943 ver-

359 1955 485 1991 borum
500 1979 514 1994 ‚
535 1953 665 2000 quibus
682 1952 847 1988 Miliionis
860 1963 981 1987 munus
1007 1954 1026 1986 ἐι
1044 1950 1375 1997 &congregatione
1389 1950 1419 1985 ei
1434 1951 1498 1986 fuit
1517 1953 1681 1988 collatum
1697 1977 1709 1995 ‚
1736 1954 1768 1989 8(
1785 1955 1912 2000 quibus
1925 1966 2050 1990 omnem
2063 1966 2180 1991 curam
2195 1955 2429 2005 Mimssert'um

363 2001 469 2051 dign?
481 2027 492 2047 ,
515 1999 834 2049 &fidelitemetiam
850 2012 924 2037 eum
936 1999 1084 2050 effufione
1097 2000 1290 2047 Sanguinis
1300 2023 1313 2042 ,
1339 2011 1379 2034 ac
1390 2009 1494 2035 morte
1515 2000 1585 2047 ipsa
1598 2000 1805 2049 adimplendi
1821 2002 1982 2039 adhibere
2005 2003 2151 2039 monitus
2165 2004 2228 2039 fuit
2242 2028 2255 2047 ,
2281 2002 2430 2040 surrexit

362 2054 462 2088 velut
473 2052 558 2086 alter
575 2049 737 2086 Pontifex
752 2048 941 2085 Mattathias
958 2073 970 2092 ,
996 2051 1030 2086 8(
1042 2061 1116 2086 cum
1134 2049 1305 2084 Fratribus
1319 2048 1415 2084 sociis
1429 2071 1442 2091 ,
1467 2048 1629 2084 violatam
1651 2050 1804 2086 Eccleflae
1818 2051 1942 2095 Legem
1956 2054 1975 2088 ἃ
1990 2050 2148 2087 servitute
2169 2052 2333 2098 potentiae
2350 2052 2430 2087 exi-

359 2113 449 2138 mere
462 2123 473 2140 ,
499 2097 759 2143 constitutosque
781 2097 815 2132 in
829 2098 983 2142 periculo
999 2098 1182 2143 Pragenses
1195 2097 1237 2134 ab
1252 2097 1359 2133 exitio
1372 2096 1502 2132 salvare
1528 2097 1684 2134 decrevit
1699 2122 1708 2133 .
1733 2099 1844 2141 Hinc,
1872 2101 1952 2135 dum
1968 2100 2061 2137 Socii
2086 2110 2158 2136 turn
2177 2100 2400 2136 concionibus
2411 2120 2425 2144 ,

361 2160 436 2185 tum
450 2146 683 2183 funflionibus
699 2146 953 2183 Parochialibus
968 2171 981 2191 ,
1007 2158 1079 2184 tum
1092 2147 1237 2195 publicis
1251 2145 1537 2192 disputationibus
1551 2146 1750 2192 periclitanti
1765 2147 1813 2183 rei
1823 2147 2014 2184 Catholicae
2032 2148 2093 2184 diu
2104 2147 2276 2196 notstuque
2292 2148 2428 2193 invigi-

359 2199 472 2234 larunt
485 2221 498 2239 ,
509 2194 669 2231 infestum
679 2192 748 2241 jam
763 2196 932 2242 populum
945 2219 958 2239 ‚
968 2206 1027 2232 aut
1041 2197 1197 2233 coactum
1210 2219 1223 2238 ‚
1238 2195 1281 2231 ab
1297 2192 1424 2231 accessu
1438 2195 1480 2230 ad
1494 2195 1634 2230 Scholas
1647 2195 1680 2230 8(
1698 2193 1861 2233 Ecclelias
1875 2197 2156 2233 Acatholicorum
2168 2208 2346 2241 arcentes,
2356 2196 2429 2232 Va-

356 2247 504 2284 lerianus
515 2242 656 2288 negotia
670 2242 899 2290 Episcopatus
917 2244 1043 2281 affiduo
1058 2245 1192 2281 (ιιι-ἑνί(
1203 2242 1314 2281 studio
1330 2267 1341 2285 ‚
1369 2242 1616 2278 Heterodoxos
1633 2243 1838 2288 Theologos
1852 2246 1893 2282 ad
1918 2246 2091 2291 publicum
2112 2245 2206 2283 Fidei
2227 2255 2426 2282 certamen..

356 2294 570 2342 frequentius
585 2292 815 2339 provocavit,
843 2291 970 2339 eosque
991 2300 1029 2328 ut
1043 2304 1238 2340 comparere
1257 2292 1416 2340 juberet,
1440 2290 1548 2338 ipsum
1560 2291 1719 2327 Saxoniae
1736 2294 1867 2328 Ducem
1879 2318 1891 2337 ‚
1916 2294 1975 2339 qui
1999 2306 2075 2330 cum
2093 2295 2312 2338 Magnetibus
2331 2292 2425 2329 illius

355 2344 521 2380 virtutem
534 2353 610 2377 eum
624 2349 715 2376 metu
731 2340 906 2376 aestimavit
921 2367 928 2379 ,
953 2341 1058 2377 enixe
1077 2343 1227 2389 semper,
1254 2339 1415 2376 incassum
1429 2350 1540 2375 tamen
1551 2362 1564 2381 ,
1579 2341 1718 2384 rogavit
1733 2367 1740 2374 .
1770 2342 1817 2375 lta
1830 2341 1910 2377 dum
1923 2343 1978 2387 spe
1991 2342 2159 2390 Martyrii
2170 2366 2183 2385 ,
2210 2343 2306 2388 quod
2317 2342 2426 2377 anhe-

347 2390 445 2434 lavit
469 2388 662 2431 ardentius,
690 2389 724 2424 in
746 2389 920 2426 laboribus
933 2390 1110 2427 desudavit
1123 2415 1135 2435 ,
1157 2391 1300 2428 instante
1324 2388 1412 2434 apud
1429 2388 1624 2424 Eteaorem
1662 2389 1859 2425 D.Comite
1869 2390 2005 2426 Terska
2029 2390 2139 2435 praga
2168 2389 2253 2427 liber
2275 2388 2426 2427 dimissus

290 2471 292 2475 .
358 2439 428 2483 est,
454 2450 532 2475 cum
553 2437 663 2472 Emin.
679 2437 950 2485 Archiepiscopo
965 2439 1112 2475 Romam
1137 2441 1246 2476 iturus
1259 2465 1270 2475 .
1299 2437 1430 2489 Qiete
1460 2438 1541 2473 dum
1560 2437 1724 2485 Znoymae
1749 2436 1785 2471 in
1803 2438 1961 2474 Moravia
1977 2464 1988 2481 ‚
2014 2438 2073 2474 ubi
2085 2438 2303 2475 Walsteinius
2329 2437 2420 2474 reas-

352 2487 493 2535 sumpto
507 2486 742 2523 Generalatns
756 2487 872 2521 officio
884 2498 1012 2522 novum
1026 2488 1197 2524 conduxit
1212 2487 1357 2524 militem
1369 2509 1381 2529 ,
1392 2486 1434 2521 ad
1449 2487 1513 2521 iter
1529 2486 1559 2521 se
1579 2494 1740 2532 praeparat
1752 2509 1766 2528 ‚
1789 2488 1946 2531 Regnum
1968 2488 2117 2522 Polom'ae
2132 2487 2258 2523 bellico
2275 2488 2424 2522 tumultu

354 2534 553 2573 involvitur
565 2558 578 2577 ‚
591 2535 764 2579 Sceptrum
777 2545 822 2569 ex
835 2545 943 2570 morte
958 2535 1166 2579 Sigismundi
1183 2537 1247 2572 lll.
1262 2536 1422 2577 viduum,
1436 2544 1580 2575 utroque
1595 2534 1694 2582 hujus
1709 2534 1798 2569 Filio
1813 2535 1994 2572 Uladislao
2006 2558 2020 2578 ‚
2045 2535 2253 2571 &Castmiro
2266 2545 2423 2582 potenter

352 2582 652 2630 ambienteMajor
667 2584 849 2619 Procerum
864 2594 939 2629 pars
953 2582 1132 2621 Uladt'slao
1147 2595 1219 2619 tum
1235 2585 1281 2620 ob
1289 2584 1347 2632 jus
1359 2583 1683 2626 antiannitatis,tum
1695 2583 1741 2618 ob
1759 2587 1914 2629 praeclara
1930 2585 2050 2621 bellica
2062 2585 2151 2631 gesta
2166 2584 2420 2629 suffragabatur,

352 2633 483 2669 obstitit
497 2642 606 2668 autem
618 2631 697 2667 falsa
710 2630 856 2666 aliorum
872 2631 1095 2679 suspicio,qua
1107 2633 1206 2669 illum
1222 2632 1387 2669 haereticis
1402 2631 1515 2667 favere
1529 2632 1742 2679 spargebant,
1754 2632 1788 2667 &
1801 2632 1879 2669 ideo
1891 2631 2236 2675 Casimirum,virtute
2249 2633 2283 2669 8(
2298 2631 2421 2668 merito

348 2682 460 2719 ,Fratri
475 2692 541 2715 non
554 2679 824 2721 secuudum,cum
840 2679 949 2715 Clero
962 2680 1005 2716 ad
1021 2682 1182 2717 thronum
1199 2680 1369 2716 sublimari
1381 2679 1649 2717 contendebant.
1670 2679 1874 2718 Valerianus
1889 2707 1899 2722 ,
1925 2682 1980 2718 cui
1995 2682 2083 2726 regia
2097 2682 2272 2717 indoles&
2283 2680 2418 2716 illibata

351 2730 529 2769 Uladislai
544 2728 752 2764 conscientia
765 2726 936 2773 perspeEka
953 2738 1045 2772 erat,
1068 2742 1146 2765 eum
1161 2729 1296 2774 sceptro
1320 2728 1386 2765 line
1397 2729 1534 2775 palmari
1554 2728 1677 2775 injuria
1692 2729 1820 2777 privari
1833 2742 1903 2765 non
1919 2728 2009 2776 posse
2025 2754 2037 2772 ‚
2064 2729 2264 2766 Walsteinio
2277 2728 2389 2774 aperit
2401 2749 2416 2768 ‚

350 2779 395 2815 de
410 2777 510 2824 hujus
523 2774 666 2812 consilio
676 2776 840 2811 Viennam
855 2776 897 2810 ad
913 2777 1081 2813 Caesarem
1094 2778 1208 2825 pergit
1223 2803 1232 2817 ,
1258 2778 1359 2824 eique
1374 2788 1486 2824 partes
1504 2778 1682 2814 Uladislai
1694 2800 1707 2820 ,
1732 2778 1766 2814 8(
1780 2779 1935 2815 meritum
1950 2778 2163 2814 commendat
2174 2802 2184 2812 .
2200 2776 2347 2812 Accedit
2365 2773 2420 2812 Pi-

286 2846 291 2849 -
350 2827 408 2863 dei
422 2824 602 2861 Valeriani
620 2826 808 2868 lmperator
818 2849 828 2864 ,
852 2823 887 2859 &
899 2825 1040 2860 necdum
1057 2827 1152 2861 suurn
1168 2825 1396 2874 patrocinium
1410 2826 1501 2872 apud
1514 2830 1675 2862 proceres
1691 2826 1805 2870 Regni
1821 2838 1882 2871 pro
1896 2827 2076 2862 Uladislao
2086 2825 2322 2872 adpollicetur
2332 2847 2346 2867 ,
2361 2821 2420 2859 sed

351 2875 454 2912 etiam
467 2873 651 2910 Valeriano
670 2872 820 2908 Romam
834 2883 911 2908 cum
928 2873 1039 2908 Emin.
1056 2874 1247 2911 Cardinale
1264 2875 1305 2910 de
1322 2874 1475 2910 Harrach
1489 2873 1688 2919 profestum
1701 2897 1714 2916 ‚
1739 2884 1775 2908 ut
1786 2874 1832 2909 ibi
1848 2873 2049 2912 Pontificem
2060 2874 2106 2910 ad
2118 2884 2230 2921 partes
2241 2871 2418 2910 uladistai

350 2933 534 2961 moveret,
550 2921 750 2967 opportune
764 2921 940 2965 suggeffit.
967 2920 1124 2958 feliciter
1150 2923 1215 2960 hoc
1237 2922 1388 2964 fartum,
1411 2922 1446 2958 8(
1462 2921 1663 2958 Uladislaus
1672 2921 1857 2958 Pontificio
1875 2923 2100 2970 Caesareoque
2122 2922 2237 2959 officio
2252 2921 2418 2963 munitus,

348 2972 528 3008 Coronam
542 2972 692 3015 adeptus
704 2970 770 3004 est.
798 2971 896 3006 Hanc
908 2969 1092 3006 Valeriano
1115 2971 1148 3007 se
1169 2972 1292 3008 debere
1310 2973 1390 3009 Rex
1410 2980 1541 3006 memor
1554 2993 1567 3013 ‚
1583 2970 1694 3006 voluit
1706 2981 1785 3006 eum
1806 2970 1924 3016 gaudii
1947 2970 1995 3006 sui
2009 2970 2210 3017 participem
2224 2996 2238 3014 ,
2255 2970 2416 3015 adeoque

352 3021 398 3057 ad
412 3018 668 3055 Coronationis
680 3016 744 3054 suae
761 3019 916 3054 solemnia
933 3019 1142 3056 Cracoviam
1156 3019 1338 3056 invitavit.
1368 3021 1407 3056 ln
1421 3019 1482 3055 suo
1493 3019 1639 3066 appulsu
1654 3028 1769 3056 contra
1785 3019 1877 3066 spem
1891 3021 2007 3055 omnia
2021 3020 2138 3055 denuo
2150 3019 2268 3066 susque
2278 3041 2291 3061 ‚
2301 3019 2416 3065 deque

352 3070 448 3106 versa
462 3068 607 3114 reperit,
635 3065 736 3102 Schis
732 3067 862 3102 maricis
877 3089 888 3108 ‚
911 3066 970 3105 nili
985 3071 1113 3112 praevia
1141 3067 1184 3104 iis
1192 3068 1291 3117 juxta
1305 3069 1402 3116 pasta
1415 3069 1552 3104 daretur
1573 3067 1755 3104 satisfactio
1769 3094 1780 3109 ‚
1804 3067 2004 3111 homagium
2014 3067 2164 3114 praestare
2178 3065 2418 3104 renuentibus.

351 3115 579 3158 Valerianus,
607 3125 644 3151 ut
657 3125 791 3151 motum
807 3115 931 3161 sopiret
943 3142 953 3158 ‚
972 3116 1056 3152 nihil
1072 3117 1275 3154 intentatum
1289 3116 1431 3165 reliquit
1444 3141 1458 3160 ,
1484 3115 1695 3162 educ-iusque
1709 3118 1728 3151 a
1742 3117 1842 3162 Rege
1855 3116 1890 3152 8(
1903 3115 2014 3151 Clero
2029 3115 2070 3152 de
2087 3115 2289 3164 praejudicio
2301 3137 2314 3159 ,
2343 3114 2418 3151 Re·

347 3164 476 3213 ligioni
491 3164 682 3201 Catholicae
693 3185 706 3205 ‚
732 3168 765 3200 ὃ(
779 3165 931 3200 Polontae
943 3176 987 3201 ex
1000 3165 1226 3203 Schismaticis
1246 3168 1266 3202 ὲ
1280 3167 1393 3212 Regni
1417 3164 1614 3201 obedientia
1627 3163 1782 3210 separatis
1793 3163 2009 3210 impendente
2020 3189 2030 3204 ,
2047 3163 2262 3208 congressum
2274 3189 2283 3205 ‚
2297 3164 2329 3199 in
2342 3174 2415 3211 quo

344 3213 522 3260 negotium
536 3237 548 3256 ,
563 3214 596 3248 in
616 3213 700 3249 duas
717 3224 827 3256 partes
842 3212 986 3257 scissum,
1002 3215 1021 3249 a
1035 3214 1248 3251 Doetonbus
1262 3214 1456 3261 Theolog-is
1470 3213 1639 3249 maturius
1651 3213 1871 3249 discuteretur
1886 3237 1899 3256 ‚
1922 3212 2026 3250 indici
2038 3211 2209 3250 consuluit
2223 3235 2235 3249 .
2260 3213 2390 3249 Omnes
2400 3236 2412 3252 ‚

350 3263 471 3311 paucis
484 3262 643 3309 exceptis
661 3285 674 3304 ,
695 3261 800 3298 sensui
822 3261 994 3298 Valeriani
1016 3263 1050 3299 in
1064 3264 1129 3300 hoc
1151 3263 1416 3307 contradicunt,
1439 3262 1586 3298 veritate
1612 3261 1659 3297 rei
1683 3273 1743 3309 per
1757 3262 1941 3298 clamorem
1963 3260 2135 3309 suppressa
2149 3285 2162 3306 ,
2185 3274 2223 3298 ac
2244 3260 2385 3307 ipsemet
2399 3280 2413 3302 ,

350 3310 443 3360 quali
459 3311 565 3356 magis
576 3311 617 3347 ad
630 3310 741 3355 Regis
754 3311 1004 3356 beneplacitum
1015 3335 1028 3355 ,
1053 3314 1156 3361 quam
1171 3313 1214 3349 ad
1228 3312 1276 3349 rei
1289 3312 1468 3349 veritatem
1487 3310 1738 3357 propenderet,
1762 3322 1842 3346 cum
1859 3310 1956 3355 Rege
1971 3321 2028 3346 ceu
2043 3308 2284 3348 Schismaticus
2298 3309 2413 3344 tradu-

346 3362 436 3398 citur
450 3386 459 3395 .
485 3360 616 3396 Soluto
629 3358 810 3396 infeliciter
823 3359 1025 3404 congressu,
1052 3364 1190 3408 alioque
1217 3361 1252 3398 in
1281 3361 1388 3398 alium
1418 3360 1509 3396 diem
1529 3358 1658 3394 indiae
1672 3383 1685 3400 ,
1714 3358 1920 3396 Valerianus
1939 3359 2190 3406 autographum
2207 3359 2413 3401 Theologu-

350 3409 538 3446 Politicum
554 3409 734 3445 attentiore
749 3408 860 3445 studio
873 3409 1070 3452 examinat,
1096 3411 1244 3456 priorem
1259 3419 1406 3447 mentem
1423 3409 1513 3445 suam
1528 3407 1646 3446 valida
1660 3407 1798 3445 ratione
1812 3407 1946 3450 firmat,
1958 3419 1998 3443 ac
2007 3419 2080 3444 eam
2093 3416 2216 3445 contra
2230 3416 2412 3452 quemcun-

348 3470 417 3505 que
431 3460 451 3492 a
467 3458 499 3494 se
515 3458 792 3505 propugnandam
807 3456 871 3492 effe
886 3482 895 3496 ,
925 3458 1060 3501 ingenia
1075 3459 1229 3496 libertate
1241 3458 1403 3507 proponit
1416 3486 1424 3495 .
1449 3454 1587 3495 Pastum
1603 3458 1651 3494 est
1662 3457 1705 3493 ad
1718 3456 1789 3492 lta-,e
1801 3455 1971 3492 silentium
1986 3478 1999 3498 ,
2023 3466 2077 3493 res
2094 3467 2171 3492 cum
2180 3452 2410 3491 Schismaticis

344 3517 426 3590 custo
440 3507 570 3565 ingenti
586 3505 782 3552 Religionis
797 3506 1026 3544 emolumento
1052 3507 1261 3555 composita,
1280 3509 1421 3545 &Rex
1451 3507 1581 3542 summo
1591 3502 1808 3544 acclamantis
1829 3503 1952 3552 populi
1962 3502 2078 3551 jubilo
2101 3503 2288 3544 diademate
2310 3502 2411 3551 regio

344 3567 404 3591 ant
433 3565 524 3593 nitus
540 3578 551 3590 .

351 3620 356 3626 ·
406 3567 431 3601 g
442 3604 587 3640 Gemuit
600 3605 737 3642 interim
750 3605 983 3641 smolenskum
995 3629 1006 3649 ‚
1035 3605 1219 3642 Lithuaniae
1228 3605 1318 3642 Urbs
1331 3630 1344 3650 ‚
1358 3607 1399 3642 ad
1412 3603 1639 3642 Botisthenem
1650 3601 1784 3646 fita‚sub
1797 3601 1945 3636 -saeviore
1959 3600 2135 3637 obsidione
2153 3601 2173 3636 ὁ,
2189 3599 2340 3638 Moschis
2361 3598 2407 3636 ad

306 3680 309 3682 -
343 3653 460 3702 plures
471 3652 544 3700 jam
557 3654 682 3691 menses
696 3653 866 3701 protrafta
878 3678 891 3699 ,
901 3665 1078 3702 eapropter
1091 3653 1201 3692 felicia
1216 3654 1407 3692 redditurus
1424 3653 1536 3700 Regni
1551 3651 1602 3689 sui
1615 3650 1802 3698 primordia
1819 3651 1895 3687 Rex
1905 3649 2084 3696 copiosum
2098 3648 2228 3685 instruit
2243 3650 2407 3692 militem,

342 3713 440 3750 que,
469 3704 626 3749 exemplo
641 3703 751 3748 Regis
771 3705 813 3740 ad
828 3714 978 3749 pugnam
995 3704 1136 3741 accenso
1149 3727 1160 3743 ‚
1178 3703 1405 3747 angustiatam
1419 3704 1546 3743 Urbem
1558 3725 1571 3745 ,
1589 3710 1711 3745 magna
1723 3699 1867 3735 hostium
1876 3698 2028 3745 justum,
2052 3697 2176 3745 majore
2193 3697 2324 3744 proprii
2346 3709 2410 3732 va-

340 3750 428 3787 loris
441 3750 572 3795 gloria,
595 3751 629 3786 8(
655 3752 810 3787 maximo
828 3752 940 3796 Regni
953 3752 1077 3789 decore
1092 3775 1104 3797 ,
1129 3752 1273 3790 feliciter
1298 3753 1463 3789 liberavit
1476 3774 1486 3785 .
1513 3753 1607 3788 lnter
1623 3746 1826 3796 applausus,
1846 3747 1972 3794 quibus
1986 3748 2114 3784 Redux
2142 3746 2381 3793 excipiebatur
2394 3767 2406 3786 ,

340 3798 399 3837 ille
411 3800 606 3846 cogitatum
620 3800 718 3837 suum
736 3800 780 3837 ad
794 3801 906 3839 Deum
920 3823 934 3846 ,
958 3802 979 3837 a
996 3813 1067 3850 quo
1081 3813 1184 3839 omne
1197 3802 1311 3839 datum
1324 3801 1494 3850 optimum
1509 3826 1520 3844 ,
1542 3799 1686 3835 &omne
1699 3799 1827 3836 donum
1842 3795 2030 3845 perstatim
2044 3796 2190 3841 originat
2202 3817 2215 3840 ,
2238 3800 2270 3833 ὃ(
2289 3792 2405 3878 {ug-de
