2638 4204
751 285 1164 376 AuHriaco
1195 320 1249 348 =
1274 275 1752 392 Hungarica.

238 418 395 486 Mariae
414 416 630 470 Therefiae
649 454 664 476 ‚
681 416 926 469 Comitiffae
939 416 994 465 de
1010 415 1230 465 Dietrich-

308 489 416 540 stein
453 489 542 541 ἃς.
566 486 869 541 Ὀοηςὶεηωω
894 484 1230 538 Hollobrunnae

300 558 647 629 ingrediendi,&
658 559 984 608 adOratorium
1001 554 1228 620 privatum

298 629 538 680 accedendi
554 631 778 678 licentiam
793 625 976 676 concedi
988 623 1227 681 ,comittit-

228 757 267 799 A
282 765 424 815 tergo:
458 753 610 801 Ditem
634 753 735 796 Pilio
759 750 899 806 nostro,
913 749 1074 808 {Jaefipho
1093 749 1226 790 Domi-

282 816 527 867 nico‚S·R.E.
546 811 763 864 Presbytero
779 809 980 851 cardinale
992 808 1036 848 de
1053 809 1168 848 Lam-

345 874 440 928 berg
460 876 674 924 nuncupato
687 892 702 915 ‚
717 865 886 920 Ecclest'ae
901 864 1108 923 Paffavien.

410 944 459 974 cx
481 925 692 984 concesp'one
712 924 761 971 δ’
774 923 1050 979 ἅίΙρι-ηχὴιὶοησ

511 983 724 1041 qustolica
754 979 913 1038 Praesteli
927 1008 939 1021 .

233 1098 799 1159 BENEDICTUS
836 1098 1041 1147 PAPA
1076 1095 1218 1145 XIV.

261 1230 411 1276 Dileete
426 1229 508 1275 Fili
522 1226 659 1285 Noster
659 1225 833 1285 filatem
844 1252 857 1275 ‚
875 1224 928 1275 ὠ·
943 1219 1194 1281 Apostoti'cam

304 1287 306 1290 ⁸
424 1295 427 1297 ’
569 1284 881 1331 Bene-diffluum.

329 1406 461 1461 Xponi
480 1404 608 1447 Nobis
621 1415 751 1457 nuper
764 1396 859 1443 fecit
876 1397 1027 1442 Diieaa
1044 1399 1081 1441 in
1095 1395 1215 1440 Chri-

355 1467 412 1507 sto
428 1464 524 1506 Filia
540 1490 554 1514 ,
570 1463 694 1504 Maria
711 1458 893 1502 Theresia
907 1487 920 1509 ‚
942 1454 1145 1500 Comitiffa
1160 1454 1213 1496 de

2063 278 2228 379 269

1287 410 1508 453 nostrarum
1529 408 1753 446 litterarum
1772 396 1900 441 forma
1928 401 1965 441 &
1991 399 2249 454 dispositione
2264 434 2279 456 ,

1289 467 1496 510 licentiam
1513 461 1763 505 Austoritate
1776 457 1907 499 nostra
1923 462 2159 511 Apostolica
2183 475 2279 503 con-

1288 525 1433 574 cedas,
1463 524 1500 563 &
1526 520 1752 573 indulgeas:
1785 518 2119 561 nonobstantibus
2149 520 2278 562 nostra

1287 579 1470 638 praedichi
1483 607 1496 628 ‚
1526 577 1687 632 aliisque
1705 572 2048 619 constitutionibus
2064 581 2103 619 &
2116 578 2281 620 ordina-

1287 641 1460 682 tionibus
1481 635 1744 689 apostolicis,
1770 644 1844 672 nec
1869 645 1953 673 non
1968 635 2209 678 Conventfis
2234 638 2276 681 δε

1285 697 1449 738 Ordinis
1466 692 1721 750 praefatorum
1735 717 1749 739 ,
1780 691 1901 731 etiam
1918 690 2142 743 juramento
2155 722 2167 745 ,
2181 706 2279 736 con-

1282 753 1506 796 firmatione
1528 749 1757 805 Apostolica
1771 776 1786 798 ‚
1821 748 1883 789 vel
1905 752 2040 803 quavis
2056 752 2133 793 alia
2150 752 2278 795 firmi-

1280 814 1424 854 mitate
1455 809 1652 851 roboratis
1677 806 1834 849 statutis
1860 831 1874 853 a
1907 807 1945 846 St
1978 808 2278 852 consuetudini-

1278 872 1379 916 bus,
1409 865 1631 922 privilegiis
1656 877 1852 920 quoque,
1883 863 2074 917 indultis,
2101 870 2139 909 δε
2159 869 2274 910 litte·

1281 930 1335 972 ris
1353 925 1594 982 Apostolicis
1619 925 1658 965 in
1677 923 1922 964 contrarium
1949 926 2270 976 praemifl’orum„

1277 983 1586 1044 quomodolibet
1601 978 1821 1031 contestis,
1849 981 2092 1025 confirmatis
2109 1010 2124 1032 ‚
2155 984 2195 1023 δι
2213 984 2277 1026 in-

1277 1043 1431 1089 novatis
1444 1070 1455 1081 -
1486 1040 1646 1099 Qibus
1659 1038 1844 1082 omnibus
1857 1038 1894 1079 δι
1916 1036 2091 1094 singulis,
2103 1038 2276 1082 ‘illorum

1279 1115 1440 1147 tenores
1454 1099 1708 1157 praesentibus
1737 1111 1812 1152 pro
1836 1097 1952 1151 plene
1975 1095 2277 1140 &sufficienter

1279 1160 1462 1217 expreffis
1474 1185 1488 1208 ‚
1510 1172 1556 1201 ac
1570 1158 1624 1200 de
1638 1158 1767 1200 verbo
1780 1155 1830 1198 ad
1846 1157 2015 1198 verbum
2032 1155 2188 1198 insertis
2207 1156 2276 1198 ha-

1282 1225 1446 1269 bentes,
1477 1216 1556 1260 illis
1568 1216 1666 1261 alias
1684 1214 1720 1257 in
1735 1213 1803 1257 suo
1819 1215 1968 1258 robore
1987 1214 2273 1270 perman-suris,

1279 1279 1328 1322 ad
1343 1273 1624 1334 praemifforum
1648 1272 1828 1316 effectum
1855 1272 1927 1316 lta-c
1948 1273 2035 1315 vice
2050 1273 2277 1323 duntaxat,

1277 1335 1503 1392 specialiter
1527 1335 1568 1374 δι
1593 1331 1777 1388 expresse
1798 1331 2063 1386 derogamus,
2089 1329 2278 1374 coeteris-

1276 1410 1353 1452 que
1368 1392 1583 1436 contrariis
1597 1391 1914 1447 quibuscumque
1930 1419 1941 1431 .

1334 1456 1480 1495 Datum
1496 1453 1638 1493 Romae
1662 1448 1767 1505 apud
1792 1453 1972 1493 Sanctam
1991 1446 2158 1491 Mariam
2185 1449 2275 1490 Ma-

227 1522 514 1569 Dietrichstein
529 1549 541 1571 ,
555 1529 647 1561 nata
662 1515 868 1562 Comitiffi
882 1516 933 1558 de
948 1516 1100 1559 Althan
1113 1544 1126 1567 ‚
1142 1514 1215 1556 Di·
1272 1512 1399 1570 iorem
1425 1510 1493 1554 fub
1511 1509 1673 1552 Annulo
1689 1507 1906 1551 Piscatoris:
1929 1508 1995 1547 die
2012 1520 2084 1547 xxi
2102 1505 2275 1560 11.Julii

229 1583 321 1627 lecti
354 1582 439 1625 Filii
469 1577 651 1620 moderni
666 1577 838 1621 Comitis
864 1573 919 1617 de
934 1571 1214 1617 Dietrichstein
1234 1601 1235 1604 η
1273 1582 1490 1614 nocent·
1508 1565 1770 1612 Pontificatfis
1786 1566 1903 1608 nostri
1919 1578 2026 1606 anno
2040 1566 2153 1621 quint
2163 1579 2216 1606 o.

228 1646 370 1690 Uxor,
401 1636 508 1694 quod
533 1636 727 1679 Mulieres
741 1644 824 1676 tam
841 1647 891 1674 ex
906 1632 1128 1689 hujusmodi
1145 1634 1216 1675 Fa-

230 1700 337 1742 milia
352 1707 448 1739 ortae
463 1723 477 1746 ,
509 1696 627 1749 quam
642 1694 725 1735 aliae
741 1694 781 1733 in
797 1691 943 1733 eadem
956 1688 1218 1734 Matrimonio

227 1757 439 1813 conjunctae
453 1782 467 1803 ‚
480 1763 661 1806 tanquam
692 1764 749 1795 ex
769 1748 930 1792 Familia
946 1749 1216 1792 Fundatorum

226 1810 466 1860 Conventus
496 1809 756 1854 Hollobrunae
782 1818 980 1862 nuncupat
1009 1837 1019 1848 .
1054 1805 1217 1849 Ordinis

226 1875 303 1917 FF.
324 1876 364 1915 M
371 1873 523 1912 inorum
540 1872 577 1910 S.
593 1866 786 1910 francisci
800 1869 1100 1921 Capucinorum
1114 1878 1213 1906 nun-

224 1940 477 1987 eupatorum‚
491 1923 704 1970 Paffavien.
725 1925 855 1968 Dioec.
865 1925 1022 1980 habite
1037 1922 1215 1972 suerunt,

225 1991 265 2031 &
285 1987 478 2031 facultate
502 1983 727 2027 transeundi
744 1997 812 2039 per
825 1983 1034 2039 quamdam
1049 1986 1221 2040 Januam..

225 2047 323 2091 dicti
339 2042 602 2093 Conventus,
634 2044 672 2083 St.
698 2042 915 2084 accedendi
942 2042 1017 2084 uni
1046 2054 1133 2082 cum
1149 2053 1215 2085 ea-

227 2118 315 2148 rum
332 2103 527 2145 comitatu
542 2109 627 2143 tum
645 2100 838 2143 Virorum
852 2128 866 2150 ,
899 2109 984 2141 tum
1003 2099 1218 2141 Mulierum

226 2163 276 2206 ad
300 2159 502 2218 quoddam
523 2159 723 2215 privatum
740 2158 973 2200 Oratorium
1002 2157 1094 2199 d'ifti
1110 2162 1222 2199 Con·

225 2217 367 2264 ventiis
382 2248 396 2271 ‚
427 2231 496 2273 per
511 2215 620 2272 quod
636 2214 858 2272 prosper-‘tus
886 2216 1002 2259 datur
1017 2215 1124 2257 illius
1142 2217 1219 2257 Ec-

225 2279 347 2324 cleliae
361 2307 375 2329 ‚
388 2278 437 2320 ad
453 2273 631 2319 effectum
647 2303 661 2325 ‚
690 2284 732 2316 ut
749 2288 798 2317 ex
812 2274 885 2316 illo
901 2273 1221 2317 (acroi-‘anetum

225 2335 342 2382 Miffae
357 2331 599 2379 Sacrificium
614 2330 741 2374 audiri
759 2332 871 2386 poffit
885 2362 901 2384 ,
912 2342 1057 2388 utpote
1074 2331 1216 2375 Eccle-

224 2397 275 2439 ssa
290 2408 409 2451 parva
421 2394 460 2434 δι
475 2390 634 2446 angusta
647 2390 777 2432 existit
792 2418 805 2441 ,
839 2392 879 2432 &
896 2391 1062 2447 populus
1077 2405 1222 2446 magno

227 2451 418 2498 concursu
432 2449 481 2491 ad
496 2450 606 2492 illam
620 2449 811 2491 accedere
828 2448 927 2492 solet
942 2463 961 2501 ,’
985 2450 1122 2505 gavisa!
1137 2449 1218 2492 fue-

226 2520 347 2561 runt,
378 2511 505 2553 donec
523 2507 701 2563 quaedam
730 2507 865 2550 nostrae
891 2509 928 2549 in
955 2507 1065 2551 fimil'i
1092 2507 1220 2551 forma

225 2570 363 2613 Brevis
383 2564 577 2620 expeditae
609 2566 749 2608 litterae
773 2567 887 2622 super
912 2566 1086 2610 chasma
1117 2581 1219 2622 quo·

226 2638 475 2681 rumcunqtte
497 2623 823 2668 monasteriorum
862 2625 1057 2667 Virorum
1086 2628 1217 2681 Regu·

227 2687 369 2729 larium
394 2683 460 2727 die
484 2683 603 2725 tertia
617 2683 787 2737 Januarii
811 2695 926 2736 1742.
951 2696 1154 2735 emanatae‚
1167 2682 1222 2726 ad

227 2756 365 2786 earum
391 2741 572 2782 notitiam
600 2741 852 2782 devenerunt
880 2770 893 2791 ,
924 2753 1091 2797 propter
1125 2756 1218 2798 quas

229 2797 454 2855 hujusmodi
477 2796 664 2853 ingressus
689 2796 923 2841 mulieribus
940 2799 1087 2842 vetitus
1113 2799 1189 2840 fuit
1204 2826 1219 2848 ‚

231 2858 360 2902 Nobis
381 2865 596 2912 propterea
620 2853 722 2896 dieta
741 2853 865 2897 Maria
882 2856 1066 2898 Therelia
1081 2857 1204 2898 Comi

229 2913 315 2959 tiffa
330 2912 541 2970 supplicari
557 2910 653 2955 fecit
671 2911 877 2956 humiliter
890 2941 904 2964 ‚
926 2921 969 2954 ut
987 2913 1054 2955 fibi
1069 2914 1106 2954 in
1121 2928 1223 2966 prae-

227 2972 346 3022 miffis
375 2971 602 3028 opportune
628 2969 841 3023 providere
860 2998 873 3021 ,
903 2971 942 3012 &
965 2998 979 3020 ,
1021 2980 1066 3013 ut
1092 2970 1221 3022 iufra,

229 3031 441 3087 indulgere
467 3031 519 3074 de
544 3029 792 3083 benignitate
820 3027 1052 3083 Apostolica
1079 3030 1221 3083 digna-

230 3102 383 3133 remus.
417 3092 503 3133 Nos
528 3089 647 3144 igitur
663 3087 783 3143 ipsam
806 3087 973 3130 Mariam
991 3087 1218 3130 Theresiam

230 3147 463 3202 specialibus
487 3147 689 3189 favoribus
712 3146 750 3186 &
775 3145 912 3199 gratiis
936 3145 1121 3203 prose:qui
1149 3160 1220 3186 vo-

230 3206 362 3255 lentes
374 3232 388 3254 ,
410 3208 450 3247 δι
465 3207 488 3250 ὲ
500 3204 697 3260 quibusvis
711 3204 1137 3247 excemmunicationis
1150 3205 1227 3246 &c.

230 3262 450 3307 absolutam
463 3261 551 3306 fore
561 3261 1132 3316 censentes2supplicationibus
1144 3262 1227 3318 ejus

233 3323 394 3365 nomine
420 3322 545 3364 Nobis
571 3320 687 3376 super
713 3321 787 3361 hoc
805 3320 1010 3362 humiliter
1038 3322 1228 3375 porrectis

234 3379 450 3431 inclinati,
479 3377 941 3433 Circumspectioni‘l'uae
964 3391 1037 3432 per
1063 3377 1223 3433 praesen·

235 3446 294 3479 tes
306 3439 598 3480 committimus
613 3438 650 3478 &
667 3435 898 3478 mandamus
911 3465 927 3487 ,
960 3446 1006 3477 ut
1030 3437 1131 3479 veris
1146 3437 1227 3479 exi·

235 3494 426 3537 stentibus
445 3496 616 3538 narratis
633 3495 714 3545 ‚&,
735 3494 936 3549 postquam
958 3493 1048 3536 Tibi
1074 3494 1126 3537 de
1142 3494 1227 3537 fun·

237 3552 400 3594 datione
415 3552 640 3608 hujusmodi
657 3552 881 3595 constiterit
895 3581 909 3603 ,
938 3552 1069 3595 eidem
1093 3554 1231 3595 Mariae

238 3609 435 3653 Therefiae
457 3608 694 3658 Comitiffae‚
726 3618 770 3652 ut
785 3638 799 3661 ,
817 3609 897 3665 ipsa
916 3608 997 3652 viti
1021 3609 1084 3652 sua
1106 3609 1231 3653 natali

236 3668 404 3710 durante
423 3696 439 3716 ,
455 3668 714 3719 supradioum
744 3671 1002 3712 Conventum
1018 3697 1033 3718 ,
1063 3668 1111 3711 ad
1137 3682 1236 3723 prae-

236 3723 390 3769 missum
406 3724 585 3766 effectum
601 3726 799 3768 duntaxat
814 3756 830 3777 ‚
857 3727 1021 3770 servatis
1044 3725 1139 3767 alias
1154 3728 1235 3769 ser-

238 3782 376 3826 vandis
390 3810 403 3832 ,
436 3782 589 3837 ingredi
610 3782 732 3825 libere
747 3812 762 3835 ‚
787 3784 953 3829 &licite
976 3783 1089 3840 poffit
1103 3786 1143 3825 &
1159 3798 1230 3827 va·

238 3843 348 3894 leat,
378 3838 533 3884 servata
547 3849 681 3882 tamen
709 3842 747 3884 in
762 3842 923 3899 reliquis
946 3841 1228 3900 praefatarum⁴

1699 1658 1749 1697 D·
1770 1652 2136 1698 Card..Paffioneus
2150 1677 2165 1691 .

1333 1750 1455 1791 Breve
1459 1744 1685 1804 firmatum
1700 1747 1742 1787 in
1756 1757 1873 1786 manu
1893 1746 1943 1784 D.
1961 1743 2106 1787 Comici
2137 1755 2195 1784 ι.

1277 1865 1596 1918 Assistentibus
1622 1862 1817 1913 orationi
1838 1879 1920 1924 40.
1941 1863 2102 1910 harum
2122 1862 2166 1909 in
2190 1863 2269 1908 Ec-

1340 1933 1686 1985 clefiaFratrum
1697 1935 1896 1988 Viennae,
1910 1930 1956 1981 8(
1967 1930 2276 1992 Apostolicam

1343 2005 1710 2056 Benedifflonem
1737 2001 2104 2068 &indulgentias
2131 2001 2277 2066 plena-

1347 2077 1433 2126 rias
1448 2093 1531 2142 pro
1548 2075 1620 2125 die
1635 2075 1854 2143 proximae
1874 2072 2177 2123 Coxhunionis
2191 2070 2275 2118 lar-

1346 2147 1492 2216 gitur.

1350 2243 1353 2246 >
1592 2215 1830 2280 Becmffime
1846 2213 1974 2263 Pater
1986 2246 2006 2260 2

1414 2283 1611 2328 Ccafione
1629 2285 1823 2327 Exercitii
1837 2294 1905 2336 40.
1923 2282 2140 2330 horarum,
2165 2276 2274 2335 quod

1435 2344 1602 2386 Vieunae
1619 2343 1786 2389 Austriae
1813 2342 1850 2382 in
1870 2338 2042 2382 Ecclesia
2074 2340 2275 2381 Panum„

1280 2404 1586 2454 Capucinorum
1606 2403 1644 2443 in
1675 2400 1775 2443 festo
1794 2398 2027 2442 Nativitatis
2044 2395 2208 2438 Domini
2234 2396 2275 2435 &

1281 2464 1407 2503 Saneti
1424 2462 1613 2516 stephani
1634 2457 1963 2504 Proto—Martiris
1977 2482 1991 2504 ‚
2007 2455 2114 2497 Anni
2134 2453 2276 2508 elapfi:

1279 2521 1340 2561 vel
1353 2521 1565 2562 Dominica
1580 2519 1647 2560 die
1664 2517 1894 2561 Palmarum
1918 2517 2090 2557 &Lunae
2107 2511 2276 2567 sequen-

1278 2580 1328 2620 tis
1345 2580 1464 2621 Anno
1495 2587 1687 2620 currente
1712 2576 1824 2632 juxta
1844 2587 1995 2616 morem
2020 2571 2279 2614 celebratum.

1277 2636 1333 2679 est
1349 2667 1363 2687 ‚
1394 2637 1605 2678 astiterunt
1620 2635 1854 2677 alternatim
1882 2647 1957 2687 per
1973 2630 2140 2685 lingulas
2173 2631 2276 2670 inten

1279 2709 1366 2749 gras
1393 2696 1506 2736 horas
1535 2693 1689 2746 fingulae
1706 2692 1883 2733 Persona
1909 2690 2094 2744 supremae
2111 2688 2273 2730 Nobili-

1279 2753 1372 2794 tatis
1387 2777 1401 2799 2
1421 2766 1503 2807 quae
1519 2751 1556 2791 in
1572 2763 1726 2793 annexa
1744 2748 1884 2790 charta
1901 2756 2046 2787 notatae
2062 2746 2272 2800 leguntur,

1278 2810 1526 2864 &praecipue
1546 2812 1673 2850 Sacrae
1691 2806 1871 2848 Caesareae
1899 2803 2124 2858 Maiestates
2143 2831 2157 2854 ‚
2188 2806 2291 2844 Au-.

1280 2867 1512 2922 gustiffimus
1541 2869 1769 2918 Imperator
1785 2891 1799 2914 ‚
1829 2863 1867 2915 ὃς
1888 2862 2162 2915 Imperatr-ix,
2192 2861 2274 2903 una.

1278 2937 1369 2967 cum
1387 2922 1708 2966 Eminentiffimo
1725 2950 1740 2973 ,
1770 2935 1814 2962 ac
1825 2919 2047 2964 Celfiffimo
2063 2916 2276 2962 Cardinali

1281 2982 1457 3023 Domino
1489 2980 1666 3022 Domino
1692 2978 1942 3036 Sigismundo
1968 2982 2008 3020 S.
2028 2980 2151 3020 Rom·
2170 2979 2277 3031 Imp-,-

1280 3039 1464 3094 Principe
1487 3039 1507 3080 ὲ
1524 3038 1744 3085 Kolonitz,
1777 3035 2126 3092 Archi-Episcopo
2144 3036 2273 3078 Vien-

1277 3098 1399 3144 nensi,
1413 3099 1450 3139 δε
1465 3097 1672 3141 Comitatu
1688 3095 1851 3148 Amico,
1865 3096 2104 3138 excubantes
2117 3094 2154 3135 in
2167 3095 2275 3135 Oca-

1286 3156 1397 3198 tione
1420 3169 1554 3197 coram
1586 3153 1835 3196 Diviniffimo
1857 3157 2138 3196 Sacramento.
2169 3154 2274 3206 Quae

1286 3228 1424 3256 omnes
1451 3216 1490 3255 &
1512 3213 1663 3268 lingulae
1686 3212 2092 3268 ard-*complementum
2109 3209 2278 3264 propriae

1286 3272 1511 3316 devotionis
1524 3273 1564 3312 δι
1579 3272 1711 3313 meriti
1724 3301 1736 3320 ,
1756 3283 1827 3312 nec
1842 3268 2163 3323 non-Spiritualis
2184 3267 2281 3308 Ani-

1286 3344 1439 3372 marum
1451 3328 1613 3373 suarum
1629 3326 1823 3383 profenfis
1838 3325 2109 3382 Apostolicam
2123 3324 2275 3368 saneti-

1287 3390 1380 3430 tatis
1398 3389 1546 3430 Vestrae
1562 3386 1888 3429 Benedictionem
1900 3411 1914 3432 a
1945 3385 1985 3426 δι
2000 3383 2278 3435 indulgentias

1286 3446 1480 3503 plenarias
1503 3447 1552 3488 ad
1582 3446 1690 3489 diem
1708 3446 1897 3500 proximae
1925 3447 2055 3485 Sacrae
2079 3443 2280 3483 Commu-

1289 3505 1418 3547 nionis
1435 3504 1643 3547 humiliter
1660 3503 1901 3559 implorant.

1348 3562 1451 3605 Huic
1474 3564 1606 3620 itaque
1633 3559 1910 3615 supplicationi
1934 3556 2087 3612 semper
2113 3553 2281 3599 subscri·

1293 3620 1428 3664 bitur·
1453 3622 1533 3664 Die
1615 3617 1768 3663 Mensis
1939 3618 2061 3659 Anno

1318 3732 1322 3736 '
1407 3725 1665 3784 Sanfftffimus
1679 3725 1847 3773 annuit,
1875 3735 1921 3766 uc
1928 3726 2107 3777 petitur.

1855 3831 1982 3881 Card.
1998 3827 2064 3879 N.
2082 3826 2148 3876 N.

2100 3893 2230 3936 PRO·
