2658 4256
980 217 1565 306 Helveticae.

253 349 312 394 vel
330 343 609 394 mutilatioffel
625 346 766 389 fractio
780 347 975 399 offium‚in
993 350 1143 393 cafibus
1159 361 1247 393 tan-

248 409 332 451 nim
354 404 524 447 occultis
541 431 553 454 ,
576 406 709 448 secuta*
725 417 855 448 tamen
872 409 996 460 partis
1011 407 1246 451 satisfactio-

245 479 298 510 ne
310 477 402 506 cum
417 463 663 518 obligatione
678 464 842 520 parendi
856 466 1059 508 sententiae
1070 496 1086 516 ,
1117 469 1251 511 five...

245 522 487 566 ordinationi
508 522 713 565 Ordinarii
731 523 839 575 loci,
869 523 935 564 ubi
950 533 1153 578 patratum
1167 524 1248 565 fue·

242 582 298 624 rit
313 580 502 623 delictum
516 608 530 632 ‚
549 580 621 625 sub
632 595 752 638 poena
766 581 1018 625 reincidendi
1030 581 1069 623 in
1087 581 1246 623 easdem

240 639 430 683 censuras
444 668 458 685 ,

299 699 352 740 V.
384 697 638 754 celebrandi
653 696 803 739 Miflam
817 711 1058 753 quocunque
1073 698 1164 741 loco
1177 696 1249 738 de-

240 756 344 799 centi
365 756 440 799 una
458 758 558 801 hora
573 767 663 800 ante
677 769 866 797 auroram
878 784 895 805 ,
918 757 956 796 &
972 756 1052 799 alia
1066 757 1151 812 post
1167 768 1247 798 me-

238 815 413 866 ridiem,
441 818 481 857 &
503 815 621 870 super
636 813 771 856 Altare
784 813 973 867 portatile
991 815 1030 855 in
1055 814 1143 856 casu
1169 827 1240 855 ne-

238 874 423 915 celsitatis
453 872 610 915 tantum
622 897 636 920 ,
665 872 704 912 &
733 869 986 925 praesentibus
1014 871 1210 915 haereticis
1225 899 1240 921 ,

236 930 403 986 aliisque
426 929 810 977 excommunicatis,
837 928 860 969 fi
886 929 1010 970 aliter
1034 930 1239 972 celebrari

237 1004 318 1033 non
346 987 486 1042 possit,
516 990 557 1028 δι
587 1000 665 1029 non
694 983 740 1026 fit
771 986 999 1040 periculum
1011 987 1240 1041 sacrilegii,

234 1045 453 1090 dummodo
469 1044 683 1087 inserviens
709 1041 828 1088 Miffae
853 1057 934 1087 non
949 1044 993 1086 fit
1009 1045 1240 1094 haereticus,

233 1102 298 1146 vel
322 1104 688 1145 excommunicatus
703 1132 715 1143 .

291 1161 368 1202 v1.
399 1161 660 1217 Dispenfimdi
673 1163 710 1204 δε
724 1161 1003 1204 commutandi
1018 1162 1154 1204 omnia
1169 1175 1243 1203 vo-

231 1230 273 1262 ta
295 1219 487 1276 fimplicia
503 1221 545 1263 in
564 1219 640 1264 alia
658 1221 720 1276 pia
737 1234 863 1275 opera
882 1248 897 1273 ,
928 1221 1107 1276 exceptis
1123 1221 1241 1264 Votis

232 1278 443 1322 Castitatis
457 1307 471 1329 ‚
499 1281 540 1320 ἃ.
554 1279 775 1346 Religionis
790 1308 801 1320 .

291 1337 388 1379 Vn.
422 1335 682 1393 Dispensandi
694 1347 741 1379 sin
755 1335 846 1379 foro
861 1337 1110 1380 conscientiae
1125 1335 1243 1392 super

231 1396 531 1448 irregularitate
545 1408 624 1437 non
637 1391 835 1450 perpetua
847 1422 862 1444 ‚
875 1397 912 1436 &
926 1409 974 1437 ex
988 1395 1135 1438 delicto
1153 1407 1242 1437 tan-

232 1453 318 1494 tum
332 1455 623 1507 proveniente,
650 1455 782 1496 &non
801 1453 978 1497 deducto
1000 1455 1050 1496 ad
1073 1452 1240 1498 forum.»

231 1510 525 1554 contentiosum
538 1539 553 1562 ‚
583 1526 660 1555 non
693 1522 826 1555 tamen
854 1526 904 1554 ex
934 1511 1154 1556 homicidio
1170 1526 1241 1554 vo·

231 1569 437 1621 luntario,
462 1581 531 1613 aut
553 1572 723 1669 bissamia
737 1600 752 1621 ,
784 1572 824 1612 &
842 1571 971 1612 haerefi
984 1599 997 1610 .

291 1628 410 1669 vm.
443 1629 587 1683 Disperi
609 1629 698 1670 andi
714 1630 755 1670 in
768 1630 918 1671 cafibus
935 1629 1089 1672 tannim
1103 1625 1240 1668 occul·

229 1685 283 1726 tis
297 1698 390 1726 cum
405 1686 462 1727 eis
474 1714 489 1738 ,
509 1689 576 1742 qui
591 1686 652 1742 jus
669 1686 834 1740 petendi
850 1686 1035 1727 debiturn
1049 1683 1241 1739 conjuga-

230 1743 274 1785 le
297 1741 510 1786 amistrunt
533 1746 585 1786 ob
600 1742 830 1785 affinitatem
863 1742 1241 1797 supervenientem,

230 1815 325 1843 eum
340 1803 452 1856 gravi
467 1802 714 1858 poenitentia
728 1800 922 1852 salutari,
947 1799 1108 1844 remota*
1120 1815 1241 1844 occa-

229 1859 339 1904 fione
363 1860 555 1915 peccandi
581 1874 674 1903 cum
701 1861 875 1912 Uxoris,
905 1859 971 1903 seu
988 1859 1126 1902 Mariti
1144 1874 1243 1903 con-

230 1918 437 1973 sanguinea
451 1946 466 1970 ,
492 1918 560 1962 seu
578 1918 875 1974 consanguineo
889 1948 906 1970 ‚
931 1919 1153 1963 dummodo
1170 1933 1240 1961 ne-

229 1985 354 2033 queat
377 1980 430 2021 ob
460 1977 680 2033 periculum
697 1976 976 2022 scandalorum
993 1977 1165 2022 scribi&
1182 1992 1254 2021 ex-

229 2034 400 2091 speRari
413 2038 434 2078 ἑ
451 2039 490 2079 5.
506 2038 750 2080 Nuntiatura
765 2037 1020 2092 dispensatio·

290 2095 367 2136 lx.
400 2096 504 2136 Item
523 2094 774 2149 dispensandi
807 2097 922 2151 super
951 2095 1253 2152 impedimento

232 2152 401 2196 ‘occulto
415 2153 619 2196 affinitatis
633 2166 682 2195 ex
695 2153 840 2209 copula
858 2153 1004 2197 illicita
1022 2154 1061 2196 in
1076 2156 1210 2210 primo
1234 2183 1251 2206 ‚

231 2209 301 2252 vel
315 2212 446 2265 primo
460 2214 500 2255 δι
512 2212 686 2254 secundo
699 2216 850 2268 gradu,
862 2206 1025 2268 qua‘ndo
1041 2214 1175 2267 agitur
1192 2212 1250 2254 de

231 2269 496 2313 Matrimonio
509 2271 592 2326 jam
606 2272 814 2313 contracto
826 2298 842 2321 ‚
868 2285 960 2312 cum
978 2272 1089 2326 gravi
1110 2270 1248 2325 poeni-

231 2328 364 2369 tentia
380 2327 541 2371 salutari
556 2358 573 2379 ,
601 2330 639 2370 δι
654 2325 812 2372 remota
825 2329 1032 2373 occatione
1049 2328 1246 2384 peccandi

232 2399 326 2428 eum
344 2386 636 2443 consanguinea
650 2416 665 2438 ,
686 2386 755 2430 seu
772 2388 1071 2444 consanguineo
1098 2397 1246 2444 putatae

233 2446 300 2488 seu
321 2446 452 2500 putati
473 2444 672 2503 Coniugis
687 2475 702 2500 ,
731 2461 823 2490 cum
840 2460 943 2503 qua2·
965 2446 1029 2490 seu
1053 2460 1144 2490 cum
1164 2460 1249 2504 quo

1307 358 1402 388 ante
1416 342 1714 388 Matrimonium
1730 350 1989 398 peccaverat,
2004 356 2200 387 renovato
2213 363 2309 392 con.

1305 405 1429 455 sensu,
1445 405 1502 446 ita
1515 403 1632 446 caute
1646 430 1661 453 ‚
1676 411 1719 443 ut
1732 414 1807 443 reae
1820 429 1833 452 ‚
1850 402 1914 446 {eu
1932 405 1990 446 rei
2006 401 2196 448 delictum
2210 419 2310 448 nun-

1310 477 1432 519 quam
1446 463 1658 517 detegatur
1672 486 1687 509 ‚
1708 458 1932 504 dummodo
1946 471 2121 517 nequeat
2134 463 2187 504 ob
2201 466 2311 515 peri-

1311 522 1446 564 culum
1460 518 1737 563 scandalorum
1751 515 1896 569 scribi,
1919 522 1959 563 ὃς
1972 520 2186 576 exspectari
2202 520 2224 560 a
2241 524 2310 563 Sa-

1305 594 1374 622 cra
1392 579 1636 621 Nuntiatura
1657 574 1893 631 dispensatio
1906 606 1917 618 .

1362 638 1414 677 X.
1448 633 1707 691 Dispensandi
1729 647 1820 676 cum
1837 636 2050 679 conver-fis
2065 637 2114 681 ad
2134 634 2255 678 fidem
2271 638 2310 679 in

1306 695 1430 736 tertio
1444 695 1484 734 δε
1498 704 1644 749 quarto
1658 691 2010 746 consanguinitatis
2025 724 2040 746 ,
2057 696 2122 738 vel
2140 694 2312 738 affinita-

1305 754 1354 794 tis
1374 751 1499 806 gradu
1515 751 1680 806 fimplici
1693 779 1705 803 ,
1734 752 1774 792 &
1792 753 1915 792 mixto
1929 753 2058 808 quoad
2073 755 2311 809 praeterita-

1303 809 1556 852 matrimonia
1573 838 1587 859 ‚
1616 810 1709 850 &in
1725 808 1918 864 praedictis
1936 810 2083 854 cafibus
2116 811 2311 867 prolema

1300 868 1519 921 susceptam
1535 866 1757 921 legitimam
1772 866 2027 910 declarandi.

1358 928 1435 967 XI.
1461 926 1567 966 Item
1582 924 1829 979 dispensandi
1845 939 1936 968 cum
1951 925 2091 967 iisdem
2107 929 2221 982 super
2233 927 2313 968 im-

1299 984 1534 1039 pedimento
1546 983 1726 1028 criminis
1737 1013 1754 1035 ,
1777 993 1926 1027 neutro
1942 994 2078 1027 tamen
2094 986 2312 1042 conjugum

1301 1042 1558 1085 machinante
1571 1070 1584 1084 .

1360 1102 1456 1141 XII.
1490 1098 1751 1153 Dispensandi
1774 1114 1866 1143 cum
1890 1100 2031 1144 iisdem
2049 1102 2169 1156 {uper
2187 1101 2315 1156 impe-

1302 1157 1486 1200 dimento
1511 1158 1680 1212 publicae
1697 1160 1915 1203 honestatis
1939 1160 2098 1218 justitiae
2115 1174 2166 1202 ex
2182 1162 2315 1215 Spond

1302 1215 1449 1258 salibus
1466 1217 1731 1269 proveniente
1743 1248 1756 1259 -

1363 1276 1484 1317 Xlll.
1518 1277 1622 1317 Item
1638 1275 1887 1332 dispensandi
1905 1291 1997 1320 cum
2016 1276 2156 1320 iisdem
2182 1277 2222 1320 in
2240 1274 2317 1316 im-'

1303 1333 1540 1389 pedimento
1570 1336 1839 1390 cognationis
1870 1334 2083 1391 spiritualis
2103 1364 2118 1389 ‚
2148 1343 2316 1393 praeter-

1302 1406 1421 1448 quam
1440 1392 1550 1434 inter
1566 1392 1770 1437 levantem
1784 1394 2014 1438 &levatum
2028 1423 2041 1435 .

1362 1453 1480 1493 XIV.
1511 1453 1584 1493 Hae
1602 1453 1700 1494 vero
1715 1453 2033 1495 Matrimoniales
2053 1450 2313 1505 dispensatio·

1302 1522 1375 1551 nes
1387 1538 1404 1560 ,
1432 1508 1626 1551 videlicet
1643 1511 1696 1550 X.
1712 1511 1791 1551 XI.
1808 1512 1905 1551 ΧΠ.
1919 1512 1956 1551 &
1974 1511 2096 1551 xm.
2112 1522 2192 1550 non
2216 1514 2319 1548 con-'

1303 1566 1508 1608 ceduntur
1519 1591 1533 1612 ,
1547 1564 1617 1606 nifi
1631 1565 1687 1607 de
1703 1566 1895 1609 consensu
1910 1566 2202 1623 Epistoporum
2218 1593 2232 1616 ,
2245 1565 2316 1608 ubi

1302 1631 1424 1666 erunt
1441 1650 1456 1673 ,
1486 1624 1525 1664 ἃ
1555 1636 1650 1665 cum
1675 1623 1881 1677 clausula,
1911 1625 2136 1668 dummodo
2161 1625 2315 1667 Mulier

1299 1691 1418 1737 rapta
1431 1693 1513 1722 non
1527 1679 1651 1726 fuerit
1665 1710 1683 1735 2
1693 1683 1784 1735 vel,
1799 1683 1824 1726 fi
1843 1695 1953 1741 rapta
1965 1682 2086 1728 fucrit
2096 1715 2110 1739 ‚
2146 1685 2185 1726 in
2201 1691 2320 1738 pote-

1300 1741 1400 1784 state
1418 1741 1594 1794 raptoris
1609 1755 1689 1782 non
1704 1742 1843 1786 existat
1859 1769 1873 1790 a
1902 1743 1994 1789 &in
2012 1741 2316 1799 dispensationi-

1300 1800 1375 1842 bus
1407 1797 1642 1854 hujusmodi
1662 1798 1900 1845 facultatum
1933 1813 2055 1846 tenor
2085 1801 2285 1845 inseratur
2302 1828 2320 1850 ,

1302 1872 1396 1904 cum
1419 1859 1669 1958 eapofitione
1693 1864 1885 1917 temporis
1903 1891 1917 1914 ‚
1942 1860 1992 1906 ad
2021 1859 2134 1916 quod
2151 1859 2319 1903 fuerunt

1311 1931 1440 1962 conce
1473 1931 1503 1959 a:
1516 1947 1528 1959 .
1561 1919 1607 1959 In
1642 1932 1810 1974 quorum
1840 1922 1918 1963 &c-

1373 1979 1523 2019 Datum
1559 1975 1736 2020 Altorffii
1769 1981 1962 2023 Uriorum
1990 1992 2040 2022 ex
2062 1977 2220 2022 Palatio
2246 1987 2321 2029 no«,

1310 2034 1396 2078 strae
1409 2034 1649 2082 Refidentiae
1674 2048 1744 2094 ⁸9«
1756 2039 1888 2095 April.
1909 2051 2031 2095 1730.

1379 2152 1682 2222 D.Pqffi'0neus
1695 2155 1901 2224 Archiep.
1931 2157 1966 2207 E
1961 2155 2155 2225 phfinus
2165 2192 2179 2205 .

1538 2277 1660 2330 70an.
1674 2277 1857 2336 Baptssa
1872 2274 2072 2331 caston-us
2094 2275 2251 2320 Cancel-

1366 2390 1694 2452 Autbographum
1712 2379 1768 2452 ὴἶφι
1781 2394 1952 2441 Archiae
1970 2393 2200 2437 Provincia.

1067 2576 1486 2644 NOTA.

294 2712 326 2747 A
342 2708 380 2748 Μ
402 2723 495 2749 anno
511 2712 614 2750 1608.
634 2714 822 2752 Provinciae
831 2713 914 2753 huic
929 2715 1120 2761 Privilegia
1133 2715 1330 2753 Mifflonum
1355 2718 1378 2754 a
1400 2718 1438 2756 S.
1451 2719 1541 2757 sede
1554 2721 1709 2759 eoncess'a
1722 2722 1818 2760 ffiifl‘e
1828 2722 1973 2770 suprain
1985 2722 2122 2769 praemio
2147 2720 2214 2758 fuit
2227 2722 2320 2758 relai

301 2768 405 2818 tum',
430 2760 536 2807 iisque
549 2762 646 2819 unita
657 2763 767 2800 adhuc
780 2764 978 2802 Anterioris
995 2764 1140 2802 Austris
1155 2765 1346 2802 Provincia
1367 2767 1485 2823 quiete
1503 2767 1635 2816 semper
1662 2770 1720 2807 usa
1742 2770 1838 2814 fuit,
1861 2771 2056 2816 praescripto
2078 2769 2145 2804 suo
2164 2779 2319 2816 tempore

235 2816 413 2866 renovatis
426 2831 436 2842 .
462 2807 623 2864 Contigit
636 2820 747 2866 autem
763 2835 786 2867 ,ο
800 2814 895 2858 quod
915 2813 961 2848 R.
979 2814 1017 2848 P.
1030 2812 1202 2850 Perfectus
1214 2814 1482 2853 constantiensis
1492 2839 1506 2861 ,
1530 2818 1590 2864 qui
1611 2828 1763 2865 tempore
1779 2816 1956 2854 divifionis
1971 2816 2233 2854 Provinciarum
2248 2841 2260 2858 ,
2281 2818 2318 2855 8⁴:

230 2856 411 2902 utriusque
427 2855 614 2891 Provincia
628 2856 850 2912 Provincralis
862 2882 875 2901 ‚
900 2861 936 2895 ἃ
951 2861 1147 2897 Miffionum
1162 2861 1343 2899 PtaefeRus
1358 2862 1490 2900 insimul
1506 2876 1576 2900 erat
1587 2888 1602 2908 ,
1627 2868 1882 2902 Documentum
1896 2864 2136 2910 Apostolicum
2156 2866 2319 2903 commis-

228 2908 274 2944 se
288 2902 496 2961 Profectum:
511 2914 589 2938 cum
601 2903 801 2960 privilegiis
827 2906 937 2940 secum
961 2907 1005 2940 ad
1032 2908 1123 2942 suam
1140 2909 1336 2946 Anterioris
1353 2912 1498 2947 Austriae
1515 2912 1730 2949 Provinciam
1748 2933 1762 2954 ,
1788 2910 1932 2956 insignes
1947 2911 2120 2951 Miffioues
2145 2925 2206 2962 per
2223 2915 2315 2951 Wit-

231 2954 444 2997 tenbergram
461 2975 476 2995 ,
488 2960 618 2998 partem
642 2951 781 2987 Rhaeuae
790 2952 856 2988 &c-
881 2962 959 2988 tunc
970 2963 1195 2989 numerantem
1203 2956 1366 2991 detulerit
1377 2980 1392 2999 ‚
1416 2968 1462 2992 ex
1477 2968 1549 3003 quo
1563 2956 1744 2994 Provincia
1758 2959 1937 2997 Helvetica
1950 2962 2080 2999 dlutius
2093 2963 2136 2999 iis
2153 2963 2200 2998 ob
2211 2963 2316 3000 ornit-

234 3001 458 3038 familiarum
474 2998 735 3034 renovationem
751 3000 883 3046 privata
898 2999 1015 3035 extitit
1027 3009 1042 3034 .“
1067 2998 1202 3036 Ειτοτίι
1213 3003 1310 3045 gnari
1322 3003 1530 3048 Superiores
1549 3003 1718 3042 efficacius
1728 3030 1742 3050 ,
1768 3011 1801 3043 δε
1822 3019 1880 3054 per
1894 3009 2031 3046 libellos
2042 3010 2232 3056 supplices,
2259 3021 2316 3061 ty·

230 3047 287 3100 pis
309 3050 469 3092 vulgatos
480 3071 494 3091 ,
519 3047 629 3084 Sacrae
640 3046 916 3094 congregationi
929 3048 974 3084 de
991 3047 1219 3094 propaganda
1234 3048 1315 3085 Fide
1337 3060 1402 3096 pro
1416 3061 1506 3086 nova
1525 3051 1662 3089 illorum
1673 3055 1983 3094 communicatione
1995 3057 2186 3094 institerunt
2196 3080 2210 3101 ,
2228 3052 2314 3098 fuit<

232 3108 301 3146 que
317 3097 492 3142 negotium
507 3094 593 3131 serio
609 3095 645 3131 ἃ
657 3094 717 3131 diu
734 3096 767 3130 in
779 3095 889 3132 Curia
905 3096 1065 3133 Romana
1077 3095 1242 3140 agitatum
1256 3120 1272 3140 ‚
1292 3097 1334 3133 ab
1348 3098 1546 3146 Episcopis,
1570 3101 1616 3137 ad
1640 3112 1786 3148 quorum
1805 3104 1976 3142 Dioeceses
1989 3105 2173 3143 Provincia
2188 3116 2315 3147 exten,

232 3147 327 3184 ditur
338 3172 349 3188 ,
373 3143 551 3181 arbitrium
571 3143 607 3179 &
618 3149 741 3180 votum
752 3143 896 3191 desuper
914 3146 1058 3190 petitum
1069 3167 1083 3187 ‚
1106 3156 1145 3180 ac
1157 3144 1302 3191 denique
1314 3145 1366 3182 his
1387 3147 1420 3182 in
1436 3147 1570 3185 diversa
1586 3149 1675 3186 sensa
1688 3151 1903 3198 abeuntibus,
1915 3154 1934 3191 ὲ
1947 3153 2036 3190 dicia
2061 3153 2098 3191 S·
2111 3153 2314 3201 congrega.

232 3195 330 3232 tione
343 3193 552 3234 resolutum,
575 3191 671 3238 quod
685 3214 697 3234 ,
717 3204 794 3229 cum
812 3194 997 3231 Provincia
1010 3193 1046 3229 in
1060 3191 1174 3227 medio
1189 3193 1471 3231 Acarholieorum
1491 3195 1549 3233 fita
1562 3219 1576 3240 ‚
1601 3198 1768 3244 speciale,
1789 3202 1825 3238 8<
1843 3202 2023 3246 probatum
2042 3202 2085 3238 de
2098 3201 2241 3239 Ecclefia
2254 3204 2313 3240 ba-

232 3243 329 3279 beret
340 3241 500 3278 meritum
516 3263 525 3278 ‚
549 3238 583 3275 &
598 3249 643 3275 ex
656 3239 692 3274 vi
717 3240 781 3277 suae
796 3240 940 3288 originis
962 3243 1050 3278 foret
1062 3240 1275 3278 Missionatia'
1287 3268 1296 3283 ‚
1320 3241 1374 3278 illi
1387 3255 1526 3291 quoque
1549 3246 1594 3282 ab
1605 3248 1812 3294 Apostolicae
1832 3249 1933 3287 Sedis
1948 3249 2090 3286 Nuntio
2102 3271 2116 3293 ‚
2139 3260 2219 3287 tunc
2234 3253 2313 3286 Do·

233 3290 362 3327 minico
378 3287 568 3331 Paflionei,
592 3298 632 3323 ea
650 3287 859 3343 privilegia,
884 3301 959 3336 quae
977 3289 1058 3327 huic
1083 3289 1194 3335 magis
1209 3290 1361 3337 proficua
1384 3291 1583 3330 viderentur
1601 3318 1616 3338 ‚
1640 3297 1779 3334 concedi
1800 3299 1959 3336 deberent
1974 3320 1987 3343 ‚
2009 3298 2030 3333 ὲ
2058 3298 2312 3336 successoribu!

236 3338 327 3375 DD.
345 3337 486 3373 Nuntiis
501 3334 711 3383 Apostohcis
726 3337 984 3376 confirmanda:
1010 3345 1113 3386 prout
1127 3335 1200 3382 jam
1228 3338 1374 3376 studiose
1393 3339 1624 3386 masticatur,
1649 3346 1688 3382 ea
1709 3347 1851 3382 meliore
1867 3346 1956 3383 sorte
1968 3369 1981 3389 ‚
2004 3346 2125 3392 quod,
2149 3347 2233 3383 dum
2247 3348 2311 3384 Sa-

236 3394 294 3421 cra
305 3384 546 3430 Congregatio
561 3382 638 3420 aliis
651 3383 841 3422 Provinciis
856 3386 1038 3432 privilegia
1053 3383 1110 3419 sua
1124 3385 1165 3420 ad
1179 3386 1254 3424 loca
1271 3387 1465 3424 Miffionum
1479 3389 1667 3436 restringit,
1693 3394 1735 3429 ab
1748 3394 1852 3430 illust.
1867 3396 1951 3432 ΒΓ).
1966 3393 2113 3432 Nuntiis
2134 3406 2304 3432 econtra..

238 3433 303 3469 toti
315 3434 500 3470 Provinciae
524 3432 583 3468 illa
606 3432 837 3470 concedantur
850 3457 864 3478 ,
888 3435 962 3474 solo
976 3433 1141 3473 Articulo
1153 3445 1188 3473 v.
1216 3445 1390 3485 exeepm,
1413 3447 1514 3485 quem
1529 3440 1652 3480 lllriius
1677 3443 1724 3480 D.
1737 3443 1897 3482 Nuntius
1920 3443 2071 3481 Carolus
2087 3445 2243 3483 nunnus
2263 3443 2309 3480 ad

239 3481 317 3519 loca
331 3481 528 3520 Miffionum
545 3479 676 3529 primus
688 3481 852 3521 limitavit
866 3507 877 3520 .

368 3829 556 3874 TomsslV·
1594 3838 1635 3881 G
1665 3843 1692 3882 2'
2150 3846 2264 3899 1)Εή
