2638 4204
474 322 659 411 '294

407 436 478 472 aut
493 437 616 472 trium
630 424 752 467 etiam
772 423 963 466 mensium
978 451 992 474 ‚
1019 436 1093 477 pro
1108 424 1404 479 personarum

409 490 610 545 qualitate
631 481 881 538 praefigetur.
916 484 978 523 Eo
1003 492 1187 537 tempore
1218 481 1408 537 frequen-

411 548 513 589 tabit
543 541 887 595 Congregationes
917 540 1152 596 generales,
1189 543 1229 582 δι
1257 542 1409 596 reliqua

409 602 625 660 spiritualia
653 601 930 642 Fraternitatis
953 600 1168 642 exercitia:
1200 610 1240 641 at
1265 599 1286 640 fi
1313 600 1407 654 quid

409 660 569 719 publice
594 657 902 700 deliberandum
914 670 1120 708 occurrat,
1137 658 1242 700 haud
1260 658 1407 700 intere-

408 721 485 762 rit.
522 713 727 758 Praefectus
755 727 890 759 autem
922 716 1331 773 nominabitaliquem
1359 731 1408 759 ex

411 771 725 824 Confratribus,
750 777 817 830 qui
840 779 879 818 ei
898 778 1050 831 Leges,
1074 777 1111 816 ἃ.
1144 774 1287 818 statuta
1316 779 1408 818 Fra-

1151 292 1724 381 Provincia

1471 437 1562 465 rum
1578 423 1679 465 salus
1693 421 1976 465 committatur
1990 431 2004 473 3
2020 420 2059 461 &
2074 425 2119 461 ut
2132 418 2229 462 alios
2247 423 2381 476 Deos,
2408 428 2480 469 aut'

1471 483 1614 524 lucrari
1634 509 1648 533 ,
1676 492 1743 523 aut
1759 482 1993 523 conservare
2009 491 2125 533 queat
2142 507 2154 527 ‚
2185 484 2282 534 quid
2300 485 2486 536 proderit

1471 541 1811 596 e1'‚siuniverst1m
1836 540 2018 581 mundum
2035 545 2212 580 lucretur
2225 565 2239 586 ,
2265 544 2404 583 anime
2418 555 2488 585 ve-

1469 601 1514 641 νδ
1528 600 1618 656 fiac
1648 599 1924 640 detrimentum
1945 599 2133 651 patiatur
2157 600 2170 638 ἓ
2209 601 2482 645 proximorum

1472 661 1574 701 vero
1601 658 1767 700 salutem
1784 657 1905 699 etiam
1933 671 1980 699 ex
1997 655 2194 711 profeffo,
2220 658 2258 697 &
2288 658 2483 704 ratione,

1470 716 1560 759 finis
1594 723 1617 762 a
1654 718 1924 758 fraternitate
1953 717 2141 768 primario
2167 715 2312 757 intenti
2336 728 2479 763 curare

1470 775 1591 818 debet
1607 805 1622 826 ,
1650 776 1761 831 quia,
1779 777 1846 830 qui
1860 775 2004 816 viderit
2025 778 2210 817 Fratrem
2220 775 2342 830 fiaum
2357 775 2485 830 necest-

408 833 613 877 ternitatis
640 834 818 887 explicet
835 863 847 885 ‚
879 833 1118 890 caeterasque
1145 834 1408 877 consuetudi·
1456 834 1506 891 st
1523 834 1660 876 habere
1676 860 1690 882 ,
1723 834 1776 883 &¹
1790 835 1974 889 clauserit
1990 833 2218 890 viscerastea
2249 832 2299 873 ab
2313 845 2353 872 eo
2367 861 2381 883 ,
2396 833 2487 875 cba-

406 907 476 936 nes
491 919 504 942 ,
529 904 573 931 ac
588 890 894 935 observationes
909 893 1110 944 edoceat,
1134 894 1170 934 &
1188 893 1212 934 si
1230 907 1313 948 quae
1330 893 1411 934 for-

405 952 447 993 te
476 948 736 992 difficultates
750 976 763 998 a
795 951 857 994 vel
875 951 1149 993 dubitationes
1163 961 1414 1002 occurrant,

404 1007 551 1052 tollat.
585 1007 710 1066 Qiod
733 1008 757 1049 fi
783 1012 1055 1064 comperiatur
1071 1010 1322 1063 probationis
1343 1008 1414 1052 suae

402 1076 589 1122 tempore
605 1080 683 1108 nst—n
704 1069 869 1109 omnino
887 1066 1116 1111 satisfecisse
1132 1097 1145 1119 ,
1179 1069 1335 1121 poterit
1351 1068 1410 1124 ju-

401 1125 511 1168 dicio
528 1123 707 1167 Praefeeti
726 1154 737 1175 ,
762 1127 801 1167 δι
817 1126 1088 1169 Affilientium
1102 1155 1115 1177 ,
1147 1137 1219 1168 aut
1252 1127 1412 1182 penitus

403 1182 545 1240 rejici,
572 1194 639 1226 aut
654 1185 906 1239 probationis
922 1197 1080 1243 tempus
1099 1186 1339 1240 prorogari.
1373 1186 1414 1229 Si

403 1251 543 1286 autem
560 1242 705 1296 dignus
720 1254 910 1299 appareat
929 1273 942 1295 ‚
970 1246 1119 1299 poterit
1137 1242 1348 1286 Praefectus
1362 1243 1413 1286 de

405 1301 481 1343 illo
512 1300 550 1342 in
567 1302 877 1345 fraternitatem
906 1305 1166 1358 cooptando,
1193 1303 1232 1344 in
1262 1303 1414 1358 plena..-

402 1361 738 1415 Congregatione
763 1360 916 1404 referre
941 1390 954 1413 ‚
991 1362 1029 1403 δε
1057 1361 1222 1403 dotibus
1252 1362 1373 1403 animi
1401 1390 1415 1413 ‚

405 1418 662 1474 moribusque
677 1420 854 1462 breviter
867 1418 1070 1464 recensitis
1084 1418 1268 1475 suffragia
1282 1418 1413 1462 feren·

402 1475 455 1518 da
469 1489 611 1519 curare
626 1505 640 1528 ‚
667 1478 739 1520 illo
753 1478 1015 1536 interim‚pr0
1028 1493 1109 1534 quo
1124 1477 1308 1534 suffragia
1325 1477 1414 1521 col-

400 1532 605 1588 liguntur,
620 1547 711 1577 ante
723 1538 957 1581 Oratorium
972 1536 1223 1593 praestolante
1236 1566 1247 1578 .
1281 1535 1404 1592 Quod

402 1591 429 1634 fi
458 1591 577 1634 fuerit
601 1593 780 1648 pluribus
801 1595 988 1651 suffragiis
1017 1606 1261 1650 cooptatus,
1292 1609 1408 1636 acce-

402 1659 520 1705 ptum
535 1651 641 1693 intro
656 1666 705 1694 eo
722 1654 801 1695 ritu
822 1656 940 1695 Pater
957 1652 1186 1709 spiritualis
1205 1652 1407 1709 recipiet,

405 1708 473 1763 qui
497 1708 601 1751 infra
628 1711 922 1765 praescribetur.

466 1768 538 1808 VI.
574 1771 704 1811 Pori-o
736 1780 948 1824 antequam
984 1771 1039 1813 ita
1076 1769 1256 1812 admissus
1282 1782 1408 1826 gene-

404 1824 536 1866 ralem
567 1829 689 1868 totius
716 1831 902 1871 anteaiste
929 1829 1018 1870 vitae
1032 1828 1327 1872 Confeffionem
1354 1827 1409 1868 sa·

407 1883 517 1925 ciet:
548 1893 614 1925 aut
644 1884 668 1925 si
687 1899 773 1926 eam
786 1886 864 1942 jam
881 1898 974 1929 ante
990 1887 1066 1928 rite
1081 1886 1177 1929 fecit
1191 1913 1204 1935 a
1237 1885 1409 1930 eandem

403 1942 454 1982 ab
487 1940 627 1983 ultima
656 1945 837 1998 generali
864 1944 1010 1995 faciet,
1046 1945 1165 2001 idque
1188 1946 1410 1988 testimonio

404 1997 464 2041 sui
481 1998 735 2051 Confessarii',
754 2004 861 2044 Patri
878 2004 1094 2058 spirituali,
1117 2013 1189 2046 aut
1218 1997 1408 2046 Praefeeio

404 2057 623 2113 probabit.
659 2062 851 2103 Praeierea
879 2061 1100 2103 monendus
1120 2062 1202 2104 erit
1220 2091 1234 2113 ‚
1265 2072 1307 2104 ut
1324 2063 1407 2117 ipso

401 2114 647 2158 admiffionis
662 2117 727 2159 die
751 2117 789 2161 se
805 2119 854 2161 ad
870 2119 1190 2175 Angustissimum
1210 2121 1402 2164 Euchari-

400 2173 479 2215 stiae
515 2177 817 2218 Sacramentum
855 2178 1131 2233 accipiendum
1158 2189 1296 2234 paret,
1323 2180 1403 2235 quo

405 2230 518 2286 juxta
546 2233 692 2287 gratias
707 2262 722 2284 ,
749 2249 793 2276 ac
810 2237 1020 2292 privilegia
1039 2235 1401 2280 Confraternitatis

405 2289 428 2331 ἓ
449 2290 691 2332 δεηὲὶίίῖὶιῐιο
708 2295 883 2336 Domino
900 2298 1033 2336 nostro
1050 2295 1107 2337 illi
1125 2295 1401 2349 concess221n-

403 2347 654 2405 dulgentiam
668 2350 887 2407 plenariam
901 2350 1087 2410 consequi
1102 2354 1228 2410 possit.

669 2469 978 2513 CAPUT
1063 2473 1130 2514 11.

642 2582 713 2632 De
725 2585 819 2651 fine
844 2586 1162 2637 Fraternitatis.

459 2702 496 2741 Ι.
530 2700 636 2743 Finis
656 2702 922 2744 Fraternitais
936 2705 1100 2748 ultimus
1113 2706 1166 2748 est
1181 2708 1312 2752 honor
1327 2709 1400 2750 Dei

405 2759 559 2815 Optimi
578 2759 752 2800 Maximi.
771 2761 888 2802 Hunc
903 2758 1058 2817 semper
1071 2765 1124 2806 ob
1135 2767 1277 2809 oculos
1291 2782 1400 2809 men—

402 2818 454 2859 tis
470 2817 537 2858 sibi
555 2817 798 2871 propositum
813 2819 1031 2869 habebunt,
1047 2823 1123 2865 huc
1137 2836 1274 2867 omnes
1289 2826 1402 2880 cogi-

406 2878 581 2918 tationes
593 2875 767 2930 dirigent
784 2904 797 2926 ‚
823 2877 953 2920 hucin
969 2881 1155 2924 omnibus
1171 2882 1332 2934 studiis,
1361 2885 1401 2925 &

405 2934 629 2976 actionibus
643 2934 906 2977 collimabunt
921 2965 932 2977 .
962 2939 1014 2979 Et
1028 2953 1119 2980 cum
1136 2939 1221 2982 finis
1236 2941 1304 2985 iste
1317 2956 1400 2983 om·-

404 2992 521 3034 nibus
536 2992 654 3034 rebus
669 2992 720 3034 ab
732 2993 890 3036 auctore
906 3009 1040 3037 earum
1052 3027 1066 3048 ,
1090 2998 1208 3041 unice
1233 2999 1277 3041 sit
1305 3014 1396 3054 pro-

402 3049 552 3104 positus
569 3078 583 3100 ‚
611 3048 849 3093 Confratres
871 3054 1064 3096 Crucifixi
1082 3058 1245 3099 Domini
1263 3059 1397 3101 Nostri

395 3109 490 3164 Jesu
528 3107 675 3150 Christi
703 3123 792 3150 eum
829 3112 942 3152 tanto
983 3115 1262 3158 vehementius
1297 3132 1401 3172 quae-

402 3176 527 3216 rent,
559 3166 759 3210 ardentius
784 3167 912 3212 sitient
937 3197 951 3218 ι,
979 3172 1211 3227 diligentius
1237 3190 1403 3230 promo-

404 3225 586 3273 vebunt,
614 3229 768 3279 quanto
786 3228 861 3270 hoc
877 3242 1018 3271 eorum
1043 3232 1261 3274 institutum
1284 3245 1405 3290 atque

406 3284 490 3338 ipsa
513 3285 820 3327 nomenclatura
844 3288 866 3329 ὲ
893 3291 1090 3331 communi
1116 3293 1151 3332 δι
1181 3292 1320 3334 usitata
1336 3295 1407 3337 ho-

405 3342 556 3406 minum
583 3342 662 3383 vita
687 3343 854 3393 amplius
885 3344 1027 3390 distat:
1065 3349 1197 3405 itaque
1223 3351 1406 3406 ligabunt

399 3413 486 3465 eum.
498 3412 541 3441 tn
554 3400 663 3442 corde
669 3402 739 3455 fito
744 3400 915 3458 jugiter,
935 3406 987 3455 ὠ·
1000 3408 1295 3451 circumdabunt
1306 3423 1404 3465 gut-

401 3468 484 3501 turi
490 3459 567 3514 st‘0
577 3486 589 3498 .
607 3463 702 3501 Cum
716 3461 1229 3519 ambulaverintgradietur
1242 3482 1327 3510 cum
1339 3476 1406 3513 eis:

401 3530 487 3559 cum
513 3518 767 3567 dormierint,
791 3519 972 3578 custodiet
995 3535 1078 3575 θοις
1106 3525 1158 3575 &w
1180 3525 1404 3582 evigilantes

402 3576 611 3630 loquentur
625 3589 708 3618 cum
721 3591 775 3619 eo.

461 3636 518 3674 11.
552 3636 670 3676 Hunc
691 3633 808 3679 finem
825 3651 1069 3692 procurare,
1100 3656 1145 3685 ac
1164 3658 1402 3699 promovere

407 3690 623 3758 findebant
651 3696 856 3747 operando
888 3708 1078 3741 aeternam
1093 3731 1108 3751 ,
1139 3710 1225 3745 tum
1255 3703 1398 3748 suam-2

406 3749 583 3805 ipsorum
597 3778 611 3801 ,
639 3760 722 3791 tum
749 3757 846 3796 vero
863 3757 984 3799 etiam
1003 3760 1284 3804 proximorum
1299 3765 1400 3807 stilu-

403 3811 839 3877 tem.·Suam,quoniam
856 3841 869 3862 ,
883 3816 950 3869 qui
980 3818 1017 3859 se
1037 3817 1223 3875 suamque
1236 3821 1398 3867 salutem

402 3866 603 3925 negligit,
619 3868 657 3910 &
671 3868 858 3925 indignus
872 3900 886 3925 ,
899 3874 938 3929 ὃς
951 3872 1112 3932 ineptus
1129 3879 1184 3923 est
1197 3908 1211 3934 ,
1223 3881 1287 3923 cui
1301 3882 1401 3927 alio·

1474 899 1576 935 ritas
1602 896 1679 933 Dei
1703 906 1778 934 non
1794 902 1923 933 manet
1936 901 1976 932 m
1990 905 2050 933 eo:
2083 891 2190 947 quod
2207 890 2230 932 si
2260 904 2404 932 verum
2432 890 2488 933 est

1474 953 1514 992 in
1531 951 1732 1005 corporali
1755 951 1979 994 necessitate
1995 980 2009 1002 ‚
2037 950 2190 1006 quanto
2207 950 2331 1005 magis
2351 950 2387 991 in
2407 949 2481 1004 spi·

1477 1010 1642 1057 rituali,
1659 1011 1698 1050 &
1713 1012 1887 1052 aeterna?
1914 1012 2078 1066 Quanta
2092 1020 2223 1050 autem
2241 1007 2283 1050 fit
2300 1008 2483 1062 spiritua·

1475 1067 1522 1110 lis
1536 1067 2028 1111 necessitasProximorum
2043 1069 2080 1109 in
2097 1068 2170 1108 hac
2189 1066 2420 1121 praesertim,
2436 1075 2483 1108 ut

1473 1126 1571 1169 olim
1587 1126 1937 1177 florentiffima‚ita
1952 1141 2057 1168 nunc
2068 1125 2486 1168 afflifflffimacerma-

1475 1186 1694 1234 nia,coecus
1709 1186 1849 1240 est‚qui
1864 1199 1939 1227 non
1959 1182 2387 1239 videi,ferreus,quem
2404 1197 2486 1226 non

1475 1242 1817 1298 miseret,impius,
1831 1243 1911 1298 qui,
1925 1255 2014 1283 cum
2028 1242 2261 1296 potest‚non
2274 1241 2483 1294 sublevat,

1535 1304 1618 1343 111.
1649 1301 1831 1344 Salutem
1846 1300 2018 1356 proximi
2034 1301 2311 1352 procurabunt
2327 1326 2341 1349 ,
2357 1299 2482 1342 labo-

1475 1359 1604 1403 rando
1619 1359 1657 1401 in
1674 1358 1930 1402 conversione
1942 1358 2122 1401 omnium
2137 1368 2421 1414 peccatorum,
2432 1365 2476 1401 at

1476 1420 1515 1461 in
1533 1418 1667 1473 primis
1684 1418 1961 1462 haereticorum
1976 1446 1988 1459 .
2010 1420 2116 1459 Nam
2129 1420 2209 1472 quo
2228 1418 2371 1459 horum
2387 1429 2475 1459 ma·

1472 1475 1536 1533 jor
1550 1475 1608 1518 est
1626 1476 1783 1519 miseria
1797 1507 1810 1529 ‚
1838 1476 1991 1519 idcirco
2019 1475 2127 1528 quod
2153 1480 2330 1517 omnium
2346 1474 2483 1516 omni·

1472 1549 1524 1577 no
1537 1536 1558 1576 a
1578 1537 1666 1577 Deo
1686 1534 1934 1578 remotiffimi
1945 1563 1959 1586 ‚
1976 1533 2059 1589 ipso
2073 1534 2194 1577 etiam
2209 1532 2478 1576 fundamento

1470 1594 1646 1648 pietatis,
1660 1609 1706 1637 ac
1728 1593 1994 1650 adipiscendae
2009 1592 2144 1636 salutis
2159 1592 2335 1634 destituti
2351 1590 2443 1633 sunt
2459 1619 2476 1643 ,

1469 1655 1520 1694 εὸ
1535 1651 1661 1708 major
1684 1654 1722 1694 in
1749 1654 1792 1695 iis
1808 1652 1992 1708 juvandis
2011 1661 2175 1695 conatus
2190 1679 2204 1702 ‚
2233 1653 2274 1693 δε
2296 1650 2476 1693 charitas

1471 1710 1634 1752 elucere
1663 1710 1806 1754 debet.
2472 1740 2474 1742 v

1525 1770 1599 1810 1v.
1630 1769 1759 1811 Porro
1786 1770 1863 1826 ipsa
1880 1770 2003 1814 docet
2024 1770 2273 1826 experientia
2301 1771 2404 1814 inter
2418 1782 2484 1812 re·

1468 1827 1593 1884 liquas
1618 1828 1794 1871 rationes
1810 1828 1976 1886 juvandi
1992 1857 2006 1880 ,
2021 1830 2060 1870 δε
2073 1829 2339 1872 convertendi
2358 1831 2484 1872 haere-

1471 1887 1570 1929 ticos
1585 1915 1600 1937 ,
1632 1901 1727 1942 quas
1743 1890 1782 1929 &
1798 1889 1863 1931 alii
1878 1902 1968 1930 cum
1983 1887 2129 1939 laude,
2144 1887 2380 1944 ingentique
2395 1885 2482 1928 fru-

1470 1948 1533 1986 ctu
1563 1944 1797 2002 usurparunt
1819 1976 1834 1997 ,
1856 1948 1895 1988 δι
1912 1945 2158 1990 Fraternitas
2182 1945 2251 1987 sibi
2278 1943 2478 2000 praecipue

1468 2005 1765 2048 commendatas
1791 2005 1981 2056 habebit,
2018 2017 2098 2047 non
2119 2003 2195 2047 esse
2212 2005 2448 2060 postremam
2469 2030 2484 2054 ,

1465 2070 1532 2105 aut
1547 2063 1927 2119 negligendam,qua
1943 2063 2120 2105 externis
2131 2089 2145 2109 a
2171 2065 2210 2104 ἃ.
2226 2061 2482 2118 temporariis

1466 2121 1622 2164 auxiliis
1649 2121 1911 2165 sublevantur
1926 2150 1937 2162 .
1969 2124 2071 2164 Sunt
2092 2123 2200 2163 enim
2230 2134 2308 2162 non
2335 2119 2483 2176 pauci,

1464 2193 1562 2236 quos
1595 2183 1715 2236 magis
1747 2171 1975 2223 sollicitudo
2003 2194 2138 2223 rerum
2166 2179 2450 2234 temporalium
2464 2205 2480 2228 ,

1465 2240 1584 2294 quam
1602 2253 1715 2281 amor
1740 2238 1929 2281 haeresum
1951 2239 2119 2294 impedit
2135 2266 2149 2289 ,
2178 2239 2259 2292 quo
2286 2237 2415 2279 minus
2431 2247 2482 2278 ex

1462 2298 1660 2340 damnatis
1675 2299 1882 2339 erroribus
1897 2296 1971 2338 suis
1986 2297 2155 2339 eluctari
2172 2296 2338 2338 valeant
2354 2323 2364 2336 .
2382 2297 2482 2352 Qo

1463 2354 1508 2398 fit
1523 2364 1568 2397 ut
1588 2356 1624 2397 in
1643 2354 1754 2398 tanta
1765 2355 1989 2399 Catholicae
2003 2354 2183 2396 veritatis
2197 2354 2289 2395 luce
2303 2352 2483 2408 praestan-

1464 2413 1614 2456 tissimis
1631 2415 1737 2456 Viris
1752 2442 1766 2465 ‚
1796 2413 1871 2469 qua
1905 2411 1997 2454 viva
2033 2426 2134 2455 voce
2155 2441 2172 2462 ,
2208 2411 2284 2466 qua
2315 2410 2481 2454 calamo

1464 2473 1665 2528 egregiam
1681 2480 1759 2514 tam
1787 2472 1853 2513 diu
1881 2485 2044 2527 operam
2062 2471 2302 2513 navantibus
2317 2495 2331 2516 a
2364 2469 2481 2524 pauci

1464 2530 1726 2574 nihilominus
1741 2532 1791 2572 ab
1809 2530 1940 2573 haerefi
1969 2530 2018 2572 ad
2037 2529 2255 2571 Ecclesiam
2281 2528 2482 2570 redeant·

1466 2590 1669 2633 Nimirum
1697 2587 1822 2631 saeculi
1847 2588 2106 2638 sollicitudo,
2132 2589 2172 2629 δι
2197 2584 2322 2629 viCffis
2345 2600 2444 2629 cura
2464 2611 2482 2636 2

1468 2649 1583 2693 velut
1599 2645 1712 2702 spiriae
1730 2648 1906 2703 quaedam
1922 2647 2047 2690 corda
2062 2660 2204 2689 eorum
2222 2645 2434 2695 obsident,
2456 2641 2480 2684 ὃ

1461 2708 1605 2762 quibus
1620 2706 1854 2749 seminatum
1870 2708 1906 2749 in
1927 2706 1970 2747 iis
1990 2705 2062 2747 Dei
2079 2704 2249 2747 verbum
2267 2703 2445 2747 sufflatur
2461 2730 2477 2754 ,

1461 2768 1581 2822 &quo
1596 2767 1722 2807 minus
1736 2765 1786 2807 ad
1802 2765 1955 2822 frugem
1973 2763 2451 2819 maturescat‚impeditur
2464 2788 2479 2802 .

1461 2828 1602 2881 Quare
1617 2823 1856 2866 Confratres
1875 2823 1968 2865 zelo
1993 2822 2138 2864 divinae
2167 2821 2327 2877 gloriae‚
2353 2820 2480 2863 &de-

1460 2883 1604 2926 siderio
1621 2883 1906 2925 lucrandarum
1923 2883 2156 2924 Animarum
2171 2882 2320 2923 incensi
2331 2910 2347 2932 ,
2360 2880 2478 2922 alen-

1459 2943 1519 2984 dis
1538 2942 1580 2981 iis
1594 2968 1608 2990 ,
1637 2943 1703 2996 qui
1720 2941 1766 2984 ad
1786 2940 2004 2984 Ecclesiam
2024 2939 2172 2983 reversi
2186 2954 2278 2982 cum
2294 2938 2478 2994 egestate

1459 3000 1659 3042 luctantur
1684 3000 1794 3041 omni
1822 3000 1983 3042 meliori
2004 3000 2128 3041 modo
2150 3012 2314 3053 operam
2337 2995 2478 3041 suam.»

1457 3056 1724 3113 impendent,
1754 3060 1790 3100 8<
1814 3059 1917 3102 hunc
1934 3073 2012 3101 non
2029 3055 2105 3100 esse
2130 3058 2239 3099 inter
2253 3056 2475 3113 postremos

1461 3116 1560 3159 fines
1576 3115 1688 3174 hujus
1705 3119 1983 3162 Fraternitatis
1997 3146 2010 3170 ,
2036 3116 2142 3159 serio
2162 3117 2419 3172 cogitabunt.

1725 3248 2039 3292 CAPUT
2111 3249 2212 3290 111.

1499 3364 1569 3415 De
1597 3369 1804 3425 motivis,
1839 3367 1893 3415 &²
1916 3366 2061 3415 mediis
2091 3365 2355 3433 Confratrum
2386 3358 2444 3409 ad

1612 3437 1735 3503 fitam
1763 3438 1935 3503 ipfiirum
1952 3437 2133 3502 fiilutem
2162 3451 2302 3502 procu-

1725 3507 1892 3556 randam
1911 3506 2198 3574 speHantibus
2213 3539 2227 3553 .

1520 3591 1555 3631 1.
1588 3593 1750 3635 AEterna
1773 3591 1876 3634 salus
1906 3619 1919 3641 ‚
1945 3591 1995 3633 ad
2020 3606 2140 3647 quam
2164 3603 2304 3632 omnes
2335 3588 2357 3630 a
2382 3589 2474 3629 Deo

1462 3648 1647 3699 conditi,
1675 3651 1823 3698 vocati,
1838 3649 2037 3705 redempti
2052 3649 2091 3692 su
2100 3663 2185 3691 mus
2200 3677 2214 3700 ‚
2244 3650 2284 3689 δι
2300 3646 2378 3690 sine
2393 3657 2473 3702 qun

1461 3706 1604 3748 melius
1627 3718 1712 3750 erat
1731 3709 1859 3751 Nobis
1885 3717 2000 3750 natos
2027 3722 2106 3751 non
2134 3705 2237 3757 esse,
2272 3708 2310 3748 in
2334 3704 2470 3761 primis

1462 3768 1612 3818 Dono,
1639 3767 1680 3808 δι
1708 3767 1835 3821 gratia
1850 3768 1954 3817 Dei,
1982 3765 2133 3809 deinde
2161 3765 2398 3820 frequenti,
2427 3763 2468 3803 δι

1463 3824 1647 3878 legitimo
1663 3822 1730 3867 usii
1747 3830 2093 3870 Sacramentorum
2110 3854 2122 3876 ,
2153 3825 2313 3867 demum
2339 3820 2472 3863 nostra

1456 3896 1555 3928 curn
1581 3883 1717 3927 divina
1741 3885 1870 3940 gratia
1900 3886 2224 3942 cooperatione,
2252 3885 2293 3927 δι
2323 3878 2470 3947 assiduo

2341 3951 2424 3982 vir-
