2658 4256
402 228 512 308 μ’,
1075 199 1738 286 .Monumenta.

1124 401 1684 470 NOTA.

336 496 548 584 Litteras
571 547 631 584 has
647 544 844 584 pontificias
858 545 1106 584 comitabantur
1127 544 1199 582 211ae
1211 567 1224 588 ,
1249 543 1284 580 &
1310 541 1447 589 quidem
1472 539 1580 588 prima
1599 538 1663 575 fuit
1686 539 1746 575 illa
1762 537 1958 576 cardinalis
1979 538 2104 576 Alteri!
2117 544 2199 586 ,sub
2221 547 2285 586 hoc
2309 556 2450 587 tenore:

989 653 1116 703 Sacra
1141 653 1319 720 Regalis
1351 649 1533 716 Caesttrea
1558 646 1774 713 Majes‘las
1796 683 1808 695 .

437 781 542 819 Sicut
567 780 668 819 avita
687 781 880 831 &propria
894 780 1084 830 Majestatis
1107 778 1229 830 Vestrae
1244 779 1374 828 pietate
1393 775 1534 831 dignum
1558 774 1601 825 est
1620 775 1877 823 patrocinium,
1905 787 1969 824 quo
1992 777 2065 825 ipsa
2090 776 2367 826 Religiostffimum
2381 784 2451 821 Or·-

338 829 453 866 'dinem
481 830 734 877 Caput-inarum
767 841 887 868 tuetur
911 853 924 873 ‚
957 831 1000 871 &¹
1024 830 1124 877 fovet
1146 853 1159 872 ,
1183 830 1236 865 ita
1258 839 1332 864 meae
1354 827 1392 861 in
1414 823 1624 873 Majestatem
1640 820 1789 875 Vestram
1806 824 1935 862 devotae
1956 825 2179 874 obfi’rvantiae
2199 827 2452 876 gratiffin'tunu

336 877 465 914 accidit
491 878 608 929 offerri
632 879 827 927 occasiones,
854 880 977 927 quibus
999 878 1038 913 in
1062 877 1251 914 eorumdem
1273 874 1527 924 Capucinorum
1552 872 1767 915 utilitatem,
1793 884 1868 909 cum
1890 872 1959 922 qud
1980 876 2175 912 animarum
2198 897 2211 918 ‚
2235 875 2278 916 &⁶
2301 876 2453 915 Catholi-

335 937 381 962 cae
404 924 601 974 Religionis
625 927 763 964 utilitas
789 927 881 964 haud
905 925 1007 963 dubie
1032 925 1208 975 conjunffa
1232 923 1276 973 est
1291 947 1303 967 ,
1331 933 1484 959 exercere
1500 921 1540 969 fi’
1563 920 1654 970 poffit
1670 943 1679 956 .
1705 919 1793 958 Non
1810 921 1887 970 fuit
1914 930 2028 960 autem
2052 922 2139 959 mihi
2163 922 2268 960 valde
2291 923 2455 962 laboran-

332 974 413 1010 dum
434 975 526 1022 apud
550 976 658 1013 Suam
682 975 906 1013 Sentinatem
930 975 969 1010 in
994 976 1165 1019 ne‚otiis‚
1189 984 1262 1021 quae
1285 980 1393 1019 nuper
1418 968 1576 1019 Majestas
1600 971 1676 1009 Sua
1700 970 1946 1008 commendavit
1965 995 1977 1014 ‚
2003 983 2080 1008 cum
2103 970 2175 1055 'ff'
2196 973 2287 1022 satis
2305 981 2369 1021 per
2382 973 2454 1022 se„-

328 1023 540 1071 propendeat
565 1024 611 1059 ad
630 1023 899 1070 gratificandum
924 986 1098 1072 Majeji’ati
1122 1020 1268 1072 Vestrae,
1290 1021 1330 1056 in
1355 1020 1400 1054 iis
1420 1019 1607 1067 prasertim
1633 1017 1732 1054 rebus
1746 1042 1758 1062 ‚
1784 1019 1825 1054 in
1848 1019 1973 1068 quibus
1998 1020 2080 1057 ‘Dei
2098 1032 2126 1068 g
2140 1022 2217 1058 oria
2232 1045 2245 1065 ,
2280 1021 2323 1063 (9⁴
2347 1023 2391 1059 ab
2413 1034 2454 1059 ea

331 1082 510 1117 nunquam
530 1071 686 1120 sejunfia
712 1072 869 1119 Caesareae
893 1071 1050 1108 Ditionis
1062 1071 1163 1120 causa
1188 1071 1324 1117 agitur.
1352 1068 1495 1114 ltaque,
1519 1067 1675 1114 quamvis
1688 1066 1862 1105 Sanfiitas
1887 1068 1963 1105 Sua
1983 1067 2055 1118 jam
2071 1068 2242 1121 statuiffet
2265 1069 2454 1118 injungere

330 1117 449 1155 Patri
473 1119 727 1167 Capucinornm
752 1118 916 1157 Gener-ali
941 1120 1132 1168 divisionem
1158 1117 1363 1154 ‘Provinciae
1388 1115 1571 1152 Bohemicae
1589 1139 1603 1159 ‚
1629 1115 1688 1151 ubi
1715 1127 1786 1152 eam
1812 1115 1981 1164 inviseret
2000 1140 2014 1161 ‚
2050 1130 2093 1154 ne
2116 1129 2171 1155 res
2193 1119 2330 1155 diutius
2353 1117 2454 1169 diffe-

329 1176 436 1203 ratur
450 1168 660 1210 ,mandavit
681 1168 787 1204 eidem
800 1168 916 1205 Pam·
934 1192 948 1212 ‚
974 1177 1015 1203 ut
1038 1166 1145 1202 alicui
1160 1166 1221 1212 sui
1235 1165 1407 1208 Ordinis,
1424 1165 1487 1212 seu
1510 1165 1659 1213 praefatae
1683 1163 1902 1212 Religionis,
1928 1165 1971 1206 ὠ*
1986 1166 2181 1213 prudentiae
2207 1165 2294 1205 Viro
2318 1189 2333 1211 ,
2358 1179 2455 1215 nego·

330 1215 419 1252 tium
447 1214 688 1263 conficiendum
712 1217 900 1254 committat
921 1241 929 1250 .
954 1215 1058 1250 Circa
1079 1215 1265 1260 paritatem
1281 1213 1526 1264 suffragiorum
1549 1214 1588 1248 in
1615 1213 1816 1250 Provinciis
1836 1213 1909 1262 jam
1933 1212 2047 1263 divisis
2071 1238 2085 1258 ,
2109 1215 2152 1256 (θ’
2186 1217 2224 1252 in
2250 1214 2330 1251 aliis
2358 1215 2454 1252 divi-

329 1262 452 1298 dendis
476 1288 488 1304 ,
513 1275 587 1299 cnm
610 1273 738 1311 agatur
765 1264 808 1299 de
829 1261 1020 1309 derogando
1047 1261 1355 1312 Constitutionibus
1378 1263 1515 1299 vrbani
1535 1259 1631 1300 VIII.
1660 1262 1703 1305 ἐς·
1727 1260 1912 1300 Clementis
1934 1260 2000 1298 IX.
2028 1263 2140 1311 visum
2155 1265 2235 1313 fuit
2258 1263 2451 1303 Sanetttati

326 1311 408 1350 Saae
425 1334 437 1353 ,
463 1312 678 1347 accuratiore
703 1310 855 1346 examine
878 1321 950 1347 rem
975 1309 1155 1357 indigere.

424 1357 531 1405 Qd
556 1357 637 1392 vero
655 1358 811 1403 pertinet
832 1357 879 1393 ad
901 1369 992 1395 nova
1014 1358 1174 1396 caenobia
1199 1359 1379 1408 erigenda,
1392 1359 1575 1398 mandavit
1595 1360 1733 1409 pariter
1757 1358 1932 1397 Sanffitas
1956 1359 2032 1396 Sua
2056 1359 2162 1397 eidem
2185 1359 2351 1398 Generali
2371 1383 2385 1405 ,
2409 1369 2451 1399 ut

322 1414 385 1455 per
410 1404 600 1453 occastonem
625 1404 871 1452 vifitandarum
896 1405 1167 1443 Provinciarum
1191 1407 1253 1444 hac
1268 1408 1374 1456 super
1399 1420 1437 1445 re
1462 1407 1645 1457 opportune
1666 1407 1875 1456 provideat,
1894 1409 1981 1453 sicut
1994 1408 2037 1449 ὼ·
2055 1410 2251 1446 animarum
2253 1408 2368 1457 saluti
2391 1419 2451 1446 ex-

321 1453 468 1502 pedire,
493 1452 536 1493 ώ·
556 1450 749 1501 Majestatis
780 1450 902 1501 Vestrae
926 1452 1083 1501 defiderio
1101 1463 1243 1500 gratum
1260 1456 1338 1502 fore
1362 1459 1581 1502 cognoverit.
1607 1457 1677 1495 Pro
1703 1465 1794 1493 certo
1818 1456 1942 1493 babeat
1966 1455 2124 1505 Majestas
2141 1455 2283 1508 Vestra,
2308 1456 2368 1492 nil
2386 1458 2451 1494 mi·

324 1501 363 1536 hi
389 1500 572 1547 antiquius
593 1511 743 1546 unquam
758 1500 836 1547 fore
860 1501 1174 1548 opportunitatibus
1198 1503 1260 1551 ipsi
1273 1503 1490 1552 infirviendi
1511 1528 1523 1547 ,
1548 1505 1646 1550 cujus
1671 1516 1791 1541 manus
1813 1505 1954 1541 interim
1980 1503 2165 1542 humillime
2189 1504 2386 1554 deosculor,
2409 1516 2451 1544 ae

315 1547 441 1597 felicia
455 1548 566 1584 omnia
587 1559 662 1585 cum
684 1548 857 1587 diuturna
874 1546 1137 1595 incolumitate,
1162 1551 1215 1588 rei
1235 1551 1437 1599 Christianae
1450 1551 1638 1600 securitati
1663 1561 1734 1598 tam
1756 1551 1938 1604 neceffaria
1954 1575 1969 1598 ‚
1987 1563 2030 1592 ex
2053 1555 2166 1592 animo
2181 1565 2349 1605 auguror.

1185 1643 1382 1695 Majestatis
1406 1644 1457 1684 Ve
1483 1657 1554 1693 rat.

415 1741 532 1779 Romae
556 1739 682 1788 XXV.
708 1738 809 1790 'Julii
833 1740 1115 1782 JWDCLXXI.

1256 1840 1484 1879 Humillimus
1496 1866 1509 1888 ,
1534 1840 1785 1891 Addifliffimus
1796 1865 1811 1886 ,
1835 1840 1880 1884 ὁ·
1897 1839 2164 1894 Obligatiffimus
2176 1846 2256 1887 Ser.

1498 1941 1737 1991 Cardinalis
1774 1941 1969 1991 Alterius
1987 1978 2002 1994 .

410 2063 492 2110 'Alia
517 2074 634 2104 autem
653 2087 669 2110 ,
691 2065 729 2103 δε
753 2063 896 2112 sequens
917 2065 981 2104 fuit
1004 2066 1155 2114 Epistola
1177 2067 1372 2107 Cardianus
1395 2039 1578 2106 Botromaei
1601 2071 1646 2106 ad
1668 2069 1814 2110 eundem
1842 2069 2125 2116 Augustiffimum
2149 2072 2250 2111 data:

963 2183 1092 2238 Sacra
1129 2189 1311 2258 Regalis
1346 2189 1527 2259 Cesarea
1562 2187 1797 2256 questas.

313 2360 316 2365 4
409 2309 464 2348 Ex
490 2309 535 2365 iis
548 2333 562 2353 ,
587 2321 661 2358 quae
681 2310 721 2347 in
743 2311 979 2360 responsoriale·
1003 2317 1083 2354 Suae
1107 2316 1314 2357 Sanffltatts
1339 2317 1449 2355 Brevi
1469 2316 1574 2367 fufius
1595 2317 1794 2354 continetur
1807 2340 1819 2359 ‚
1836 2313 2006 2363 facillime
2026 2315 2199 2366 intelliget
2223 2314 2342 2369 Vestra
2364 2321 2441 2360 Caea

309 2360 412 2410 sarta
438 2357 621 2407 Majestas‚
646 2358 747 2406 qua¹m
769 2369 936 2409 paterno,
960 2365 1004 2407 &⁶
1025 2366 1176 2414 proclivi
1199 2379 1281 2414 erga
1293 2366 1362 2413 sua
1384 2365 1545 2415 desideria
1558 2366 1700 2414 feratur
1722 2364 1836 2415 studio
1861 2364 2037 2403 Sanctitas
2046 2366 2121 2403 Sua
2143 2390 2157 2411 ‚
2181 2378 2255 2413 quae
2278 2370 2440 2420 Majesta-

313 2410 361 2446 tis
382 2403 504 2455 Vestrae
537 2406 694 2463 Qaesareae
715 2407 881 2454 singulari
905 2412 976 2450 zelo
1001 2436 1014 2457 ‚
1039 2414 1082 2455 &⁴
1101 2416 1232 2464 pietate
1251 2424 1404 2463 permota
1421 2438 1434 2458 ,
1461 2414 1651 2452 ‘Bohemicae
1667 2415 1919 2461 Capucinorum
1942 2413 2138 2452 Provinciae
2162 2413 2360 2464 affentietur
2383 2419 2440 2456 di-

311 2456 431 2504 visioni
450 2478 466 2498 ,
493 2465 593 2511 nov-ts
614 2456 653 2489 in
675 2454 864 2491 Germania
882 2459 1092 2508 exstruendis
1115 2462 1353 2500 Conventibns
1371 2471 1435 2511 per
1458 2464 1600 2501 Patrem
1623 2462 1768 2512 ejusdem
1790 2463 1879 2499 Sera
1902 2460 1971 2498 hici
1988 2461 2136 2499 Ordinis
2151 2465 2350 2503 Generalem
2358 2477 2441 2515 pro·

310 2503 429 2540 videri
445 2502 586 2539 curabit
603 2525 616 2544 ‚
642 2513 682 2537 ac
702 2503 889 2539 maturiori
909 2528 924 2548 ‚
946 2507 1104 2554 quomodo
1127 2519 1284 2547 votorum
1304 2512 1344 2545 in
1365 2512 1438 2559 jam
1463 2509 1579 2561 divisis
1595 2536 1608 2555 ,
1632 2521 1735 2559 atque
1758 2511 1797 2546 t'n
1814 2470 1977 2560 possgrum
2003 2511 2205 2549 dividendis
2229 2514 2437 2553 Provinciis

308 2550 463 2601 paritati
474 2549 520 2598 sit
540 2548 801 2608 consulendum,
816 2550 1006 2609 sedulitate
1025 2558 1213 2605 perpendet
1226 2584 1235 2592 .
1263 2557 1433 2595 vltranea
1451 2559 1532 2596 Suae
1552 2560 1759 2597 Sanfiitatis
1793 2570 1875 2606 erga
1897 2558 2038 2607 vestram
2065 2561 2250 2610 Caesaream
2269 2561 2433 2613 Majesta-

311 2608 379 2637 tem
395 2598 563 2646 propensio
583 2598 622 2634 td
646 2596 729 2634 maht
764 2598 900 2655 abstulit
924 2604 1067 2647 meriti,
1092 2606 1182 2653 quod
1201 2606 1346 2655 praefata
1366 2606 1518 2655 urgendo
1539 2611 1676 2656 negotia
1701 2608 1834 2645 lucrum
1857 2606 2051 2656 volumem,
2065 2608 2246 2658 licebitque
2263 2611 2438 2661 mihipra-

306 2656 427 2696 pterea
450 2656 539 2682 nova
563 2645 720 2702 Qaesareae
737 2647 930 2698 Mayestatis
950 2649 1072 2702 Vestrae
1093 2655 1133 2690 in
1145 2655 1311 2705 futurum
1327 2654 1415 2706 juffa
1434 2655 1619 2705 prestolari
1632 2681 1644 2701 ‚
1665 2657 1729 2705 quo
1741 2655 1904 2704 fialidiore
1917 2657 2070 2705 obsequio
2091 2670 2163 2695 mea
2172 2659 2334 2707 firmetur
2353 2671 2437 2708 ergo

311 2695 499 2745 Caesaream
512 2693 724 2746 Majestatem
736 2692 887 2747 Vestram
913 2699 1132 2751 observantia
1149 2728 1160 2746 ,
1182 2704 1281 2753 cujus
1298 2715 1418 2741 manus
1437 2703 1624 2742 humillime
1637 2703 1807 2755 deosculor
1819 2729 1833 2741 .

1083 2801 1243 2851 C'aesarete
1266 2799 1463 2853 Majestatis
1486 2799 1608 2854 Vestra

505 2884 619 2944 Reme
642 2886 672 2925 1·
702 2885 853 2938 ‘Augusti
866 2891 1119 2935 MDCLXXJ.

1242 3035 1496 3085 Humillimus,
1517 3036 1790 3088 Additiiffi'mus,
1814 3036 1859 3078 ἐἴν
1872 3033 2136 3091 obligatffgnus
2159 3039 2239 3080 Ser.
2312 3042 2315 3044 ’

1341 3132 1581 3200 fridericus
1617 3133 1855 3201 Cardinalis
1885 3135 2153 3202 Borromaeus.

2286 3826 2369 3883 :iq-j
