2638 4204
1025 200 1544 302 Rhenana.
2067 232 2229 313 327

239 341 286 392 &
322 339 496 390 finistris
522 340 906 391 informationibus
930 339 1225 392 sanstitatem
1249 337 1452 385 Vestram
1474 368 1488 389 ,
1521 329 1633 379 ficut
1653 326 1699 379 <St
1726 328 2107 379 Eminentiffirnos
2125 338 2282 387 Cardi-

239 414 357 460 nales
401 415 444 459 S.
482 411 861 481 Congregationis
895 408 1020 475 super
1056 410 1302 476 Regulares
1337 401 1517 454 subdole
1551 398 1846 448 eo'inducere
1883 400 2155 467 praesumant
2179 438 2195 461 ‚
2234 421 2283 456 ut

238 484 415 529 Fratres
449 485 647 530 Minores
671 476 943 531 s.Francisci
960 481 1180 544 Capucini
1201 512 1216 533 ,
1242 493 1319 543 per
1342 471 1624 539 Apostolicas
1645 467 1900 518 Sanstiones
1916 508 1930 529 ,
1961 476 1982 519 a
2001 490 2185 522 munere
2210 493 2281 525 ex.

235 551 423 617 cipiendi
455 550 760 601 Confeffiones
795 550 1018 599 Fidelium
1054 551 1095 594 in
1127 544 1244 594 hisce
1281 544 1479 612 partibus
1506 577 1522 598 ,
1564 539 1642 589 sub
1676 535 1842 587 frivolo
1876 558 2124 607 praetextu,
2161 545 2280 609 quafi

235 617 404 669 fuerint
433 621 488 670 ad
516 623 557 670 id
592 623 783 671 muneris
806 617 955 668 minus
987 617 1133 666 idonei
1152 651 1168 674 ,
1202 629 1437 663 arceantur
1460 647 1476 670 ,
1503 629 1591 661 non
1622 607 1821 658 obstante
1855 612 1946 673 ipsa
1976 617 2280 663 notoreitatQ,

234 687 282 740 ὃ(
314 692 583 759 experientia
603 727 617 749 ,
645 690 764 758 quod
801 689 971 738 scilicet
986 691 1159 736 Fratres
1178 685 1400 751 Capucini
1414 718 1427 741 ,
1447 684 1489 730 in
1517 678 1719 729 sestanda
1743 682 1839 727 vita
1859 686 1895 727 A
1905 681 2118 747 postolica
2136 720 2150 741 ,
2182 686 2280 732 imi·

233 762 371 809 tanda
393 777 652 829 paupertate
666 758 883 810 Crucifixi
903 795 917 816 ,
949 760 1048 806 zelo
1081 759 1379 809 Animarum,
1408 752 1609 817 quinimo
1640 748 1686 800 ὅ(
1719 752 1760 798 in
1794 747 1894 798 sana
1934 749 2071 801 solida
2107 755 2278 809 dotsiri->

231 848 287 878 na
307 866 323 888 ,
353 849 439 880 non
471 830 614 881 solum
644 831 759 877 nulli
779 829 946 877 Ordini
975 826 1218 876 hodiedum
1248 823 1403 871 cedere
1428 856 1443 878 ,
1475 820 1634 869 verum
1665 822 1800 868 etiam
1840 817 2083 886 respeffive
2123 822 2279 891 pleris-

230 918 314 966 que
341 900 460 968 quafi
490 904 683 967 palmam
709 901 944 965 praeripere
974 897 1242 951 videantur3
1273 890 1546 956 proindeque
1577 908 1659 956 pro
1687 891 2003 940 convertendis
2027 895 2276 952 haeretjcjs,

228 970 542 1021 conservandis
567 965 831 1022 Conversis,
861 966 909 1016 c&
935 969 1063 1014 malis
1077 963 1339 1015 Christianis
1365 997 1381 1020 ,
1410 961 1683 1027 excipiendis
1713 957 2080 1011 Confeffionibus
2117 967 2276 1013 revera

229 1040 326 1088 aliis
356 1037 503 1088 multo
541 1038 685 1106 magis
713 1035 863 1086 idonei
887 1034 1090 1083 censendi
1122 1033 1255 1093 sunt,
1289 1030 1486 1082 maxime*
1508 1049 1612 1103 cum
1647 1033 1806 1098 vigore
1829 1030 2020 1081 Ordinis
2040 1067 2054 1088 ,
2081 1031 2129 1082 ὃ(
2151 1034 2278 1082 insti-

227 1113 314 1158 tuti
347 1107 410 1157 sui
430 1143 444 1165 ,
471 1106 624 1174 spretis
653 1105 963 1174 corporalibus
991 1106 1307 1154 emolumentis
1336 1101 1531 1170 (quibus
1559 1099 1817 1168 saepiusculo
1846 1101 1919 1150 alii
1944 1103 2164 1159 nimium,
2192 1099 2277 1168 pr&

232 1178 393 1228 dolor!
421 1178 669 1234 inhiantes,
703 1194 863 1243 parum
898 1178 940 1224 in
969 1175 1244 1242 procuranda
1277 1174 1499 1222 Fidelium
1530 1169 1670 1221 salute
1696 1170 1972 1233 proficiunt)
2002 1171 2144 1222 solum
2170 1174 2281 1221 Ani-

229 1265 408 1297 marum
437 1249 617 1296 lucrum
643 1245 795 1295 seflari
826 1246 1087 1295 videantur:
1124 1259 1258 1311 prout
1289 1245 1424 1292 etiam
1455 1241 1604 1290 nostra
1635 1245 1882 1292 Germania
1904 1278 1918 1301 ,
1950 1242 1997 1293 ὅ(
2032 1245 2074 1290 in
2107 1241 2278 1310 specie..

230 1334 359 1366 meus
394 1315 685 1384 Episcopatus
716 1313 932 1383 Spirensis
948 1350 963 1373 ,
988 1315 1060 1364 ubi
1095 1328 1278 1382 propter
1306 1312 1583 1367 vicinitatem
1606 1314 1984 1362 Acatholicorum
2015 1314 2061 1363 δι,
2082 1315 2278 1381 paucita-

230 1403 327 1436 tem
353 1390 680 1455 operariorum
712 1386 1008 1443 idoneorum,
1039 1383 1174 1452 opera
1192 1385 1539 1451 Capucinorum
1568 1385 1683 1432 citra
1697 1383 1822 1433 Fidei
1850 1383 2142 1434 Orthodoxae
2171 1402 2279 1450 prae-

221 1459 446 1520 judicium
473 1475 752 1525 nequaquam
778 1474 927 1506 carere
955 1454 1125 1524 possum
1144 1490 1159 1513 ‚
1188 1453 1234 1504 &
1252 1471 1407 1502 omnes
1425 1470 1608 1503 mecum
1632 1452 2000 1522 Arcbiepiscopi,
2031 1453 2075 1505 ἃ
2101 1452 2278 1520 Episco-

227 1528 272 1593 pi
306 1529 468 1577 harum
495 1530 688 1595 partium
716 1530 1155 1577 ultramontanarum
1188 1523 1364 1573 abunde
1389 1522 1534 1573 testari
1568 1523 1775 1592 poliunt,
1805 1525 2025 1592 quantum
2058 1525 2275 1575 videlicet

227 1595 380 1646 fideles
407 1596 515 1665 saepe
541 1596 768 1649 distorum'
802 1594 1136 1666 Religiosorum
1165 1594 1306 1644 verbo
1326 1593 1372 1644 ὅ(
1391 1612 1525 1661 opere
1550 1596 1746 1644 multum
1779 1598 2050 1663 pollentium
2070 1631 2084 1652 ,
2111 1595 2278 1644 destri-

225 1668 281 1715 na'i
310 1666 439 1724 sanai,
469 1668 559 1717 vitai
582 1704 597 1726 ,
630 1669 837 1735 exemplo
862 1668 908 1717 <Sc
938 1666 1221 1727 instrufflone
1247 1662 1545 1731 profecerint.
1583 1666 1776 1714 Proinde
1812 1666 1867 1714 ad
1901 1666 2154 1715 cavendum
2192 1669 2277 1715 in..-

225 1738 293 1786 his
320 1738 520 1804 partibus
547 1736 793 1787 universale
820 1735 1076 1785 scandalum
1099 1735 1144 1786 δι
1171 1735 1423 1802 periculum
1444 1734 1632 1802 publicae
1654 1739 1980 1785 commotionis
2004 1740 2045 1785 in
2067 1738 2239 1804 populo
2256 1771 2272 1794 ,

226 1826 279 1855 ac
305 1809 586 1857 desolationis
616 1821 686 1856 tot
713 1808 908 1856 millium
938 1809 1239 1863 Animarum,
1269 1804 1324 1854 ab
1350 1806 1526 1854 Ordine
1558 1807 1639 1854 isto
1671 1822 1771 1856 tum
1791 1806 2114 1856 conversarum
2132 1843 2145 1864 ‚
2174 1822 2278 1856 tum

224 1876 586 1927 conservatarum
603 1914 616 1935 ‚
644 1878 839 1944 alioquin
855 1877 899 1925 in
916 1876 1034 1925 hisce
1063 1874 1304 1943 praesertim
1331 1875 1556 1925 bellorum
1586 1876 1632 1927 ὅ(
1656 1875 1872 1927 haeresum
1896 1877 2113 1927 fludiibus
2138 1878 2279 1926 maxi-

223 1946 294 1994 me
326 1951 675 2013 periclitantium
701 1983 716 2005 ,
767 1945 967 2014 supplico
995 1949 1228 1997 Sanftitati
1265 1945 1434 1996 Vestra>
1477 1948 1601 1995 omni
1632 1985 1645 2005 ,
1691 1947 1777 2015 quii
1806 1946 1981 2016 poss'um
2011 1983 2025 2005 ‚
2067 1966 2281 1996 reveren-

161 2034 170 2042 *
223 2015 286 2064 tia
309 2015 355 2065 ὅ(
388 2015 702 2075 submiffione,
733 2033 947 2082 quatenus
980 2019 1150 2080 rejeffis
1169 2018 1256 2067 illis
1285 2014 1460 2066 frivolis
1488 2021 1763 2068 aemulorum
1787 2020 2200 2067 machinationibus
2217 2015 2280 2067 se-

223 2102 278 2151 pe
312 2089 573 2135 mentionati
596 2087 806 2152 Religiosi
829 2089 1048 2154 Capucini
1075 2089 1132 2138 ad
1149 2090 1230 2136 Dei
1258 2093 1476 2150 majorem
1502 2091 1697 2157 gloriam
1728 2087 1775 2139 &
1799 2090 1972 2140 Sanstae
1996 2091 2160 2138 Matris
2194 2094 2281 2138 Ec-

224 2153 362 2204 clesiae
396 2153 636 2206 subsidium
662 2193 677 2214 ,
723 2159 766 2204 in
797 2160 1139 2207 Sacramentalis
1168 2155 1471 2207 Confeffionis
1499 2159 1885 2209 administratione
1920 2159 2073 2209 sedula
2093 2196 2108 2218 ,
2142 2159 2274 2209 verbi

224 2226 312 2276 Dei
339 2227 651 2291 praedicatione
679 2223 902 2285 ferventi,
932 2226 1170 2294 salutisque
1190 2230 1464 2278 Animarum
1489 2232 1813 2299 propagatione
1832 2266 1845 2287 ,
1880 2232 2045 2298 quibus
2084 2230 2282 2279 muneri-

223 2295 307 2344 bus
341 2297 550 2344 haetenus
585 2296 868 2344 laudabiliter
887 2332 901 2353 ‚
932 2296 977 2346 <Sc
1008 2297 1095 2346 fine
1125 2295 1291 2346 offensa
1310 2332 1324 2355 ,
1357 2301 1486 2348 omni
1513 2301 1611 2353 meai
1641 2299 1940 2350 satisfaffione
1978 2303 2021 2349 in
2055 2319 2158 2349 meo
2193 2305 2279 2349 Ar·

224 2364 556 2432 cbiepiscopatu
571 2364 831 2415 Trevirenfi
849 2401 863 2424 ‚
890 2365 935 2416 ὅ(
952 2366 1223 2434 Episcopatu
1239 2368 1434 2435 Spirensi
1459 2375 1666 2440 occupati
1692 2369 1893 2426 fuerunt,
1926 2374 1969 2421 in
1997 2369 2154 2421 iisdem
2172 2386 2282 2437 quo-

226 2452 314 2501 que
337 2436 591 2485 sanetitatis
615 2435 779 2485 Vestrae
801 2438 1073 2486 authoritate
1102 2452 1507 2498 manuteneantur,
1532 2440 1896 2500 confirmentur,
1924 2441 2017 2491 im&
2049 2445 2177 2491 novis
2216 2443 2277 2488 in·

228 2504 364 2553 dultis
392 2522 476 2570 pro
503 2503 712 2555 securiori
738 2507 1000 2573 meliorique
1023 2510 1297 2557 Animarum
1327 2507 1465 2558 salute
1484 2513 1528 2557 in
1556 2515 1665 2560 meis
1677 2519 1770 2575 jam
1790 2513 1922 2562 distis
1943 2512 2148 2561 Eccleliis
2175 2528 2277 2578 pro·

227 2574 423 2623 curanda
447 2577 760 2636 cumulentur3
793 2573 1011 2642 fiquidem
1048 2578 1100 2626 εὸ
1131 2578 1357 2628 uberiores
1390 2581 1436 2628 in
1469 2583 1612 2631 Vinea
1643 2584 1832 2634 Domini
1865 2582 2034 2634 frustus
2073 2580 2277 2650 sperandi

224 2642 590 2712 exspefiandique
609 2643 723 2705 fint,
753 2645 843 2714 quo
870 2644 1159 2698 ferventiores
1183 2649 1229 2701 <Sc
1263 2652 1407 2717 magis
1437 2650 1585 2700 idonei
1604 2655 1844 2717 Operarii,
1884 2655 2013 2700 velut
2044 2654 2173 2719 Legis
2189 2653 2276 2701 Dei

227 2711 275 2762 ὅ(
297 2715 569 2764 Animarum
598 2719 697 2782 puri
731 2719 973 2776 zelatores,
1001 2721 1166 2768 nullius
1200 2717 1310 2769 vero
1341 2721 1511 2785 proprii
1546 2719 1781 2768 commodi
1810 2722 2011 2770 cultores
2040 2724 2085 2770 in
2116 2739 2167 2771 ea
2194 2736 2276 2769 ex-

228 2782 415 2833 colenda
440 2783 666 2834 constituti
695 2785 741 2836 ἃ
771 2789 978 2854 applicati
1012 2787 1203 2837 fuerint.
1234 2786 1374 2839 Hisce
1402 2806 1474 2837 me
1499 2786 1590 2839 &cu

364 2859 538 2905 Datum
561 2858 768 2906 Treviris
800 2874 824 2903 2
834 2872 879 2918 5.
898 2859 1068 2923 Aprilis
1097 2863 1239 2908 Anno
1256 2868 1399 2921 1650.

1404 2995 1625 3065 Philippus
1656 2997 1967 3068 Christophorus
1983 3036 1997 3050 .

366 3132 629 3193 Ρνοτεὲἶο,ύ’
639 3133 1096 3203 auHostthenenstum
1115 3135 1461 3204 nomine,auflzsq;
1483 3140 1687 3190 eorundem
1705 3140 1906 3189 Coenobiis
1925 3141 2074 3208 cenfiaeit
2090 3139 2278 3188 Clemens

233 3201 323 3253 ΡΡ.
346 3201 436 3254 ῘΧ.
466 3209 781 3270 multiplicatam
806 3208 909 3254 hanc
938 3205 1156 3252 Familiam
1185 3212 1229 3254 in
1261 3207 1360 3254 duas
1372 3207 1640 3259 dividendam
1663 3211 1914 3260 Provincias
1938 3231 1952 3269 ;
1989 3213 2121 3278 quod,
2150 3212 2279 3259 dum-⁴

235 3278 357 3323 ‚Anno
384 3275 893 3343 millefi'mosexcentesi'mo
913 3275 1162 3342 fixagefimo
1182 3277 1333 3326 offavo
1357 3277 1404 3325 P.
1422 3277 1630 3345 Prothasto
1654 3281 1957 3348 Mediolanetfi
1977 3297 2281 3338 commitatur,

229 3361 344 3391 unam
383 3353 419 3392 is
462 3346 732 3396 Pro-vinciam
770 3349 926 3393 nomine
939 3345 1217 3394 Colonienfis
1236 3346 1402 3413 insignit
1429 3383 1445 3404 ,
1491 3350 1545 3396 &⁴
1577 3352 1701 3400 alteri
1725 3356 2015 3419 primigenium
2045 3370 2182 3399 nomen
2218 3370 2281 3398 re-

234 3413 384 3481 linquit
400 3451 412 3463 .

369 3484 467 3533 Haec
493 3488 631 3553 itaque
661 3484 863 3533 Rhenana
897 3483 1080 3534 Familia
1105 3483 1131 3528 ὰ
1161 3486 1291 3545 primo
1308 3484 1384 3550 βο
1409 3506 1523 3537 mane
1549 3524 1563 3546 ‚
1588 3490 1707 3558 usque
1733 3495 1778 3539 in
1804 3491 2035 3556 praesbntem
2069 3490 2278 3540 meridiem

234 3553 279 3599 in
310 3554 423 3619 Agra
439 3555 654 3604 Dominico
671 3556 812 3620 stare,
832 3558 1028 3621 proficere
1057 3571 1104 3600 ac
1131 3549 1320 3616 defiaedare
1347 3557 1500 3623 afflicta
1524 3595 1537 3615 ‚
1564 3560 1661 3627 fisos
1687 3577 1762 3627 per
1781 3563 1977 3609 Alumnos
1995 3598 2009 3619 ,
2043 3580 2089 3609 ac
2107 3577 2183 3629 per
2205 3564 2277 3610 hos

234 3625 279 3668 in
308 3621 450 3669 horrea
471 3625 648 3692 Ecclestae
671 3625 815 3674 dlacos
846 3625 1070 3688 manipulos
1086 3657 1102 3679 ,
1128 3629 1362 3672 vocationis
1381 3629 1466 3694 [ἔκ
1498 3649 1679 3677 numeros
1691 3632 1849 3697 studuit
1867 3633 2088 3697 adimplere
2103 3670 2115 3682 .
2159 3633 2277 3680 Duas

235 3689 451 3739 Civitates
470 3726 485 3749 ,
507 3693 787 3743 Bensbemium
810 3697 1013 3745 ‘videlicet
1039 3729 1054 3752 ‚
1083 3698 1134 3740 ὃ
1167 3691 1375 3753 Lohram,
1411 3703 1497 3748 tria
1525 3700 1690 3765 Oppida
1710 3737 1724 3757 ,
1755 3702 1943 3765 [iilic-et,
1975 3700 2242 3769 Saxoregtum
2262 3731 2277 3753 2

235 3760 546 3810 Hernshemt'um
561 3797 578 3820 ,
603 3771 655 3814 ΕΞ
678 3764 927 3833 Burgsinam
943 3800 959 3824 ,
986 3782 1031 3812 ac
1061 3778 1146 3811 tres
1169 3763 1330 3832 Pagos,
1357 3783 1493 3835 nempe
1523 3769 1670 3819 Fellen
1683 3805 1699 3828 ,
1719 3772 2046 3841 Wangenrodam
2066 3809 2082 3832 ‚
2105 3767 2157 3821 &¹
2174 3772 2280 3818 Ren-

2133 3851 2229 3894 ger-
