2658 4256
500 229 505 232 ’
994 236 998 242 ·
1439 236 1452 248 υ
1569 236 1574 240 ·
1610 233 1624 247 0

431 257 542 351 70
901 296 1064 307 a..
1153 230 1692 316 Provincia

370 370 460 422 sam,
474 382 550 407 eum
564 367 696 405 hortulo
711 365 781 414 ipsis
796 363 817 400 ἁ
828 365 981 403 Praetore
996 374 1030 414 p.
1047 360 1272 409 mDefuneio
1288 361 1460 398 Civitatis
1474 359 1586 408 nostra
1611 360 1756 404 donato,
1769 358 1950 408 formalem
1971 360 2010 396 in
2019 361 2231 400 Conveniam
2252 362 2310 399 vel
2323 360 2447 399 Mona-

373 419 518 471 sterium
538 417 725 464 aedificare3
749 425 808 449 nec
824 412 883 465 effe
904 414 1024 451 diHam
1036 409 1283 449 Domunculam
1302 421 1377 445 cum
1390 409 1516 445 modico
1538 407 1635 447 horto
1648 411 1843 457 contiguam
1864 407 2067 458 Monaflerio
2089 410 2162 450 Pp,
2179 410 2448 459 Augustinjano.

379 480 458 504 rum
470 492 481 509 ‚
499 466 562 515 sed
583 463 755 512 publicam
781 462 1018 499 intermediam
1033 459 1202 498 Civitatis
1222 456 1335 507 nostroe
1351 457 1498 506 plateam
1518 470 1526 490 ε
1553 468 1611 491 nos
1633 468 1763 504 quoque
1782 469 1915 494 murum
1930 455 2074 502 hortuli,
2085 458 2179 505 forta
2201 471 2227 495 ts
2236 460 2281 496 ad
2304 471 2336 505 5.
2352 455 2410 492 vel
2420 456 2452 490 6.

374 516 475 564 pedes
488 541 500 558 ,
521 513 609 559 erigi
618 507 789 562 permififfe
799 519 862 557 pro
875 510 1022 547 tollendo
1039 506 1209 556 prospeflu
1221 518 1288 541 non
1306 504 1483 556 neceffario
1492 513 1617 553 proper
1634 503 1792 554 foramen
1801 506 1893 542 muri
1909 505 2104 543 Conventus
2129 508 2170 543 P
2207 512 2333 555 ‚Augu
2361 506 2453 541 inia-

374 575 521 603 normn,
546 560 635 607 quod
654 557 673 592 ἒ
693 559 831 604 regione
851 559 929 605 casu
955 570 996 595 ex
1018 558 1124 594 ruina
1142 556 1271 591 camini
1283 557 1423 602 antiqui
1439 565 1592 601 apertum
1617 563 1735 591 extat.

471 607 645 655 Occafione
662 605 766 654 hujus
793 607 1018 657 attestationis
1043 605 1240 652 deponimus
1252 606 1355 640 etiam
1367 626 1380 645 ‚
1405 603 1494 651 quod
1511 603 1632 639 Patres
1649 603 1836 650 Capacini‚
1853 600 1963 640 veluti
1979 601 2182 651 Miffionarii
2194 627 2204 643 ‚
2223 612 2283 651 per
2294 600 2449 686 «Ap‘oAIo-

374 658 458 696 licas
475 655 739 703 Constitutiones
761 655 808 690 ad
829 655 971 704 nostram
986 654 1177 691 Civitatem
1197 661 1278 688 ante
1301 652 1455 698 triginta
1473 651 1615 686 circiter
1629 662 1735 685 anuos
1753 674 1765 692 ‚
1786 661 1869 687 tunc
1881 651 2028 699 hereseos
2037 651 2112 687 labe
2127 649 2280 688 totaliter
2295 652 2366 700 infe
2397 661 2450 686 am

373 707 476 743 locati
498 702 641 750 fuerint
654 726 666 745 ‚
691 702 887 739 Ordinario
911 703 1141 750 consentiente
1154 727 1163 742 ,
1185 700 1293 748 deque
1316 700 1475 736 mandato
1491 701 1543 735 Su
1566 699 1716 735 eriorum
1733 699 1882 735 Ordinis
1889 701 1950 747 sui
1969 710 2040 736 tres
2057 699 2279 782 plerumque,
2296 701 2352 734 vel
2391 709 2453 735 ua-

373 765 453 793 tuor
474 752 741 789 Concionatores
755 752 889 787 interea
903 752 1064 798 temporis
1082 750 1184 797 usque
1197 749 1288 785 mods)
1294 747 1447 796 fideliter
1462 750 1499 782 in
1551 750 1630 782 inea
1643 747 1783 783 Domini
1803 749 1819 794 (
1831 748 2068 796 deficientibus
2083 748 2192 786 Paroc
2217 747 2246 782 is
2261 773 2272 787 ‚
2298 746 2339 787 ὠ·
2391 744 2454 793 eli·

367 801 462 850 giofis
484 800 587 842 aliis,
611 801 672 847 qui
693 799 879 847 quidquam
899 801 995 835 bonis
1020 798 1199 846 exemplis,
1221 795 1484 844 &Evangelica
1504 794 1657 830 doffrina
1676 795 1895 847 prestarent)
1919 796 2160 834 laboraverint
2170 797 2209 831 in
2224 794 2382 832 Civitate
2394 804 2455 830 no·

364 850 439 899 stra
453 872 466 891 ,
485 848 630 895 locisque
643 847 831 895 confinibus
878 846 984 896 herefi
992 848 1147 895 undique
1159 847 1383 882 circumdatis
1397 869 1410 887 ‚
1431 845 1473 885 (ς’
1487 843 1546 879 hoc
1560 854 1634 879 cum
1644 844 1795 892 periculo
1807 846 1881 892 vite
1895 869 1908 888 ‚
1927 853 2132 894 paupertate
2136 845 2270 893 summa
2281 866 2294 887 ‚
2318 841 2451 885 calore,

364 897 501 946 frigore
510 920 524 941 ,
548 898 731 944 multisque
745 895 1001 933 calamitatibus
1013 896 1164 944 perpeffis
1179 919 1191 938 ‚
1204 895 1251 942 sic
1263 895 1352 942 quod
1367 894 1508 931 Civitas
1522 890 1632 940 nostra
1649 901 1711 940 per
1717 892 1871 942 strenuos
1886 905 1999 931 eorum
2022 893 2154 931 labores
2176 893 2221 929 ab
2235 890 2383 939 hereseos
2405 899 2457 925 er·

369 945 509 983 roribus
526 943 764 995 jamsttfhrm&
777 944 935 982 totaliter
944 953 1097 993 purgata
1112 972 1121 987 ,
1145 942 1356 990 confiniaque
1370 942 1440 978 loca
1455 940 1617 987 hereticis
1637 944 1814 981 commixta
1839 943 1858 990 (
1866 954 1932 990 (μς
1943 951 2003 989 per
2018 945 2051 979 6.
2064 941 2123 979 vel
2135 953 2169 990 7.
2185 939 2351 978 milliaria
2373 948 2457 975 com·

371 994 601 1041 migrarunt)
621 994 840 1030 concionibus
857 1005 972 1030 eorum
982 1019 994 1038 ,
1022 995 1122 1036 vita,
1148 993 1368 1038 doffrinaque
1379 1016 1390 1034 ,
1416 986 1536 1036 infide
1551 986 1632 1024 ver?
1645 989 1821 1027 Catholica
1834 992 2034 1039 conservata
2047 1015 2058 1027 .
2085 991 2126 1027 In
2143 990 2242 1039 cujus
2255 988 2361 1025 robur
2377 1011 2389 1031 ,
2413 986 2456 1028 ῥ’

366 1043 468 1093 fidem
489 1054 547 1077 nos
564 1040 817 1090 subscripfimus
826 1051 967 1090 propter
981 1042 1158 1079 ‘Amorem
1172 1041 1264 1083 Dei,
1289 1040 1553 1080 &Animarum
1563 1036 1712 1085 salutem
1727 1064 1739 1082 ‚
1764 1040 1823 1076 has
1841 1039 2045 1086 inspefiiuros
2069 1049 2230 1088 rogantes
2251 1062 2263 1080 ‚
2309 1045 2457 1074 uatenur

365 1089 515 1140 frivolis
529 1090 677 1139 querelis
691 1115 703 1134 ,
727 1091 769 1132 ὁ
795 1090 918 1127 litibus
941 1091 1129 1128 inutilibus
1149 1091 1166 1136 (
1181 1100 1246 1123 uon
1263 1088 1335 1136 fine
1354 1085 1637 1144 scandaffifufim
1655 1090 1774 1136 gregis
1784 1086 1955 1126 Catholici
1967 1113 1980 1132 ,
2005 1099 2134 1124 necnon
2149 1086 2284 1125 Acatho
2300 1087 2428 1121 icorum
2443 1107 2458 1127 ‚

373 1140 439 1189 qui
457 1139 496 1174 id
511 1140 710 1185 notarunt.)
730 1147 792 1185 per
807 1139 882 1177 PP:
895 1140 1020 1187 esIugu
1049 1141 1186 1173 inianos
1212 1137 1379 1173 contextis
1385 1135 1491 1182 finem
1507 1143 1678 1181 imponere
1690 1136 1803 1174 velint
1815 1162 1825 1173 .
1852 1135 1950 1188 Q:
1964 1137 2059 1174 Deus
2074 1136 2121 1174 Ο.
2136 1137 2194 1176 Μ.
2219 1135 2452 1185 conservare„

375 1187 470 1226 velit
481 1212 491 1225 .
515 1186 658 1226 offlam
682 1186 776 1237 Wilg
800 1189 839 1223 in
856 1187 1004 1238 Imperia
1019 1188 1033 1222 i
1046 1187 1206 1224 Civitate
1222 1185 1331 1237 nostra
1343 1187 1464 1222 vinno
1479 1181 1736 1222 M‘DCLXV.

957 1294 1139 1331 eAndreas
1166 1291 1268 1330 Eblin
1294 1291 1434 1341 Consul.

954 1341 1118 1379 Michaafl
1139 1343 1250 1379 Grein
1276 1341 1416 1390 Consul.

953 1391 1168 1440 Weitpertus
1194 1389 1332 1439 Meister
1353 1389 1373 1426 ὰ
1386 1390 1538 1430 Secretis
1556 1414 1566 1426 .

473 1489 670 1536 episcopali
684 1513 695 1531 ‚
717 1489 751 1524 ἃ
770 1489 962 1536 Magistrali
975 1486 1180 1524 testimoniis
1194 1485 1380 1534 preepofitis
1395 1488 1499 1522 robur
1514 1487 1672 1523 ultimum
1684 1486 1816 1524 addidit
1827 1488 1972 1533 epistola
1983 1509 1997 1528 ‚
2020 1498 2089 1534 qua
2105 1485 2367 1531 Augustiffimus
2383 1488 2451 1524 Im·

377 1547 515 1586 perator
529 1537 913 1583 Leopoldus‚Civitatis
923 1561 936 1580 ‚
961 1537 995 1572 &
1009 1537 1162 1571 Fratrum
1178 1537 1311 1572 causam
1321 1558 1335 1578 ,
1360 1536 1551 1583 patrocinio
1563 1535 1675 1574 Emin.
1685 1536 1878 1573 cardinatis
1889 1536 2008 1573 Haffiae
2018 1560 2032 1580 ,
2057 1535 2271 1573 Germanica
2288 1535 2456 1573 Nationi:

379 1585 471 1631 apud
498 1586 535 1623 S.
549 1586 671 1622 Sede‘m
683 1585 894 1624 Proteaoris
913 1583 1075 1621 suffulciri
1093 1582 1186 1630 juffit
1200 1583 1345 1630 epistola
1358 1606 1371 1628 ‚
1389 1595 1464 1630 quee
1481 1585 1659 1630 sequitur:

376 1683 738 1750 Reverendiffi’mo
771 1686 814 1729 in
847 1681 1018 1734 Christo
1047 1679 1203 1737 Patri,
1240 1682 1293 1727 ἔτ
1325 1678 1612 1747 Illussrisiimo
1644 1682 1824 1730 Domino
1859 1683 2074 1733 Friderico
2091 1719 2107 1742 ‚
2136 1681 2251 1737 SR.
2274 1681 2458 1752 Ecclefi'ae

551 1759 625 1804 tit.
665 1755 709 1803 S.
739 1751 919 1802 Nicolai
950 1759 995 1801 in
1029 1751 1202 1800 Carccre
1238 1751 1448 1801 Tulliano
1483 1753 1701 1801 Cardittali
1717 1788 1732 1811 ,
1767 1751 2047 1822 Landgravio
2083 1753 2240 1820 Hafitae
2255 1790 2272 1815 ,
2315 1752 2328 1770 ⁹
2418 1750 2426 1753 Α

655 1825 784 1890 nostro
810 1826 854 1871 in
883 1824 1013 1872 Curia
1035 1822 1223 1872 Romana
1241 1823 1418 1871 Oratori
1430 1859 1444 1880 ,
1479 1822 1686 1891 Magistro
1714 1826 1890 1871 Ordinis
1921 1822 1964 1872 S.
1984 1825 2173 1892 ‘Joannis

752 1897 796 1941 i-n'
831 1894 1078 1943 Alemannia
1097 1927 1112 1949 ,
1146 1892 1351 1941 Nationis
1379 1894 1631 1943 Germanicae
1662 1895 1894 1943 ProteHori
1911 1932 1927 1954 ,
1955 1895 2105 1946 dileilo

863 1965 1007 2014 Nobis
1024 1967 1154 2014 amico
1173 1999 1190 2022 ,
1218 1964 1402 2030 Cognato
1415 1999 1430 2021 ,
1456 1972 1506 2012 &²
1528 1964 1717 2031 Principi
1733 1968 1961 2016 amicitiam

1170 2041 1223 2084 εἷθ’
1253 2053 1365 2082 omne
1391 2034 1535 2084 bonum
1555 2037 1647 2084 (Tc.

382 2179 384 2181 -
474 2153 609 2203 Qalia
622 2152 785 2204 obstacula
797 2179 810 2198 ,
825 2154 899 2192 PP.
913 2154 950 2192 A
955 2152 1165 2203 ugustiniani
1177 2153 1216 2187 in
1241 2151 1351 2202 nostra
1367 2178 1377 2191 ‚
1400 2153 1443 2194 ὠ·
1464 2154 1504 2191 S.
1520 2153 1657 2200 Imperii
1671 2153 1764 2190 vrbe
1776 2152 1917 2188 Wilana
1941 2151 2028 2191 ‘PR
2047 2152 2235 2202 Capucinis
2244 2177 2258 2197 ,
2272 2152 2364 2191 inibi
2375 2154 2456 2192 con-

384 2200 499 2252 cessam
516 2202 644 2250 abipsa
661 2202 754 2237 vrbe
763 2202 937 2250 fabricam
950 2202 1220 2253 construentibus
1238 2223 1250 2243 ‚
1273 2201 1385 2236 Romae
1411 2203 1503 2249 apud
1509 2203 1561 2239 .S.
1579 2202 1884 2248 Congregationem
1908 2201 1949 2237 de
1959 2203 2182 2250 propaganda
2198 2200 2279 2239 Fide
2303 2202 2457 2251 obtruse-

378 2253 457 2286 rint
472 2263 484 2291 ;
511 2252 566 2288 uti
579 2262 641 2286 nec
653 2252 766 2287 minus
781 2275 793 2295 ‚
817 2252 982 2299 quantum
999 2251 1114 2287 eadem
1135 2251 1276 2287 Civitas
1290 2248 1456 2286 allaboret
1469 2276 1481 2292 ,
1507 2249 1571 2298 qut)
1597 2250 1698 2285 difies
1713 2251 1908 2297 Capucinos
1931 2250 1948 2294 (
1959 2253 2020 2296 qui
2046 2262 2113 2286 non
2124 2250 2232 2298 solum
2250 2251 2457 2301 gravifflnn's

376 2297 456 2336 belli
467 2299 673 2347 temporibus
683 2323 696 2342 ‚
712 2299 776 2347 sed
795 2299 838 2341 ὼ·
867 2301 948 2336 inde
962 2299 1133 2348 hucusque
1149 2296 1254 2336 zelos&
1276 2308 1378 2345 atque
1392 2298 1582 2348 constanter
1595 2322 1608 2342 ,
1622 2299 1757 2346 sacram
1779 2297 1928 2339 ibidem,
1949 2298 1992 2339 ὠ·
2004 2299 2042 2333 in
2058 2300 2193 2335 vicinia
2207 2299 2457 2336 Catholicanu

372 2346 586 2394 Religionem
610 2348 833 2385 cultivarunt
843 2373 854 2391 ,
883 2349 926 2389 (ς’
942 2351 1129 2384 etiamnum
1147 2346 1355 2392 cultivant.)
1380 2347 1475 2383 ultra
1488 2371 1502 2390 ,
1525 2348 1567 2388 ὼ·
1581 2346 1769 2395 proesertim
1787 2346 1957 2382 mediante
1975 2345 2118 2393 fabrica
2130 2351 2332 2395 nuncupata
2352 2357 2457 2396 penes

366 2395 407 2445 se
419 2397 621 2443 conservare
633 2406 735 2444 queat
748 2421 759 2439 ,
785 2409 926 2445 eumque
945 2398 984 2432 in
1005 2396 1111 2443 finem
1129 2422 1142 2440 ,
1167 2405 1335 2444 quatenus
1351 2395 1429 2434 Nos
1443 2396 1502 2431 hoc
1528 2397 1567 2431 in
1581 2397 1659 2444 casu
1678 2404 1740 2442 per
1768 2394 1984 2431 Charitatem
1998 2394 2140 2444 vestram
2153 2419 2165 2437 ‚
2190 2405 2354 2444 tanquam
2367 2395 2458 2433 Ger-

374 2444 517 2483 manica
532 2442 704 2481 Nationis
716 2444 964 2486 Ρνοῑεδῗονεησ,
986 2446 1204 2492 interponere
1222 2443 1364 2492 nostram
1379 2444 1614 2481 auffloritatem
1632 2444 1856 2491 dignaremur
1871 2467 1882 2485 ‚
1910 2443 2186 2494 obsequentssim&
2199 2444 2369 2492 supplicet
2381 2469 2394 2488 ,
2418 2445 2459 2481 id

373 2502 470 2529 omne
485 2490 650 2529 Charitas
664 2491 773 2540 vestra
787 2504 828 2529 ex
844 2493 980 2541 adjefiis
999 2494 1104 2540 copiis
1126 2490 1147 2527 ὰ
1158 2493 1246 2527 dieta
1261 2492 1419 2529 Civitate
1444 2493 1500 2529 die
1520 2506 1572 2529 12.
1588 2493 1756 2539 Septemb.
1772 2490 1964 2539 nuperrim&
1984 2493 2147 2529 datarum
2168 2493 2214 2528 ad
2225 2493 2302 2531 Nos
2323 2494 2458 2530 littera-

377 2551 456 2578 rum
466 2541 641 2588 percipere
650 2543 780 2587 poterit
827 2543 913 2579 Cum
928 2552 1006 2587 ergo
1021 2542 1107 2577 hanc
1116 2541 1388 2589 supplicantium
1401 2542 1626 2578 intentionem
1639 2540 1681 2581 ὠ·
1693 2540 1890 2589 instantiam
1903 2540 1942 2575 in
1945 2540 2056 2588 seipsa
2074 2552 2140 2575 non
2157 2541 2315 2590 injustam
2333 2541 2456 2579 videa-

375 2600 469 2629 mus,
495 2588 610 2638 eosque
630 2589 704 2624 ideo
716 2588 952 2638 clementtffime
969 2589 1160 2637 satisfaffi'os
1183 2587 1242 2640 effe
1255 2590 1428 2636 cupiamus
1442 2602 1455 2629 ς
1481 2601 1541 2625 nec
1563 2591 1666 2626 etiam
1680 2591 1888 2636 ambigamus
1904 2613 1913 2628 ‚
1943 2589 2157 2626 Charitatem
2178 2590 2321 2639 vestram
2338 2590 2454 2639 seipsa

371 2637 478 2687 juxta
496 2637 691 2686 notiffimum
715 2639 755 2673 in
779 2639 1011 2686 conservanda
1028 2661 1040 2679 ‚
1065 2638 1337 2686 &propaganda
1364 2637 1541 2675 Catholica
1568 2638 1773 2684 Religione‚
1799 2636 2117 2686 &laudatissimum
2136 2637 2245 2675 zelum
2270 2639 2371 2689 officio
2390 2638 2455 2686 suo
2523 2639 2526 2643 ’

372 2695 442 2721 non
454 2684 568 2731 defore
584 2709 595 2726 ,
615 2685 803 2768 prlegertim
828 2685 909 2722 vero
913 2686 1164 2734 saepedifiorum
1169 2685 1439 2735 supplicantium
1454 2687 1582 2723 debitis
1594 2686 1767 2736 instantiis
1779 2685 1837 2736 effe
1850 2685 2042 2723 delaturam
2054 2713 2066 2730 ,
2082 2686 2297 2724 Charitatem
2311 2687 2456 2738 vestram

372 2731 446 2770 unii
456 2731 647 2780 clementiffi
700 2736 923 2782 ‘requirentes
947 2737 986 2769 in
1011 2734 1321 2784 nostrumfavorem
1343 2734 1446 2770 diffos
1451 2736 1687 2784 supplicantes
1708 2736 1790 2770 bene
1812 2735 2053 2772 commendatos
2072 2734 2216 2776 habere,
2238 2747 2375 2784 remque
2386 2735 2458 2784 sua

371 2791 413 2817 ex
423 2787 524 2828 parte
535 2780 689 2826 dirigere
704 2783 790 2818 velit
802 2807 814 2825 ‚
839 2793 1007 2830 quatenus
1025 2783 1141 2831 iisdem
1155 2785 1256 2820 rebus
1261 2782 1308 2830 sic
1321 2783 1513 2832 constitutis
1522 2809 1535 2828 ‚
1556 2785 1712 2833 defiderio
1719 2783 1784 2830 suo
1796 2783 1836 2830 se
1848 2786 1971 2830 potitos
1997 2780 2059 2833 effe
2069 2783 2290 2830 praefhntiant
2305 2808 2320 2829 ,
2343 2785 2386 2827 &¹
2404 2784 2459 2821 bi-

366 2829 425 2877 sce
443 2828 560 2878 nostris
584 2829 824 2878 clementifftme*
841 2833 1030 2878 »impertitis
1074 2833 1347 2869 r-omotorialibus
1364 2833 1502 2879 perfrui
1529 2842 1679 2880 queant.
1708 2832 1747 2867 Id
1767 2832 1902 2878 quidem
1922 2832 2024 2879 juxta
2043 2830 2289 2878 beneplacitum
2302 2833 2457 2880 ‘Divina

379 2874 582 2915 Voluntatis
596 2902 608 2920 ,
632 2877 892 2917 &intentionis
908 2881 978 2915 erit
990 2905 1000 2920 ‚
1057 2881 1155 2928 osque
1171 2881 1352 2918 Charitati
1366 2880 1481 2928 vestrae
1494 2881 1636 2930 nostram
1650 2880 1837 2916 amicitiam
1850 2902 1863 2923 ‚
1884 2879 1927 2921 ὼ·
1942 2880 2296 2930 Caesareumfavorem
2306 2905 2319 2926 ,
2344 2893 2458 2926 omne-

377 2936 443 2974 que
463 2926 584 2962 bonum
597 2924 828 2972 confirmamus
843 2955 851 2964 .
875 2925 1158 2965 DatumViennae
1170 2951 1182 2972 ,
1206 2929 1276 2965 Die
1297 2941 1323 2964 t.
1340 2927 1458 2965 ottob.
1476 2930 1584 2966 1668.

470 3023 620 3069 operari
641 3025 790 3072 amplius
805 3031 874 3060 non
890 3034 1025 3072 poterat
1040 3026 1195 3062 Caesarea
1215 3026 1367 3072 Epistola
1379 3048 1392 3069 ‚
1418 3037 1540 3073 utpote
1557 3028 1672 3076 tejam
1685 3025 1838 3066 confeaa
1853 3050 1862 3064 ‚
1889 3033 2071 3071 antequam
2087 3025 2197 3063 Emin.
2224 3027 2271 3062 D.
2288 3027 2458 3067 Cardine-

375 3072 418 3109 ἰίς
430 3083 502 3107 eam
516 3072 716 3117 recepifl'et:
742 3077 842 3110 causa
853 3075 940 3110 enim
961 3075 982 3109 ὲ
1007 3076 1044 3110 S.
1062 3076 1348 3120 Congregarione
1363 3075 1478 3121 episc:
1501 3077 1535 3112 δε
1552 3078 1681 3121 Regut.
1706 3077 1751 3114 ad
1779 3078 1816 3112 S.
1833 3073 2152 3121 congregationem
2180 3076 2223 3113 de
2238 3079 2455 3123 propaganda

373 3121 458 3157 Fide
472 3144 486 3163 ,
510 3131 555 3157 ex
568 3133 610 3156 eo
623 3144 636 3164 ,
664 3123 758 3168 quod
788 3124 897 3159 locum
915 3122 1079 3158 Miffi‹·1,is
1096 3134 1317 3170 concerneret
1327 3147 1342 3167 ,
1367 3126 1529 3160 translate
1543 3149 1556 3167 ,
1581 3125 1725 3173 visisque
1737 3122 1915 3162 Ordinarii
1939 3123 2128 3168 consensu,
2152 3124 2188 3162 δε
2211 3125 2379 3165 Civitatis
2405 3127 2454 3163 in.

374 3168 507 3206 stantiis
520 3193 532 3214 ‚
543 3168 610 3205 haee
623 3170 730 3206 edidit
743 3170 777 3206 in
798 3173 947 3208 nostrum
965 3170 1119 3209 favorem
1135 3173 1309 3208 decretum
1324 3197 1334 3213 ‚
1360 3172 1439 3208 huic
1456 3175 1562 3209 Notae
1573 3173 1826 3221 antepofitum.

477 3276 634 3312 Innovati
656 3277 822 3315 funt‘litis
842 3287 959 3314 motus
976 3282 1075 3314 Anno
1097 3290 1195 3327 ¹70¹·
1219 3279 1300 3315 dum
1314 3282 1443 3316 Fratres
1461 3280 1638 3316 Ecclesiam
1661 3280 1707 3316 ad
1729 3279 1813 3316 0610
1840 3279 2007 3317 duntaxat
2035 3281 2142 3328 passus
2169 3282 2330 3330 ampliare
2355 3293 2448 3329 para.

378 3325 487 3360 bant=
512 3327 606 3370 quod
632 3335 670 3362 ut
698 3326 861 3363 RR.PP.
883 3328 1122 3371 Augustiniani
1136 3328 1362 3374 impedirem,
1387 3329 1548 3365 Romanae
1558 3329 1912 3375 Curiaeimplorarunt
1925 3331 2096 3374 remedia,
2118 3331 2154 3367 ἃ
2169 3341 2306 3368 econtra
2319 3341 2356 3367 ut
2376 3331 2453 3368 Fra«

379 3382 450 3409 tres
480 3373 513 3408 id
529 3375 726 3421 perficerent
741 3399 754 3419 ,
779 3377 987 3412 ordinarius
999 3378 1062 3413 loci
1075 3401 1087 3420 ,
1114 3377 1148 3412 &
1167 3375 1447 3423 Archiepiscopus
1461 3379 1597 3413 Elector
1608 3377 1820 3416 Trevirenfis
1832 3404 1843 3422 ,
1865 3378 1985 3416 litteris
2000 3380 2136 3418 curavit
2150 3404 2165 3425 ,
2188 3381 2227 3420 S·
2246 3380 2445 3428 Congrega.

380 3421 488 3458 tionis
513 3423 554 3459 de
568 3424 789 3473 propaganda
806 3425 886 3462 Fide
901 3425 1077 3462 cardinali
1095 3425 1261 3464 Praefeao
1279 3425 1450 3476 inscriptis
1460 3450 1473 3471 ,
1486 3427 1548 3465 sub
1561 3428 1627 3468 hoc
1642 3437 1765 3466 tenore
1778 3439 1790 3466 ³

909 3564 1039 3624 Enie,
1075 3583 1123 3614 ac
1150 3566 1260 3616 Rue
1287 3569 1470 3616 Domine
1498 3565 1913 3634 Obsirvandifsime.

474 3688 672 3730 Eminentia:
694 3691 815 3742 ,Vestra
837 3702 902 3742 pro
926 3693 1101 3743 conspicuo
1117 3716 1130 3738 ‚
1157 3705 1221 3742 quo
1235 3683 1418 3744 pr‘aefulget
1439 3696 1478 3732 in
1505 3697 1548 3733 S.
1563 3694 1839 3743 'Congregatione
1863 3695 1904 3732 de
1931 3694 2152 3744 propaganda
2171 3694 2253 3733 Fide
2273 3696 2420 3747 praesidio
2434 3720 2447 3742 ,

377 3739 535 3776 decenter
552 3738 637 3787 hisce
649 3741 863 3790 referendum
876 3742 963 3779 duxi
975 3766 988 3787 ,
1001 3741 1151 3792 qualiter
1175 3743 1220 3779 ad
1230 3744 1410 3795 instantias
1425 3743 1615 3782 incolarum
1637 3745 1808 3782 Civitatis
1819 3743 1976 3788 Wilanae‚
1990 3743 2154 3793 ‘Dioecefis
2167 3756 2243 3781 meae
2255 3746 2421 3795 Spirensis
2439 3769 2452 3790 ‚

375 3787 420 3832 ὠ·
431 3786 584 3826 exhibita
608 3790 650 3825 ab
664 3790 781 3838 eisdem
791 3789 865 3839 fide
879 3791 1060 3838 dignorum
1082 3791 1269 3842 testimonia
1292 3794 1480 3842 consensum
1495 3793 1710 3829 ordinarium
1726 3794 1767 3828 de
1778 3792 1973 3840 amplianda
1981 3790 2184 3840 solummodo
2208 3793 2283 3832 PP.
2303 3794 2450 3842 Capaci-

376 3847 496 3874 norum
524 3835 647 3874 ibidem
670 3837 808 3889 Capella
830 3839 875 3876 ad
887 3841 951 3877 οῖίο
967 3842 1108 3880 circiter
1124 3838 1315 3892 paffusfine
1340 3842 1570 3891 cujufiunque
1586 3842 1787 3891 prejudicio
1813 3841 1910 3879 tanto
1924 3841 2088 3878 libentius
2101 3839 2308 3891 concefferim
2320 3842 2447 3896 ‚quod

2319 3891 2404 3938 etus·
