2638 4204
1059 295 1470 407 Styriae.

493 420 528 461 E
562 421 592 461 P
624 424 641 465 Ῑ
674 425 700 467 S
733 423 769 467 T
797 425 837 467 0
870 425 903 466 L
934 423 994 464 Α.

364 531 467 583 Sac..
487 536 685 621 Congreg.
712 541 847 608 Epist.
880 546 934 590 0&
960 537 1114 608 Regul.

256 675 522 727 Inchoatam
542 674 804 726 Conventi'is
820 673 1049 725 Fabricam
1062 674 1236 741 ‚Terge-

313 745 364 794 sti
384 782 398 805 ‚
433 744 713 814 oppositione
743 743 860 794 fadis
897 761 983 792 non
1007 742 1232 797 obstante

314 813 810 883 continuari,Episcopo
826 813 888 862 ibi
905 814 1230 863 committitur.

304 1008 307 1012 ’
323 993 569 1050 Αῐιέᾒίῐῖῐηυς
584 999 795 1044 'Dominus
808 1001 938 1042 noster
952 1003 984 1043 >A
992 1000 1118 1055 mplit.
1134 1002 1228 1042 Tuae

337 1065 450 1108 scribi
480 1060 612 1117 juffit,
644 1070 839 1115 quatenus
868 1056 1064 1100 fibricam·
1085 1060 1223 1101 Eccle-

233 1129 291 1168 fiae
307 1127 345 1166 &
359 1117 595 1165 Conventus
614 1146 627 1168 ‚
651 1131 767 1176 quem
795 1119 871 1159 PP-
889 1120 1079 1172 Capucini
1097 1120 1134 1159 in
1160 1116 1228 1159 ills

232 1182 410 1227 civitate
451 1178 687 1220 construere
722 1186 934 1231 coeperunt
962 1202 976 1224 ,
1006 1176 1226 1217 continuari

233 1239 415 1297 disponat
431 1266 445 1288 ,
474 1250 552 1278 non
568 1234 745 1277 obstante
761 1233 1004 1289 oppositione
1021 1263 1034 1285 ,
1058 1235 1078 1274 a
1098 1234 1202 1276 Patri

234 1298 304 1345 bus
319 1293 671 1340 Conventualibu's'
695 1290 853 1335 sub-hoc
881 1291 1192 1347 praetextu'fastzi
1207 1319 1221 1341 ,

234 1356 341 1416 quod
361 1357 466 1397 inter
481 1366 596 1394 unum
622 1353 660 1392 ἃ.
675 1352 845 1401 alterum
860 1354 1119 1393 Conventum
1135 1350 1221 1391 soli-

243 1430 284 1460 ta
297 1426 512 1458 cannarum
539 1410 719 1452 distantia
747 1423 826 1455 non
846 1410 1097 1450 intercedat.
1129 1409 1221 1450 Cir-

233 1489 279 1516 ca
306 1470 410 1527 quod
428 1469 617 1512 Sanctitas
635 1474 705 1510 buz
720 1495 735 1517 ,
771 1477 929 1509 attento
956 1466 1080 1511 fructu
1095 1467 1222 1521 Spiri-

233 1530 332 1575 tuali
349 1557 363 1580 ,
394 1540 512 1583 quem
537 1535 669 1580 partes
697 1527 773 1568 illae
798 1526 849 1568 de
864 1525 1093 1581 *hujusmodi
1108 1525 1220 1570 Reli-

235 1589 347 1647 giosis
374 1586 630 1641 percipiunt,
655 1586 702 1626 ab
727 1584 1008 1638 Amplitudine
1031 1587 1115 1626 Tua
1141 1583 1219 1626 dis-

229 1645 392 1705 pensari
406 1644 568 1701 ordina-t
584 1672 596 1685 .
627 1645 766 1686 Roma:
779 1653 847 1691 25⁶
861 1641 957 1698 Maji
978 1643 1098 1698 1619.

291 1885 353 1924 Ex
373 1878 522 1934 Regesto
550 1882 687 1920 Secrct.
707 1880 894 1932 Congreg-
920 1876 1016 1918 anni
1041 1874 1089 1924 ἐς·
1110 1873 1228 1930 mens!

338 1935 604 1997 praedm-fil.
626 1938 717 1983 185.

234 2132 370 2148 ’.-
885 2124 1227 2144 ---ι-ι

231 2287 310 2339 Ab
329 2288 555 2355 emptione
573 2288 740 2337 Calicis
758 2287 932 2335 Fratres
963 2286 1120 2335 eximit
1136 2322 1150 2345 ,
1181 2285 1249 2346 &b

296 2357 533 2415 destinatos
567 2358 620 2406 ad
656 2358 771 2406 hunc
791 2356 1006 2405 ducentos
1035 2355 1229 2406 florenos

299 2429 343 2476 in
373 2416 613 2477 subfidium
657 2427 848 2478 Fabricae
884 2428 972 2475 loci
1012 2427 1067 2476 de
1091 2423 1093 2425 ’
1114 2432 1231 2479 Cor-

301 2515 429 2547 mons
452 2499 664 2565 applicari
687 2497 890 2567 indulget
905 2531 919 2546 .

268 2655 675 2739 URBANUS
758 2687 962 2736 PAPA
1035 2688 1184 2735 vm.

243 2865 475 2911 Venerabilis
494 2869 637 2910 Frater
651 2895 664 2918 ,
683 2867 766 2918 stne
778 2865 908 2908 dalcae
929 2869 1008 2909 Fili
1021 2894 1035 2916 ,
1054 2868 1226 2924 salutem

410 2926 458 2975 {5
474 2926 724 2983 Apostolicam
735 2924 1037 2968 Benedmmncm
1046 2954 1057 2966 .

335 3101 470 3158 Xponi
486 3101 612 3144 Nobis
628 3114 753 3157 nuper
766 3098 949 3143 fecerunt
964 3100 1099 3144 dilee'ti
1118 3099 1227 3152 Filii,

361 3161 593 3214 superiores
618 3161 656 3200 δι
690 3162 843 3202 Fratres
877 3158 1022 3201 Domi'is
1050 3160 1226 3214 Regula-

238 3222 292 3261 ris
308 3247 322 3269 ,
351 3219 514 3260 Ordinis
541 3221 727 3260 Fratrum
744 3220 944 3259 Minoi-um
961 3247 976 3269 ,
1009 3223 1046 3261 S.
1066 3218 1229 3260 Franci-

238 3275 291 3319 sci
307 3277 607 3331 Capucinorum
621 3286 969 3328 nuncupatorum„
1000 3277 1148 3331 Oppidi
1164 3275 1231 3318 seu

241 3335 320 3377 loci
336 3335 386 3377 de
399 3338 614 3386 Cormons,
629 3332 888 3389 Aquilejensis
907 3334 1112 3383 Dioecesis‚
1125 3334 1232 3388 quod

241 3393 337 3434 alitis
354 3393 520 3436 dilectus
539 3394 659 3436 Filius
679 3391 851 3434 Isidorus
863 3421 879 3442 ,
893 3392 931 3433 in
949 3391 1088 3434 saeculo
1102 3393 1236 3434 AErar-

244 3449 317 3491 dus
338 3451 550 3494 Teurbach
568 3481 581 3503 ‚
612 3449 908 3506 Herbipolensis
926 3450 1112 3493 Dioecesis
1126 3475 1140 3496 ,
1154 3452 1236 3492 Or-

2082 321 2121 368 2
2132 318 2185 398 7
2199 327 2232 378 1

1299 425 1383 472 vit,
1414 425 1534 477 prout
1560 419 1600 460 in
1614 417 1722 460 dieto
1735 414 1971 461 testamento
1987 418 2143 474 plenius
2164 422 2294 463 conti.

1296 482 1386 523 neri
1415 479 1565 523 dicitur
1583 501 1610 517 ,Δ

1355 543 1460 582 Cum
1475 547 1606 579 autem
1620 561 1634 584 2
1658 536 1754 576 sieut
1772 533 1914 576 eadem
1930 536 2120 590 expositio
2134 537 2293 593 subjun-

1292 599 1441 653 gebat,
1472 595 1646 638 Ecclesia
1671 592 1782 634 dietae
1805 592 1957 634 Domus
1992 598 2134 642 Calice
2159 596 2294 653 hujus..

1295 655 1404 697 modi
1425 654 1586 696 minime
1601 647 1867 706 indigeat,ob
1881 652 2007 707 ‘idque
2023 658 2186 710 cupiant
2210 659 2292 696 Ex-

1292 722 1489 769 ponentes
1514 710 1689 765 praediffi
1715 710 1913 766 ducentos
1938 712 2129 756 Florenos
2158 713 2293 769 hujus-

1292 771 1398 812 modi
1426 769 1570 811 ·eidem
1600 766 1757 810 fabricae
1790 768 2045 821 integraliter
2072 771 2288 827 applicari:

1291 828 1418 872 Nobis
1451 838 1669 882 propterea
1712 826 1919 869 humiliter
1945 826 2156 883 supplicari
2184 830 2293 872 fece.

1216 933 1220 937 ,
1288 897 1386 929 runt
1403 886 1662 939 Exponentes
1686 887 1892 939 praediffl,
1919 888 2030 927 uteis
2059 889 2094 930 in
2121 890 2292 942 praemisss·

1289 945 1334 986 sis
1348 943 1576 998 opportune
1594 943 1815 996 providere
1838 944 1889 986 de
1904 943 2153 998 benignitate
2178 951 2292 1000 Apo·

1288 1002 1422 1045 stolica
1450 1001 1737 1056 dignaremur.
1773 1005 1858 1043 Nos
1888 1001 2008 1055 igitur
2026 1005 2290 1056 Exponentes

1287 1060 1451 1103 eosdem
1478 1059 1655 1114 specialis
1686 1060 1822 1114 gratiae
1848 1058 1988 1105 favore
2015 1062 2196 1116 prosequi
2215 1074 2290 1103 vo-

1288 1119 1447 1169 lentes,
1477 1130 1636 1159 necnon
1663 1121 1931 1173 Superiores,
1962 1120 2000 1160 &
2031 1118 2182 1161 Domus
2206 1120 2293 1160 Re-

1285 1177 1431 1233 gularis
1443 1177 1632 1231 praed'itfftae
1656 1175 1870 1232 singulares
1887 1178 2076 1231 personas
2096 1180 2119 1222 a
2136 1178 2295 1233 quibus-

1283 1237 1346 1277 'vis
1362 1236 1791 1277 excommunicationis
1809 1262 1823 1284 ,
1854 1235 2109 1291 suspensionis
2129 1266 2144 1287 ,
2181 1236 2294 1278 &in-

1281 1293 1440 1335 terdiGti
1458 1293 1624 1349 aliisque
1641 1293 1923 1338 Ecclesiasticis
1950 1295 2153 1338 sententiis
2167 1322 2181 1344 ,
2195 1308 2292 1336 cen-

1279 1351 1375 1393 suris
1390 1381 1408 1402 ,
1436 1353 1619 1406 &poenis
1634 1382 1650 1403 ,
1674 1352 1795 1409 ajure
1809 1380 1823 1401 ³
1845 1354 1907 1395 vel
1924 1355 1974 1396 ab
1989 1354 2152 1396 homine
2166 1383 2179 1405 ,
2196 1367 2294 1407 qua-

1283 1409 1343 1450 vis
1356 1409 1562 1452 occasione
1578 1439 1592 1462 ,
1616 1412 1683 1462 *vel
1701 1415 1815 1455 causa
1829 1411 1922 1453 latis
1936 1439 1950 1460 a
1981 1412 2004 1454 si
2017 1412 2163 1468 quibus
2190 1426 2293 1467 quo-

1282 1466 1507 1511 modolibet
1534 1470 1735 1512 innodatae
1764 1471 1932 1513 existunt
1958 1499 1973 1521 ,
2002 1471 2050 1513 ad
2074 1470 2291 1513 effectum„

1280 1523 1530 1581 p'raesentium
1544 1527 1740 1570 duntaxat
1760 1528 2089 1584 consequendum
2105 1555 2119 1578 2
2147 1531 2288 1570 harum

1281 1586 1380 1626 serie
1397 1585 1650 1628 absolventes
1663 1614 1675 1636 ,
1689 1589 1729 1629 δι
1745 1586 1944 1629 absolutas
1960 1585 2048 1628 fore
2062 1589 2292 1637 censentes,

1203 1698 1212 1701 v
1279 1650 1433 1684 certam
1459 1654 1590 1685 tamen
1621 1645 1672 1686 de
1691 1645 1883 1700 ptaemiffis
1903 1646 2090 1687 notitiam
2116 1660 2200 1691 non
2219 1648 2292 1688 ha·

1282 1702 1428 1744 bentes
1447 1729 1462 1753 ,
1477 1701 1700 1756 hujusmodi
1716 1704 2074 1759 supplicationibus
2090 1704 2292 1753 inclinati,

1280 1760 1542 1804 Fraternitati
1558 1772 1633 1802 tuae
1648 1788 1660 1811 ‚
1683 1763 2075 1807 FraterPatriarche
2090 1789 2104 1811 ,
2136 1763 2199 1805 seu
2222 1764 2293 1804 Di-

1280 1817 1468 1862 scretioni
1496 1829 1570 1861 tuae
1589 1842 1612 1870 ·,
1632 1821 1727 1862 'Fili
1748 1822 1920 1865 Viearie
1936 1850 1950 1873 ,
1981 1820 2291 1878 pei-praesentes

1282 1879 1576 1921 committimus
1590 1880 1630 1920 δι
1644 1879 1874 1922 mandamus
1890 1909 1904 1932 ,
1935 1890 2128 1935 quatenus
2143 1879 2292 1922 consti-

1281 1947 1329 1979 ἰο
1349 1937 1439 1978 Tibi
1466 1937 1723 1991 legitime-de
1736 1939 1939 1990 narratis,
1965 1938 2127 1981 eosdem
2152 1941 2293 1992 Expo-

1284 2006 1424 2037 nentes
1440 1997 1488 2036 ab
1502 1997 1754 2050 obligatione
1765 1998 1979 2052 emptionis
2008 1998 2123 2040 unius
2138 1997 2289 2038 Calicis

1283 2053 1783 2108 hujusmodi,authorirat‘.e
1798 2056 1927 2098 nostra
1942 2056 2091 2099 eximas
2104 2084 2117 2105 ,
2133 2057 2169 2096 &
2186 2056 2291 2098 libe*

1288 2126 1378 2160 res,
1410 2113 1571 2168 ipsisque
1593 2142 1606 2164 ‚
1638 2125 1684 2156 ut
1710 2115 1836 2157 dictos
1862 2114 2062 2156 ducentos
2096 2116 2285 2157 Florenos

1285 2172 1327 2213 in
1351 2169 1562 2214 subsidium
1587 2172 1747 2215 fabricae
1763 2173 1912 2216 Domiis
1932 2173 2154 2229 hujusmodi
2183 2174 2290 2214 inte·

1288 2229 1458 2285 graliter
1472 2230 1703 2274 consumere
1727 2226 1982 2287 &applicare
2003 2233 2129 2274 libere
2144 2259 2158 2281 ,
2182 2233 2222 2272 &
2241 2232 2289 2272 li-

1288 2290 1370 2331 cite
1401 2292 1563 2332 valeant
1591 2319 1604 2340 ‚
1636 2290 1748 2332 simili
1776 2292 2025 2333 authoritate
2055 2291 2285 2340 concedas,

1288 2349 1328 2388 δι
1356 2348 1564 2403 indulgeas
1585 2378 1598 2399 ,
1630 2350 1803 2404 dictique
1832 2349 1971 2393 isidori
2003 2349 2285 2400 voluntatem..

1290 2410 1418 2462 quoad
1438 2408 1513 2449 hoc
1532 2436 1547 2459 ‚
1578 2421 1775 2461 quatenus
1798 2423 1895 2463 opus
1910 2407 2234 2461 lit‚sufficienter
2248 2407 2287 2447 δι

1289 2466 1475 2520 expresse
1505 2478 1730 2509 commutes
1748 2497 1759 2507 .
1793 2471 1886 2508 Non
1915 2467 2163 2509 obstantibus
2190 2479 2287 2507 con-

1285 2525 1555 2567 stitutionibus
1574 2553 1587 2573 ,
1619 2527 1659 2566 &
1680 2524 2001 2569 ordinationibus
2019 2524 2288 2577 Apostolicis3

1256 2611 1258 2613 -
1285 2597 1440 2626 necnon
1459 2581 1607 2626 Domt‘is
1621 2584 1833 2626 &Ordinis
1849 2583 2126 2638 praedie'torum
2138 2613 2151 2635 ,
2167 2584 2286 2625 etiam

1281 2641 1507 2699 juramento
1534 2670 1547 2692 ,
1584 2641 1894 2684 confirmatione
1918 2643 2150 2697 Apostolica
2172 2669 2187 2689 a
2219 2651 2287 2684 aut

1284 2701 1423 2756 quavis
1451 2700 1527 2742 alia
1567 2699 1758 2740 firmitate
1786 2701 1985 2741 roboratis
2019 2700 2172 2741 statutis
2199 2728 2214 2750 ,
2247 2702 2285 2741 &

1285 2757 1642 2800 consuetudinibus
1657 2783 1671 2807 ‚
1698 2756 1931 2813 caeterisque
1952 2760 2172 2801 contrariis
2199 2759 2290 2812 qui·

1285 2815 1513 2871 buscunque
1527 2844 1538 2853 .

1346 2876 1495 2914 Datum
1520 2875 1661 2914 Romae
1676 2872 1778 2927 apud
1802 2875 1980 2915 Sanctam
2001 2873 2178 2917 Mariam
2198 2873 2287 2916 Ma—

1289 2929 1417 2985 iorem
1445 2931 1510 2971 sub
1531 2931 1691 2972 Annulo
1705 2930 1912 2973 pist-aroris
1940 2932 2005 2975 die
2024 2947 2143 2975 xxvt.
2162 2932 2282 2987 Apri-

1291 2988 1337 3030 lis
1372 3001 1590 3031 Mocxxv
1606 3003 1620 3030 1
1644 3002 1677 3031 1.
1708 2988 1971 3034 Pontificatus
1997 2991 2133 3036 Nostri
2159 2993 2284 3033 Anno

1290 3057 1436 3103 quarto
1451 3074 1463 3086 .

1780 3166 1838 3206 »5.
1861 3167 2074 3211 Ghezzius
2088 3197 2103 3210 .

1350 3341 1523 3394 Exempl.
1548 3341 1589 3381 t‘n
1606 3340 1723 3384 Arcb.
1741 3344 1924 3386 Generali
1953 3344 2046 3387 ord.
2068 3345 2255 3386 Armario
2268 3330 2290 3396 ,-

1405 3398 1614 3442 Provincia
1627 3400 1769 3453 Styriae
1780 3430 1794 3442 .

244 3507 376 3550 dinem
390 3508 514 3564 ipsum
530 3508 710 3567 expresse
725 3507 911 3565 professus
927 3538 942 3560 ,
974 3511 1010 3550 in
1025 3508 1235 3551 testamen*
1312 3562 1313 3565 Ἴ

243 3576 288 3607 to
302 3578 372 3621 per
387 3577 476 3608 eum
490 3594 503 3615 ,
534 3579 741 3625 antequam
769 3566 1046 3623 professionem
1064 3572 1101 3609 in
1125 3566 1232 3608 dieto

244 3624 397 3666 Ordine
412 3625 591 3669 emisisset
607 3657 620 3679 ,
647 3627 836 3676 condito,
862 3627 968 3668 inter
993 3626 1068 3668 alia
1081 3625 1234 3668 dueen-

244 3693 307 3725 tos
347 3683 532 3725 Florenos
565 3695 734 3728 monetae
763 3687 908 3727 Domui
943 3685 1159 3741 Regulari,
1189 3684 1229 3723 δι

244 3741 451 3785 Fratribus
464 3743 650 3795 praedietis
665 3746 701 3786 in
724 3747 966 3800 emptionem
988 3745 1102 3787 unius
1116 3741 1230 3785 Cali-

245 3802 301 3842 cis
317 3831 331 3852 ‚
344 3802 383 3842 &
398 3799 421 3841 fi
435 3800 529 3855 quid
547 3801 756 3857 superesset
768 3831 781 3854 ,
798 3805 834 3844 in
849 3800 1037 3845 fabricam
1052 3802 1233 3858 ejusdem

247 3857 399 3905 Domsis
426 3859 708 3916 applicandos,
736 3863 776 3902 &
799 3862 1092 3904 convertendos
1122 3862 1232 3914 lega-

2103 3923 2226 3974 Lega-
