2658 4256
966 220 1548 339 Apostolica.
2221 263 2259 342 ς

211 349 444 403 ρΜοΙνειιάἱ
471 351 492 391 ἐι
514 350 659 394 cafibus
687 352 900 395 reservatis
930 354 1128 409 Magistris
1145 357 1233 396 No·

209 410 399 450 vitiorum
424 408 536 451 diaae
552 412 770 453 Provinciae
785 415 839 454 N.
856 413 1119 466 subdelegare
1145 408 1231 467 pos-

209 466 284 516 fis,
312 469 351 509 δι
365 468 628 510 Provincialis
642 483 718 525 pro
732 480 923 524 tempore
939 470 1052 524 poffit
1068 498 1082 520 ,
1109 470 1232 511 licen-

148 531 149 534 ’
206 525 302 567 tiam
318 553 331 576 ,
365 524 596 569 facultatem
611 555 624 579 ,
656 529 693 568 &
710 531 993 571 auctoritatem
1009 529 1056 571 ad
1074 531 1233 583 septen-

204 583 314 625 nium
331 585 562 638 proximum
582 587 630 627 ab
645 585 893 643 infrascripta
907 587 1003 629 data
1032 586 1231 640 incipien-

103 668 129 685 s.
201 639 973 696 dum‚solummododuraturam,ten.ore
985 643 1229 699 presentium

201 702 486 751 concedimus,
503 702 808 755 &impartimur
823 731 834 743 .
867 708 963 746 Non
980 701 1227 744 obstantibus

202 759 240 800 in
267 761 517 802 contrarium
554 757 795 800 facientibus
820 760 1144 816 quibuscunque.
1180 761 1226 799 ln

197 831 367 872 quorum
377 818 559 859 omnium
571 846 587 868 ,
617 818 657 857 &
673 815 911 871 singulorum
927 819 1050 860 fidem
1063 845 1076 868 ,
1110 820 1149 859 δι
1164 828 1224 858 te-

199 876 425 918 stimonium
440 874 651 929 praefentes
673 874 830 917 litteras
859 876 986 931 gratis
1012 876 1224 931 expeditas

193 931 800 989 petinii-ascriptumffiostrum,
836 935 1000 976 &distae
1032 934 1221 987 S-Inqui·

198 991 345 1034 sitionis
358 992 593 1038 Notarium,
625 992 664 1031 &
690 993 870 1035 manibus
896 993 1035 1035 nostris
1057 990 1222 1033 subscri-

195 1059 310 1104 ptas,
337 1047 662 1104 Sigilliejusdem-
690 1050 1049 1106 S-InquifitioniS,
1077 1061 1157 1101 quo
1186 1048 1226 1089 in

196 1107 344 1148 talibus
365 1107 515 1148 utimur
532 1135 547 1158 ,
573 1105 779 1164 juffimu52
809 1111 846 1150 δε
871 1109 1037 1152 fecimus
1061 1105 1226 1162 impres-

195 1161 304 1206 fiune
327 1165 497 1206 muniri.

250 1225 401 1264 Datum
420 1225 557 1266 Romae
583 1223 833 1268 in-Generali
847 1224 1226 1281 congregatione„-

195 1281 383 1335 praedietae
398 1281 712 1337 S-Inquifitionis
731 1285 803 1326 hac
818 1285 886 1326 die
901 1299 946 1325 xi
967 1299 977 1324 1
993 1300 1025 1325 ι.
1046 1288 1226 1336 Septem·-

197 1340 277 1380 bris
291 1354 472 1391 Μυκη.
501 1341 765 1384 pontificatus
780 1354 913 1384 autem
931 1345 1001 1383 SS.
1017 1345 1068 1383 D.
1084 1345 1136 1383 Ν.
1154 1342 1226 1382 Pa-

200 1411 256 1453 pae
280 1400 456 1453 praeditsti
476 1401 601 1441 Anno
620 1399 799 1455 ejusdem
825 1402 980 1456 primo.

376 1517 514 1559 Paulus
532 1514 722 1560 Antonius
742 1519 992 1574 Cappellonus
1004 1521 1046 1558 s.
1062 1521 1168 1558 Rom.
1181 1516 1230 1563 ἐς
1246 1547 1248 1550 .

436 1575 671 1632 Universblis
690 1577 954 1633 inquisitionis
969 1578 1113 1617 Notar.

503 1703 915 1765 NOTA.

304 1844 370 1879 AEc
390 1840 438 1878 est
462 1840 606 1876 formula
635 1840 732 1878 solita
747 1864 758 1884 ,
774 1842 809 1878 8<
835 1843 954 1877 ultima
970 1866 981 1885 ,
996 1842 1056 1878 sub
1074 1853 1141 1889 qua
1155 1844 1224 1879 haec

325 1891 468 1932 facultas
485 1890 644 1937 expedita
667 1891 714 1926 est
729 1915 742 1933 ,
770 1896 803 1925 ’δι
818 1891 974 1937 expediri
991 1892 1077 1926 solet
1096 1916 1108 1935 ‚
1124 1891 1224 1938 cujus

195 1942 408 1987 autographa
444 1939 659 1975 reservantur
694 1937 730 1974 in
759 1940 919 1976 Archivis
957 1941 1094 1976 illarum
1139 1940 1226 1975 Pro-

197 1989 389 2026 vinciarum
408 2013 422 2035 ‚
445 1997 522 2034 quae
547 1989 587 2024 ea
611 1988 790 2033 gaudent.

1012 2121 1218 2134 *—

198 2215 342 2264 Series
365 2211 635 2265 facultatum
662 2213 710 2265 <Sc
730 2218 1075 2286 privilegiorum
1090 2252 1105 2274 ,
1130 2233 1228 2282 quae

267 2284 295 2332 ὲ
310 2287 505 2334 Summo
520 2283 743 2334 -Pontifice
759 2285 1028 2352 quibusdam
1044 2289 1227 2339 Provin-

267 2353 474 2413 cialibus,
488 2373 571 2403 ceu
584 2354 852 2405 Miffionum
868 2356 1111 2415 Prae-festis,
1124 2376 1232 2425 quo-

269 2424 381 2473 libet
415 2422 643 2493 septennio
676 2428 863 2476 concedi
896 2427 1040 2479 solent
1069 2465 1083 2486 ‚
1124 2446 1230 2476 cum

271 2493 490 2562 potestate
505 2531 521 2553 ,
551 2512 603 2545 ea
636 2498 733 2546 aliis
759 2501 1006 2550 Provinciae
1025 2498 1111 2550 suae
1130 2502 1231 2547 Fra-

272 2565 413 2615 tribus
448 2568 848 2619 communicandi.

205 2694 220 2722 1
353 2684 642 2729 Dministrandi
656 2688 792 2731 omnia
809 2691 1059 2734 Sacramenta
1076 2716 1090 2736 ‚
1108 2690 1232 2732 etiam

381 2744 630 2789 Parochialia
645 2771 659 2793 ³
677 2747 831 2789 Ordine
846 2778 861 2799 ,
885 2750 925 2789 δι
940 2747 1230 2792 Confirmatio·

199 2811 250 2838 ne
286 2801 502 2864 exceptis)
534 2805 574 2844 ὃς
600 2805 732 2858 quoad
768 2808 1018 2851 Parochialia
1046 2809 1083 2848 in
1116 2809 1229 2849 Dioe·

202 2855 352 2896 ceribus
373 2885 387 2906 ,
419 2856 486 2897 ubt
514 2871 595 2899 non
625 2873 743 2911 erunt
770 2863 986 2920 Episcopi,
1014 2866 1084 2909 vel
1110 2864 1232 2906 Ordi-

203 2914 305 2955 narii
323 2941 336 2964 ,
364 2914 431 2956 vel
461 2928 599 2960 eorum
616 2917 794 2969 Vicarii,
826 2923 891 2965 vel
917 2924 959 2964 in
994 2922 1250 2971 Parochiis‚‚

201 2972 271 3014 uhi
300 2985 380 3014 non
405 2983 520 3014 erunt
544 2975 747 3025 Parochi,
777 2975 841 3016 vel
870 3003 883 3026 ,
908 2980 977 3019 ubi
1007 2990 1125 3019 erunt
1141 3004 1156 3024 ,
1181 2979 1234 3018 de

201 3044 345 3073 eorum
374 3030 537 3072 licentia
552 3061 566 3072 .

259 3102 298 3130 2.
358 3089 605 3132 Absolvendi
639 3090 689 3132 ab
720 3093 861 3133 Haerefi
880 3121 893 3144 ‚
921 3093 958 3133 &
985 3090 1180 3147 Apostafia
1210 3091 1234 3132 ὲ

204 3147 304 3197 Fide
319 3175 332 3198 ,
355 3149 394 3189 &
409 3147 429 3188 εὶ
447 3148 667 3197 Schismate
688 3148 960 3206 quoscumque
975 3179 988 3200 ,
1014 3151 1136 3194 etiam
1157 3151 1232 3191 Ec-

205 3204 440 3247 clesiasticus
454 3234 468 3256 ,
496 3215 576 3247 tam
592 3208 832 3255 Saecularcs,
855 3210 971 3262 quam
990 3207 1234 3262 Regulares,

206 3279 285 3306 non
302 3275 433 3306 tamen
454 3277 550 3314 eos,
575 3266 706 3320 quiex
732 3266 831 3309 locis
848 3264 994 3308 fuerint
1011 3297 1026 3318 ,
1054 3267 1119 3307 ubi
1135 3269 1233 3307 San-

204 3323 310 3364 &um
327 3321 514 3364 Officium
537 3336 751 3366 exercetur
768 3352 781 3375 ‚
808 3324 873 3365 nisi
895 3325 934 3364 in
962 3325 1061 3367 locis
1090 3321 1231 3364 Miffio-

209 3394 334 3429 num,
360 3381 401 3421 in
428 3382 568 3436 quibus
598 3382 759 3436 impune
781 3380 998 3436 grassantur
1026 3380 1232 3433 Haereses,

212 3438 487 3493 deliquerint,
516 3454 587 3482 nec
616 3441 734 3489 illos,
761 3441 826 3495 qui
851 3440 1100 3497 judicialiter
1120 3439 1232 3492 abju-

213 3498 423 3551 raverint,
450 3497 517 3538 nili
543 3499 603 3540 isti
626 3500 705 3554 nati
725 3500 824 3548 sint,
852 3501 917 3541 ubi
941 3498 1103 3553 impune
1129 3499 1235 3552 gras-

212 3551 346 3596 santur
364 3555 540 3598 Haereses
556 3586 570 3608 ,
595 3560 634 3600 &
659 3557 742 3613 post
761 3557 992 3612 judicialem
1019 3556 1236 3612 abjuratio-

213 3625 305 3653 nem
326 3613 422 3654 illuc
437 3618 580 3658 reversi
595 3646 609 3668 ,
634 3617 674 3658 in
690 3615 877 3658 Haeresim
903 3615 1052 3659 fuerint
1069 3615 1206 3670 rclapli
1221 3645 1235 3670 ,

215 3672 251 3711 &
269 3670 340 3711 hos
363 3671 402 3710 in
431 3670 521 3714 foro
547 3675 796 3717 conscientiae
813 3674 966 3716 tantum
982 3704 993 3715 .

228 3736 232 3739 ’
270 3741 310 3792 33
372 3729 617 3775 Absolvendi
649 3735 697 3775 ab
723 3735 906 3776 omnibus
933 3732 1081 3776 cafibus
1109 3733 1238 3778 reser-

216 3797 318 3828 vatis
335 3814 349 3837 ,
375 3787 494 3829 etiam
519 3792 559 3832 in
588 3793 702 3835 Bulla
722 3795 854 3835 Coena
882 3790 1042 3849 Domini
1070 3805 1239 3848 conten-⁴

1296 354 1346 395 tis
1367 382 1381 402 ,
1411 351 1543 409 primo
1574 350 1788 391 conversos
1807 348 1855 392 ad
1883 349 2004 393 fidem
2029 355 2320 402 catholicam

1296 412 1481 461 tantum,
1506 406 1669 451 remiffis
1697 408 1783 448 aliis
1810 411 1858 450 ad
1886 410 2106 451 Nuntium.

1351 486 1391 522 4.
1452 465 1706 512 Absolvendi
1733 494 1747 515 ,
1787 468 1824 507 &
1865 467 2111 523 dispenffindi
2149 470 2186 512 in
2216 485 2317 524 qua-

1293 543 1466 584 cumque
1496 524 1656 568 simonia
1674 552 1688 573 ,
1714 525 1754 564 &
1782 523 1820 564 in
1847 527 1971 576 reali,
2004 526 2163 568 dimiffis
2193 531 2318 571 bene-

1291 587 1420 636 ficiis,
1446 588 1486 627 &
1514 582 1630 637 super
1653 580 1844 622 fruitibus
1872 585 1974 626 male
2009 587 2213 639 perceptis
2231 588 2318 636 ‚in-

1289 644 1424 701 juncta
1451 643 1584 698 aliqua
1615 637 1867 692 eleemosyna
1891 670 1903 691 ,
1937 642 2000 684 vel
2039 645 2314 697 poenitentia„

1290 702 1452 745 salutari
1477 699 1646 743 arbitrio
1667 695 1928 752 dispensantis
1943 729 1956 752 ‚
1983 702 2022 741 δι
2046 702 2088 743 in
2104 700 2196 745 foro
2216 716 2319 743 con·

1289 760 1461 803 scientiae
1486 757 1643 799 tantum
1658 784 1669 796 .

1343 830 1383 867 5.
1448 814 1631 858 Tenendi
1650 842 1663 864 ,
1692 814 1937 869 &lege-endi,
1963 831 2044 860 non
2071 828 2204 861 tamen
2230 818 2319 860 aliis

1285 874 1537 919 concedendi
1564 873 1686 914 libros
1717 875 2036 923 Haereticorum,
2069 877 2138 918 vel
2169 875 2322 918 Infide-

1284 934 1474 984 lium,de
1499 945 1638 974 eorum
1658 931 1870 986 Religione
1887 935 2138 975 tractantium
2156 935 2232 985 ,ad
2257 933 2319 975 ef-

1289 991 1434 1035 feetum
1463 1004 1531 1034 eos
1558 989 1852 1045 impugnandi,
1876 991 1915 1030 &
1937 991 2036 1032 alios
2060 992 2320 1047 quomodoli-

1288 1054 1358 1093 bet
1376 1051 1627 1106 prohibitos,
1652 1057 1912 1104 praeterquam
1923 1051 2055 1103 Opera
2070 1050 2209 1092 Caroli
2225 1054 2320 1091 Mo-

1288 1111 1382 1153 linei
1416 1135 1431 1155 ,
1477 1106 1639 1152 Nicolai
1670 1107 1929 1150 Machiavelli
1951 1134 1965 1157 ,
1997 1122 2043 1148 ac
2075 1107 2196 1149 libros
2230 1108 2321 1152 de,

1288 1167 1513 1225 Astrologia
1535 1164 1752 1223 Judiciaria
1787 1164 2094 1220 principaliter,
2121 1177 2189 1207 aut
2218 1167 2317 1207 inci·

1289 1228 1436 1268 denter
1452 1254 1468 1278 ,
1493 1225 1560 1267 vel
1581 1223 1679 1267 alias
1698 1225 1839 1278 quovis
1861 1224 1984 1265 modo
2006 1224 2058 1265 de
2084 1238 2128 1266 ea
2148 1227 2319 1266 transsan-

1288 1298 1348 1328 tes
1371 1315 1385 1338 ,
1418 1286 1473 1326 ita
1504 1293 1641 1326 tamen
1663 1311 1679 1333 ,
1711 1292 1756 1325 ut
1780 1282 1874 1324 libri
1898 1297 1945 1325 ex
1984 1281 2064 1324 illis
2095 1283 2318 1326 Provinciis

1289 1358 1368 1389 non
1393 1343 1642 1385 efferantur.

1347 1404 1375 1445 6
1427 1399 1676 1446 Celebrandi
1693 1399 1845 1444 Missam
1862 1414 2118 1456 quocumque
2135 1401 2229 1442 loco
2244 1400 2319 1441 de-

1291 1462 1424 1509 centi,
1454 1460 1578 1502 etiam
1604 1458 1673 1500 sub
1699 1458 1798 1508 dio,
1824 1459 1892 1498 sub
1913 1469 2026 1499 terra
2043 1487 2058 1508 ,
2080 1473 2156 1499 una
2185 1461 2317 1502 hora-2

1291 1531 1386 1561 ante
1415 1521 1643 1560 Auroram,
1670 1515 1708 1554 δε
1731 1514 1848 1556 aliam
1877 1516 1962 1568 post
1989 1516 2231 1564 Meridiem,
2261 1518 2320 1557 bis

1290 1579 1329 1616 in
1345 1576 1414 1616 die
1430 1601 1443 1625 ,
1470 1573 1495 1614 fi
1515 1571 1722 1614 neceffitas
1744 1583 1863 1628 cogat
1881 1601 1894 1623 ,
1921 1574 1944 1614 si
1969 1583 2103 1614 tamen
2127 1575 2167 1615 in
2193 1575 2319 1628 prima

1287 1630 1400 1677 Missa
1420 1646 1498 1673 non
1517 1629 1721 1686 sumpserit
1746 1631 1995 1675 ablutionem
2011 1661 2024 1683 ‚
2051 1634 2086 1672 &
2111 1633 2227 1688 super
2242 1633 2319 1673 Al-

1285 1704 1364 1736 tari
1388 1689 1570 1746 portatili
1586 1719 1600 1739 ‚
1627 1690 1748 1732 etiam
1771 1688 1920 1740 fraero,
1950 1702 2015 1734 aut
2035 1690 2150 1742 laeso,
2178 1692 2217 1731 δι
2238 1693 2317 1732 (ine

1287 1755 1525 1796 sannorum
1555 1748 1761 1803 reliquiis,
1787 1750 1827 1789 &
1855 1750 2110 1803 praesentibus
2145 1751 2318 1792 Haereti-

1286 1814 1373 1859 cis,
1403 1807 1567 1863 aliisque
1596 1809 1977 1860 excommunicatis,
2007 1809 2030 1850 si
2057 1809 2176 1851 aliter
2207 1810 2319 1850 cele-

1285 1871 1390 1913 brari
1413 1882 1492 1910 non
1519 1866 1661 1921 potiit,
1688 1867 1726 1906 &
1749 1879 1831 1908 non
1850 1870 1894 1909 sit
1914 1869 2136 1923 periculum
2155 1866 2318 1909 sacrile-

1287 1930 1372 1986 gii,
1399 1927 1627 1969 dummodo
1653 1925 1866 1967 inserviens
1899 1926 2016 1969 Miffae
2046 1940 2126 1967 non
2154 1926 2196 1966 sit
2224 1929 2316 1969 Hae-

1289 1990 1464 2036 reticus,
1484 1985 1549 2026 vel
1567 1985 1959 2028 excommunicatus.
1986 1985 2228 2040 Huiusmodi
2245 1999 2316 2028 au-

1289 2057 1375 2090 tem
1396 2044 1590 2088 facultate
1618 2045 1676 2086 bis
1697 2044 1736 2084 in
1754 2042 1819 2085 die
1835 2045 2066 2087 celebrandi
2083 2044 2315 2086 nullatenus

1289 2110 1349 2148 uti
1377 2105 1524 2155 liceat,
1554 2103 1620 2146 nisi
1658 2102 1878 2154 rarissime,
1909 2106 1948 2145 &
1978 2118 2026 2146 ex
2058 2102 2317 2158 gravissimis,

1290 2168 1330 2206 &
1360 2162 1641 2218 urgentissimis
1669 2162 1820 2213 causls‚
1848 2164 1885 2203 in
1912 2177 1994 2219 quo
2021 2162 2197 2216 graviter
2232 2160 2317 2216 ejus

1288 2220 1529 2266 conscientia
1546 2231 1766 2271 oneratur,
1787 2220 1896 2277 quod
1912 2220 2021 2271 ‚fiad
2038 2221 2205 2273 praesens
2220 2247 2232 2270 ‚
2252 2228 2320 2261 aut

1291 2280 1900 2337 imposterum,quandocumque
1919 2279 2051 2322 aderit
2075 2276 2318 2332 Episcopus,

1292 2353 1359 2385 aut
1377 2342 1563 2383 Vica-rius
1582 2339 1797 2382 Generalis
1812 2367 1826 2389 2
1854 2349 1921 2380 aut
1937 2335 2184 2392 Capitularis
2199 2362 2214 2382 ,
2242 2335 2320 2378 five

1294 2398 1480 2442 Vicarius
1508 2398 1793 2449 Apostolicus,
1825 2398 1873 2439 ad
1897 2396 2011 2452 cujus
2041 2393 2320 2445 Dioecefim,

1292 2458 1356 2502 seu
1381 2457 1760 2500 administrationem
1784 2456 2011 2511 pertineant
2029 2454 2145 2504 loca,
2175 2453 2244 2495 ubi
2260 2454 2319 2494 se·

1292 2518 1430 2560 cundo
1458 2515 1657 2558 celebrari
1683 2516 1932 2570 contigerit,
1965 2511 2124 2571 praefata
2150 2510 2318 2554 facultas

1292 2577 1354 2619 bis
1379 2574 1615 2618 celebrandi
1631 2574 1777 2617 nullius
1799 2575 1959 2630 prorsus
1985 2573 2030 2615 {it
2055 2573 2244 2618 roboris,
2271 2585 2316 2612 ac

1294 2634 1519 2686 momenti,
1542 2633 1611 2676 nisi
1639 2634 1746 2688 prius
1777 2633 1963 2689 praedicto
1989 2630 2217 2687 Episcopo,
2249 2640 2318 2671 aut

1291 2709 1340 2739 eo
1356 2694 1519 2737 absente
1535 2721 1548 2745 ,
1573 2691 1690 2750 ipfius
1707 2693 1872 2736 Vicario
1893 2690 2089 2734 Generali
2105 2717 2119 2741 ,
2143 2698 2210 2731 aut
2233 2684 2317 2728 res-

1293 2751 1688 2811 pestiveCapitulari
1700 2781 1714 2804 ,
1727 2751 1964 2797 autVicario
1977 2747 2210 2803 Apostolico
2229 2746 2316 2786 fue*

1295 2814 1347 2856 rit
1372 2811 1576 2861 exhibita,
1603 2812 1651 2852 ab
1667 2824 1797 2866 eoque
1821 2809 2050 2851 examinatae
2066 2831 2078 2853 ,
2107 2804 2147 2846 δε
2170 2817 2315 2858 appro-

1294 2874 1396 2914 batae
1421 2869 1572 2913 fuerint
1594 2870 1633 2911 in
1663 2867 1818 2919 scriptis
1839 2859 1959 2906 causae
1981 2860 2029 2903 eti
2045 2861 2184 2905 utendi
2201 2890 2214 2911 2
2238 2875 2314 2903 nec

1295 2931 1413 2972 aliter
1443 2926 1620 2969 concessa
1646 2920 1899 2974 intelligatur
1917 2948 1930 2970 ,
1955 2921 2072 2976 quam
2094 2919 2204 2975 juxta
2229 2934 2318 2961 mo·

1296 2986 1552 3027 demtionem
1567 2977 1713 3033 abipso
1727 2977 2027 3031 apponendam,
2050 2979 2089 3020 &
2103 2992 2181 3022 non
2202 2979 2316 3028 alias,

1249 3072 1252 3076 .
1297 3038 1403 3088 cuius
1423 3037 1629 3092 Episcopi,
1654 3035 1717 3078 seu
1736 3037 1889 3078 Vicarii
1906 3034 2147 3078 conscientia
2200 3050 2318 3082 nera-

1297 3109 1389 3144 tur‚
1421 3106 1464 3136 ut
1493 3109 1571 3137 non
1600 3095 1665 3137 nisi
1693 3109 1743 3136 ex
1773 3094 2054 3150 urgentissimis
2083 3108 2206 3138 cauis
2225 3124 2238 3146 ,
2269 3105 2317 3138 ut

1296 3160 1411 3210 {upra
1432 3153 1581 3195 dicium
1608 3156 1688 3205 est,
1716 3155 1756 3194 &
1781 3155 1831 3195 ad
1856 3155 1979 3197 breve
2007 3163 2159 3208 tempus
2185 3153 2231 3196 eat
2255 3152 2315 3197 uti

1295 3213 1529 3269 permittat.
1560 3215 1692 3269 Qam
1723 3223 1854 3256 tamen
1894 3209 2131 3255 facultatem,
2166 3214 2317 3268 poterit

1298 3270 1545 3324 Episcopus,
1569 3271 1631 3312 seu
1651 3271 1860 3321 Vicarius,
1889 3270 1912 3311 fi
1936 3271 1975 3311 in
1994 3270 2167 3311 Domino
2194 3272 2317 3312 visum

1297 3329 1418 3372 fuerit
1436 3328 1628 3382 expedire
1645 3358 1658 3379 ,
1687 3329 1737 3371 ad
1765 3328 1874 3371 aliud
1900 3330 2026 3371 breve
2052 3339 2211 3384 tempus
2230 3329 2318 3384 plu-

1295 3390 1370 3431 ries
1386 3418 1399 3438 ,
1423 3389 1463 3428 &
1479 3387 1619 3430 eadem
1648 3387 1806 3430 servata
1822 3385 1948 3428 forma
1962 3413 1976 3435 ,
2002 3401 2243 3443 prorogare,
2259 3387 2318 3427 in-

1297 3458 1358 3489 tra
1388 3457 1546 3500 tempus
1576 3447 1612 3487 in
1644 3448 1716 3487 hac
1745 3444 1940 3489 facultate
1965 3445 1985 3485 a
2006 3449 2145 3489 sanna
2173 3446 2316 3488 Sede.)

1297 3501 1522 3547 concessum
1538 3530 1552 3551 a
1568 3506 1608 3546 δε
1622 3518 1700 3547 non
1716 3504 1844 3547 ultra.
1863 3497 2036 3556 idipsum
2053 3516 2187 3547 autem
2208 3518 2319 3555 pror-

1298 3563 1358 3604 sus
1384 3562 1561 3605 servetur
1582 3565 1630 3604 ab
1654 3564 1701 3604 iis
1717 3591 1730 3613 ‚
1758 3563 1898 3617 quibus
1922 3563 1999 3603 haec
2024 3562 2166 3604 eadem
2194 3561 2317 3603 sacul-

1300 3632 1359 3663 tas
1387 3621 1615 3663 celebrandi
1645 3622 1702 3662 bis
1725 3623 1763 3663 in
1781 3621 1846 3661 die
1872 3619 1979 3675 juxta
1994 3623 2227 3675 potestatem
2254 3622 2318 3658 in-

1300 3678 1421 3722 ferius
1437 3679 1710 3735 apponendam
1725 3706 1739 3728 ,
1752 3680 2041 3722 communicata
2058 3679 2196 3729 fucrit,
2216 3677 2316 3719 adeo

1300 3749 1345 3780 ut
1374 3753 1490 3781 nemo
1515 3752 1563 3779 ex
1592 3738 1709 3793 ipsis,
1736 3736 1801 3778 nili
1830 3736 1939 3792 juxta
1966 3738 2317 3780 moderationem,

1301 3798 1350 3839 ab
1383 3797 1582 3853 Episcopo
1607 3825 1620 3848 ,
1652 3798 1716 3839 vel
1754 3794 1838 3853 ejus
1867 3796 2033 3839 Vicario
2063 3793 2320 3890 Capitulcilri,

2205 3866 2252 3893 ve
