2638 4204
741 274 1134 388 Austriaco
1167 315 1225 343 =
1257 269 1723 384 Hungarica
1744 327 1761 347 .

218 414 456 475 Celfiffimi
482 448 497 471 ,
543 433 593 462 ac
633 406 1214 473 ReverendiffimiJosephi

282 474 1215 551 Dominici,EpiscopiPaffavienfis,zelum‚

283 577 373 625 quo
399 562 500 621 jura
536 559 747 604 Fratrum
783 553 900 598 circa
937 543 1216 594 administra-

283 632 451 678 tionem
475 624 747 693 spiritualem
762 619 957 686 Capellae
977 617 1098 664 B.V.
1117 617 1215 661 Ma-

286 702 361 748 riae
382 694 691 747 Auxiliatricis
720 704 880 737 contra
909 681 1215 754 praetenfiones

285 767 492 835 Capituli
529 760 811 813 Cathedralis
843 756 965 806 sacra
985 754 1100 804 tedia
1134 751 1216 801 ser-

283 842 384 889 vari
415 835 594 885 curavit
619 867 634 889 ,
671 828 963 878 commendat
993 861 1008 882 ,
1046 823 1093 874 <Sc
1127 828 1215 872 De-

289 923 464 958 cretum
501 898 795 968 ptovifionale
829 895 1018 959 desuper
1042 894 1216 942 editum

291 975 530 1028 confirmat
549 1007 562 1020 .
633 1007 647 1023 .

220 1109 256 1151 Α
272 1115 412 1160 tergo:
437 1095 648 1145 Venerabili
667 1093 986 1148 Fratri,f70ſspbo
1002 1090 1223 1140 DominicO,

492 1155 672 1214 Epssopo
704 1151 938 1211 Paffavienst
947 1181 959 1194 .

225 1273 782 1335 BENEDICTUS
833 1272 1022 1320 PAPA
1068 1269 1222 1319 XIII.

262 1405 490 1454 Venerabilis
515 1406 662 1448 Frater
673 1398 852 1457 salutem
876 1397 928 1448 ὠ·
943 1396 1197 1456 Apostolicam

570 1458 881 1503 Bencdmmncm.

370 1581 433 1623 On
454 1577 529 1620 fine
547 1576 660 1633 gravi
679 1575 800 1617 animi
823 1574 974 1616 dolore
1000 1573 1224 1627 accepimus

229 1584 356 1697 N
389 1639 409 1680 a
439 1637 597 1679 Dilecto
620 1633 967 1684 Filio,Hadriano
992 1632 1043 1673 de
1069 1634 1227 1673 Grave-

227 1713 330 1755 negg
346 1695 536 1749 ,Ordinis
563 1700 601 1736 5.
619 1691 812 1734 Francisci
837 1694 1132 1745 Capucinorum
1149 1691 1221 1731 in..-

226 1758 383 1801 nustria
397 1756 436 1796 &
452 1754 655 1808 Hungaria
672 1749 852 1793 Ministro
862 1746 1124 1795 Provinciam,
1138 1759 1222 1801 quae

225 1817 337 1858 isthic
367 1814 410 1855 in
435 1812 606 1854 Eccletia
629 1807 694 1851 seu
720 1807 889 1863 Capella
913 1836 927 1858 ,
959 1809 1000 1848 B.
1018 1808 1069 1849 V.
1089 1804 1224 1847 Mariae

225 1870 485 1917 Auxilatricis
502 1864 777 1922 nuncupatam
796 1869 960 1913 Decano
975 1867 1013 1907 &
1031 1863 1224 1919 Capitulo

226 1928 488 1974 cathedralis
503 1926 576 1969 suae
599 1925 780 1968 Ecclefiae
794 1925 979 1968 innovata
1006 1934 1144 1969 contra
1161 1921 1226 1963 di-

227 1989 373 2033 sertam
403 1985 646 2028 Institutoris
674 1993 848 2026 mentem
874 2009 888 2031 ,
919 1984 958 2023 &
983 1980 1231 2024 fundationis.

227 2045 556 2091 Documentum,
586 2043 634 2085 ab
654 2042 725 2083 hac
752 2046 872 2085 Sacra
894 2040 999 2083 sede
1022 2037 1229 2083 confirma-

229 2116 315 2149 tum
341 2118 412 2160 per
437 2099 685 2155 Apostolicas
715 2099 868 2141 litteras
892 2098 1001 2142 felic.
1027 2098 1230 2141 recordat,

230 2163 386 2208 Urbani
403 2161 519 2204 vm.
546 2157 715 2200 Romani
730 2157 952 2209 pontificis,
970 2154 1230 2199 Praedeceffo-

228 2223 281 2264 ris
309 2220 427 2263 nostri
455 2218 570 2261 datas
594 2229 686 2258 xtt.
705 2218 909 2258 Kalendas
937 2214 1100 2270 Augusti
1123 2228 1231 2256 anno

228 2278 440 2323 millesimo
459 2274 976 2330 sexcentefimotrigefimo
1005 2276 1162 2329 primo,
1192 2274 1231 2314 δε

228 2339 369 2381 contra
397 2332 632 2390 apertiffima
660 2331 743 2387 jura
761 2334 943 2375 Fratrum
958 2332 1121 2375 Ordinis
1135 2337 1230 2374 San·

230 2398 280 2438 cti
299 2392 495 2439 Francisci
511 2391 809 2446 Capucinorum
838 2393 969 2445 quoad
986 2389 1202 2446 spiritualia
1216 2418 1232 2440 ,

233 2455 454 2509 Divinique
476 2449 609 2493 Officii
639 2450 947 2493 exercitationes
965 2447 1233 2499 invaluisse),

236 2513 366 2556 Nobis
381 2512 436 2554 est
459 2509 752 2551 renuntiatum.
786 2507 959 2551 Mirifico
987 2511 1120 2551 tamen
1138 2506 1236 2550 sola-

238 2572 296 2614 tio
312 2570 441 2613 Nobis
467 2568 570 2618 fuit,
599 2567 707 2623 quod
736 2565 923 2609 Pastorali
956 2567 1048 2610 zelo
1073 2568 1234 2610 obviam

241 2630 300 2672 ire
315 2627 527 2682 susceperis
542 2653 556 2676 ,
587 2627 626 2667 δι
639 2623 815 2681 suscepta
841 2625 925 2681 ejus
940 2625 1125 2669 Eccleliae
1139 2624 1237 2680 Epi-

239 2686 385 2740 scopali
400 2683 621 2727 visitatione
635 2693 910 2738 opportunum
924 2683 1145 2728 remedium
1168 2681 1239 2725 ad·

236 2745 380 2787 hibere
394 2741 596 2784 curaveris
609 2743 723 2783 novis
739 2742 1080 2793 rebus‚adverstis
1095 2745 1237 2785 Sacro-

237 2816 330 2846 rum
345 2804 586 2847 Canonum,
616 2798 656 2838 ἃ.
682 2798 941 2842 fundationis
969 2798 1235 2855 praescriptio·
1279 2835 1283 2838 .

241 2875 336 2906 nem
351 2887 366 2910 ,
398 2859 435 2900 δι
450 2854 767 2911 Apostolicarum
783 2855 1009 2902 litterarum
1024 2856 1238 2900 confirma-

239 2921 394 2962 tionem
425 2912 596 2958 admiffis
623 2942 635 2953 .
675 2915 847 2954 Omnem
875 2913 1045 2969 proinde
1070 2926 1238 2962 curam,

243 2970 686 3028 moer-oremqueNobis
703 2968 886 3014 demittet
910 2970 1144 3014 sollicitudo
1158 2997 1172 3020 ‚
1202 2971 1242 3011 &

241 3034 458 3092 prudentia
472 3029 752 3074 Frater-nitatis
771 3032 863 3072 Tuae
877 3059 891 3081 ‚
925 3029 947 3071 li
965 3039 1140 3085 coeptam
1154 3027 1240 3071 vifi-

244 3094 437 3136 tationem
463 3089 671 3134 absolvere
688 3117 703 3138 ,
734 3089 774 3129 &
800 3087 1063 3144 provifionale
1093 3090 1246 3130 Decre-

244 3163 330 3195 tum
360 3179 373 3201 ‚
405 3147 516 3206 cujus
552 3147 779 3202 exemplum
799 3149 1034 3203 accepimus
1057 3175 1072 3199 ‚
1102 3144 1246 3201 exequi

248 3207 461 3268 potuiss'es.
759 3245 762 3252 Ι
839 3227 844 3232 ·

303 3272 368 3311 Ne
394 3265 488 3323 quid
524 3263 647 3319 igitur
663 3263 904 3306 ulteriorem
927 3263 1147 3306 Canonicis
1177 3274 1245 3303 re·

244 3325 384 3371 mediis
400 3336 550 3366 moram
564 3321 754 3377 objiciat,
779 3320 845 3364 sed
861 3319 1168 3365 abusus.temere
1184 3319 1243 3361 in-

247 3387 350 3428 vesti
369 3379 531 3439 prorsus
555 3380 815 3423 eliminentur
831 3408 845 3431 ,
876 3383 895 3420 a
912 3381 1242 3423 Fraternitatea

253 3445 338 3485 Tua
359 3442 515 3484 editum
539 3438 799 3495 provifionale
827 3441 1052 3480 Decretum
1068 3468 1083 3491 ‚
1113 3435 1243 3479 nostra

246 3499 626 3544 etiam-authoritate
653 3496 932 3540 confirmamus
948 3526 960 3548 ‚
976 3497 1139 3554 ejusque
1151 3507 1245 3535 exe-

249 3560 447 3601 cutionem
464 3557 555 3599 Tibi
582 3557 749 3598 omnino
780 3557 1041 3613 injungimus,
1070 3557 1110 3596 &
1139 3565 1244 3593 man·-

250 3619 391 3660 damus
408 3639 421 3649 ·
442 3615 638 3658 Volumus
653 3625 840 3670 ptaeterea
855 3643 869 3665 ‚
893 3625 934 3656 ut
951 3625 1126 3669 coeptam
1142 3608 1243 3654 vifi-

250 3675 448 3718 tationem
464 3671 638 3728 perficias
654 3699 668 3721 ‚
700 3669 982 3728 facultatesque
1002 3673 1091 3715 Tibi
1104 3667 1244 3713 neces-

252 3734 371 3775 sarias
384 3733 423 3772 &
440 3742 683 3787 opportunas
697 3732 788 3773 Tibi
804 3732 1054 3786 impertimur
1068 3759 1082 3781 ‚
1114 3739 1153 3770 ut
1171 3727 1244 3768 im-

252 3792 506 3845 pedimenta,
535 3788 658 3843 fiquae
675 3788 881 3838 obfistant,
914 3803 1123 3831 removere
1154 3785 1242 3843 pos-

251 3851 297 3893 sis
312 3879 325 3902 ‚
353 3847 536 3903 &quaein
550 3843 793 3890 fundationis
809 3849 1070 3891 instrumento
1084 3877 1097 3900 ‚
1129 3849 1240 3903 Apo-

2051 292 2213 380 233

1274 401 1420 443 stolicis
1445 403 1591 440 litteris
1615 391 1881 442 confirmato,
1910 391 2000 436 sunt
2027 405 2272 451 contritura,

1275 460 1479 502 vindicare
1492 485 1506 506 ,
1538 455 1562 496 fi
1580 455 1760 509 quivero
1773 452 1912 495 abusus
1927 450 2159 506 irrepse51m
2174 482 2187 504 ⁵
2200 468 2275 496 au,

1276 519 1471 560 thoritate
1485 527 1644 570 quoque
1659 509 1788 551 nostra
1803 511 1982 556 evellere
1996 513 2036 556 ὃς
2059 513 2274 556 emendare

1277 577 1416 618 valeas·
1432 575 1472 617 ὅ(
1497 572 1658 616 nitaris.
1693 570 1808 610 Hanc
1825 579 1960 610 autem
1977 571 2027 612 de
2049 573 2194 616 eximia
2209 583 2277 614 tua

1275 633 1473 676 pastorali
1489 633 1638 671 virtute
1652 625 1837 669 fiduciam
1853 626 2062 671 luculento
2079 630 2165 674 fore
2187 631 2279 672 Tibi

1275 689 1505 732 testimonio
1543 689 1742 742 speramus
1784 686 1989 738 praecipuae
2028 689 2238 731 charitatis
2263 718 2278 741 ‚

1274 747 1548 804 praeclaraeque
1563 745 1765 801 opinionis
1780 771 1794 794 ‚
1807 755 1928 797 quam
1944 746 1995 786 de
2013 747 2096 787 Tua
2115 750 2278 791 Frater·

1272 807 1401 850 nitate
1416 805 1594 859 gerimus
1611 830 1624 854 ,
1651 804 1714 844 cui
1736 801 2005 857 Apostolicam
2023 805 2278 851 Benedietio.

1277 879 1368 907 nem
1385 872 1644 919 peramanter
1657 861 1881 913 elargimur
1895 887 1906 898 .

1337 926 1488 968 Datum
1508 921 1644 965 Romae
1669 918 1773 974 apud
1800 920 1986 961 Sanctum
2013 920 2179 963 Petrum
2211 923 2279 966 sub

1275 977 1658 1025 AnnuloPiscatoris
1671 978 1740 1020 die
1755 977 2279 1031 xx1.JanuariiM0ccxx1x.

1278 1039 1541 1085 Pontificatus
1558 1037 1693 1081 Nostri
1706 1040 1826 1080 Anno
1838 1046 1985 1090 quarto
2001 1063 2014 1077 .

1342 1158 1562 1213 Exemplar.
1576 1159 1619 1199 in
1635 1155 1797 1201 Archiv.
1816 1155 2030 1199 Provincia
2042 1182 2055 1196 .

1517 1351 2292 1370 -Ἇ-ι-ο--ρμε-ψ-

1367 1451 1727 1496 APOSTOLICA
1758 1449 2205 1495 AUCTORITATE.

1285 1568 1521 1621 Fratribus
1542 1570 1587 1617 in
1611 1567 1895 1635 expeditione
1911 1567 2109 1615 Militari
2136 1580 2296 1617 contra

1311 1700 1314 1703 η
1354 1641 1531 1689 Turcas
1560 1656 1667 1690 cura.
1687 1639 1962 1690 Animarum
1981 1639 2023 1685 in
2043 1635 2299 1705 Hospitali-

1354 1709 1435 1759 bus
1450 1710 1721 1778 Hungariae,
1736 1706 1950 1776 inspeftio
1963 1706 2298 1775 Hospitalium‚

1353 1779 1402 1831 ὅ(
1429 1777 1719 1828 infirmorum
1757 1777 1847 1831 ἃς.
1892 1780 2249 1831 committuntur
2282 1815 2299 1839 ,

1352 1869 1402 1901 ac
1425 1851 1641 1899 nonnulla
1672 1851 1911 1921 privilegia
1929 1848 2260 1899 conceduntur.

1287 1980 1493 2033 Camillus
1510 1978 1731 2027 Paulutius
1746 1978 2031 2045 ,sacrfinc‘lae
2047 1978 2300 2028 Lateranen·

1341 2051 1408 2119 fis
1430 2050 1611 2118 Ecclefiae,
1629 2050 1872 2107 Canonicus,
1885 2050 2092 2119 utriusque
2106 2049 2303 2117 Signatu-

1360 2140 1414 2170 rae
1438 2121 1756 2188 Refe'rendarius
1784 2157 1799 2180 ,
1836 2122 1923 2169 Dei
1966 2123 2020 2168 (9·
2052 2120 2302 2187 Αροὲἳοίίσαε

1359 2190 1475 2241 Sedis
1519 2191 1667 2260 gracili
1696 2192 2034 2258 Archtfepifcopus
2066 2189 2265 2248 Iconenfis
2284 2225 2299 2248 ,

1357 2261 1609 2329 Sanc‘liffimi
1625 2263 1798 2315 Domini
1815 2259 1972 2312 Noi‘Zri
1989 2261 2183 2319 Domini,
2209 2260 2304 2309 Cle-

1361 2337 1507 2386 mentis,
1529 2333 1702 2383 Divina
1729 2333 2004 2400 providentia
2032 2332 2150 2397 Papae
2181 2328 2301 2381 XII.

1362 2405 1565 2454 Praelatus
1588 2404 1819 2471 domesticus
1841 2439 1854 2461 ‚
1898 2404 1953 2452 (5
1979 2401 2185 2467 Affiflens
2202 2402 2305 2468 ejus:

1361 2476 1449 2527 dem
1469 2510 1485 2533 ‚
1518 2492 1566 2522 ac
1585 2474 1707 2525 ‘diblae
1723 2473 1878 2523 Sanflae
1904 2473 2020 2526 Sedis
2055 2472 2303 2538 Apostolicae

1361 2546 1472 2611 apud
1502 2545 1547 2593 S.
1568 2543 1793 2612 Caefhream
1810 2543 2110 2610 majestatem
2128 2580 2144 2602 ,
2175 2542 2305 2591 Caro-

1364 2618 1448 2665 lum
1474 2613 1555 2665 VI.
1583 2620 1628 2664 in
1660 2615 1955 2680 Imperatorem
1993 2614 2162 2663 eleHum
2181 2649 2198 2670 ,
2235 2632 2305 2661 nec

1365 2705 1441 2734 non
1465 2701 1540 2751 per
1554 2686 1819 2735 Ger-maniam
1839 2719 1855 2742 ,
1890 2684 2146 2750 Hungariam
2165 2720 2180 2742 ,
2217 2684 2302 2732 Bo-

1366 2758 1540 2805 hemiam
1569 2790 1582 2811 ‚
1623 2753 1833 2802 Croatiam
1865 2788 1879 2810 ,
1919 2755 2127 2819 Austriam
2147 2789 2163 2811 ,
2207 2753 2306 2818 Sty-

1367 2825 1775 2882 riam,Carinthiam,
1793 2823 2064 2882 Carnioliam,
2073 2826 2304 2888 Tyrolim,

1367 2896 1576 2944 Goritiam
1594 2928 1608 2949 ,
1622 2894 1935 2961 universamque
1950 2894 2160 2958 Romani
2172 2894 2304 2961 Impe-

1369 2967 1427 3011 rii
1451 2963 1676 3029 dfflrit‘lum
1701 2982 1788 3012 cum
1804 2964 2021 3033 facultate
2033 2966 2186 3036 Legati
2215 2967 2305 3017 da,

1372 3034 1501 3085 latere
1518 3031 1707 3083 Nuncius
1726 3069 1739 3085 .

1307 3210 1473 3256 Βὶἰεὲῗίς
1488 3209 1604 3253 Nobis
1615 3213 1656 3252 s‘n
1671 3210 1826 3268 Christo
1844 3215 1873 3254 R
1883 3216 1927 3255 R.
1938 3211 2116 3254 Patribus
2133 3214 2304 3255 Marcel-

1357 3271 1393 3310 lo
1411 3268 1918 3326 Cremifanensi‚'Nicodemo
1941 3270 2148 3328 Pruggenst
2159 3300 2170 3319 ‚
2186 3274 2306 3313 Wen-

1358 3329 1482 3369 delino
1500 3329 1790 3386 Reinbergenst,
1825 3328 2030 3371 Walthero
2059 3328 2304 3379 Pobonicnsr',

1361 3387 1524 3428 Geroldo
1539 3387 1725 3444 Budmsi,
1751 3388 1803 3437 όν
1825 3386 1998 3443 Narcssb
2020 3386 2214 3442 Wclſsnsi,
2230 3391 2306 3428 Or-

1359 3445 1457 3485 dinis
1486 3447 1688 3488 Minorum
1720 3450 1759 3488 S.
1784 3444 1988 3500 Francisbi
2019 3447 2304 3499 Capacinorum

1350 3503 1525 3561 salutem
1547 3505 1588 3546 in
1603 3507 1764 3550 Domino
1776 3501 2076 3558 stmpiternam.

1423 3622 1509 3666 ΗΜ
1534 3619 1799 3663 Sanctiffimus
1823 3618 2018 3659 Dominus
2036 3618 2183 3661 Noster
2203 3623 2305 3672 Papa

1437 3692 1515 3720 non
1548 3678 1673 3720 minus
1703 3677 1923 3731 spirituali,
1955 3680 2073 3732 quam
2106 3678 2308 3732 corporali

1305 3736 1448 3777 Militis
1459 3735 1631 3781 Caesarei
1647 3750 1752 3777 curae
1765 3764 1780 3786 ,
1797 3735 1833 3775 in
1853 3735 2030 3790 praesenti
2044 3746 2187 3777 contra
2202 3737 2307 3776 Tur—

1302 3805 1366 3833 cas
1383 3794 1634 3847 expeditione
1659 3795 1885 3836 consultum
1903 3791 1980 3836 esse
2000 3797 2135 3848 cupiat
2154 3821 2167 3842 ,
2192 3806 2235 3833 ac
2253 3792 2304 3832 ad

1300 3850 1560 3895 sublevandas
1578 3852 1742 3895 Caesarei
1767 3853 1895 3894 aerarii
1930 3854 2033 3894 vires
2061 3863 2308 3949 conclurrere

2175 3908 2258 3948 ibe-
