2658 4256
451 240 608 323 160

375 372 413 411 &
428 369 516 411 fore
529 395 543 416 a
558 366 722 424 suostlue
737 368 935 424 plenarios
950 399 966 420 ,
982 369 1213 425 &integros
1227 370 1390 415 effestus

377 428 543 479 sortiri,
560 429 597 468 &
612 428 798 471 obtinere
813 457 828 480 ,
842 431 882 472 δι
897 430 977 472 inis
993 459 1006 481 ‚
1030 429 1079 472 ad
1096 443 1196 484 quos
1211 433 1358 484 spectat
1375 459 1389 483 ‚

378 490 416 529 &
433 501 508 541 pro
521 498 708 541 tempore
720 487 909 542 spectabit
925 515 939 536 s
970 487 1190 542 pieniffime
1206 488 1390 544 suffraga-

378 548 445 597 ri,
472 548 510 587 δι
527 549 575 588 ab
587 547 644 587 eis
662 544 879 602 respective.
899 546 1186 591 inviolabiliter
1199 548 1390 591 observa-

379 606 440 655 ri,
463 604 592 660 ficque
616 604 654 646 in
674 605 872 659 praemiffis
898 620 970 663 per
989 605 1389 663 quoscumqueJudi-

379 677 448 706 ces
462 663 693 705 ordinarios
708 692 721 715 ‚
737 668 775 707 &
791 665 1015 721 delegatos,
1031 666 1152 709 etiam
1167 666 1386 719 Causarum

378 722 520 765 Palatii
539 723 759 777 Apostolici
774 724 994 767 Auditores
1006 723 1178 780 judicari
1195 753 1210 776 ‚
1229 726 1269 767 δι
1283 723 1386 766 defi.

375 781 456 824 niti
473 780 621 832 debere
638 809 652 832 ,
675 794 721 823 ac
748 783 906 825 irritum
934 784 1129 835 &inane‚
1155 786 1181 825 ss
1198 784 1307 827 secus
1322 783 1385 824 su·

376 853 447 894 per
464 840 524 880 his
544 842 568 884 ὲ
583 841 939 897 quoquam‚quavis
952 842 1385 893 auctoritatesscienter

375 897 443 940 vel
459 899 696 952 ignoranter
711 901 930 956 contigerit
949 902 1174 954 attentari3
1202 905 1295 945 Non
1311 902 1384 943 ob·

375 957 569 1000 stantibus
598 957 795 1014 pramiffis
807 989 822 1010 ‚
849 973 895 1002 ac
919 959 1316 1011 constitutionibus,
1347 961 1387 1001 &

377 1014 966 1073 Ordinationibus'Apostoiicis
981 1045 994 1069 ‚
1009 1031 1170 1061 necnon
1187 1018 1357 1061 Ordinis
1369 1047 1385 1070 ,

377 1076 418 1115 δι
434 1075 652 1117 Provincia
666 1078 836 1118 Franco·
845 1076 1043 1120 Bovaricae
1054 1105 1068 1127 ,
1090 1091 1135 1119 ac
1154 1077 1261 1119 iilius
1272 1081 1384 1120 Con-

378 1143 570 1175 ventuum
588 1133 842 1190 hujusmodi,
870 1134 1011 1176 aliisve
1036 1135 1382 1190 quibusvis,etiam

376 1191 634 1247 juramento,
661 1191 983 1235 Confirmatione
1012 1193 1242 1247 Apostolicn
1265 1221 1279 1245 ,
1317 1194 1382 1236 vel

378 1252 518 1305 quavis
541 1250 731 1293 firmitate
770 1252 848 1295 alia
887 1252 1090 1295 roboratis
1121 1253 1279 1295 statutis
1305 1281 1319 1303 ‚
1345 1255 1383 1295 δε

378 1309 732 1352 consuetudinibus
745 1338 757 1361 ,
772 1309 1005 1365 privilegiis
1018 1325 1181 1367 quoque
1197 1310 1383 1362 indultis3

377 1369 416 1408 δε
430 1370 598 1412 Litteris
615 1368 855 1424 Apostolicis
883 1369 923 1411 in
948 1373 1198 1414 contrarium
1214 1368 1386 1426 praemis—

1085 1465 1364 1563 'No

1148 237 1733 326 Provincia

1448 372 1584 414 sorum
1611 367 1925 426 quomodolibet
1944 374 2136 416 coneeffis
2149 399 2163 422 a
2186 371 2468 429 confirmatis}

1450 433 1490 472 δι
1507 430 1738 481 innovat1'53
1767 429 1912 484 quibus
1937 431 2148 483 omnibus,
2173 435 2210 473 &
2227 434 2390 490 fingulis
2412 436 2463 478 il-

1450 490 1580 533 lorum
1608 498 1769 531 tenores
1788 488 2041 542 praesentibus
2070 503 2143 544 pro
2157 490 2274 545 plene
2297 497 2335 536 &
2353 494 2459 536 suffi-

1448 548 1604 591 cienter
1618 545 1804 603 expreffis
1826 575 1841 598 ‚
1864 562 1911 590 ac
1935 549 1988 591 de
2005 549 2130 590 verbo
2144 547 2193 589 ad
2217 551 2382 596 verbum
2397 556 2461 596 in-

1448 607 1563 650 sertis
1590 608 1786 648 habentes
1802 633 1816 656 ‚
1845 606 1924 650 illis
1946 607 2044 652 alias
2068 608 2107 649 in
2124 606 2194 648 suo
2211 608 2354 653 robore
2371 626 2462 666 per·

1446 664 1638 708 mansuris
1656 693 1669 715 ‚
1684 664 1731 707 ad
1756 664 2038 720 praemifforum
2056 665 2241 708 effectum
2270 666 2343 710 hic
2371 671 2458 713 vice

1445 725 1640 767 duntaxat
1655 722 1881 778 specialiter
1895 754 1908 777 ,
1937 726 1977 767 δε
1990 724 2175 780 expresse
2189 722 2426 782 derogamus
2443 755 2458 778 2

1446 782 1682 837 caeterisque
1696 784 1911 826 contrariis
1926 783 2262 840 quibuscumque.

1506 845 1662 884 Datum
1688 842 1727 882 in
1742 845 1851 885 Arce
1869 842 2104 898 Gandulphi
2123 841 2321 885 Albanen.
2341 843 2458 887 Dioe—

1446 900 1544 942 cesis
1574 901 1647 944 sub
1673 900 1839 943 Annulo
1867 902 2111 952 Piscatoris,
2145 900 2223 942 Die
2245 914 2370 943 xxvi.
2391 905 2462 958 Ju-

1445 960 1501 1001 nii
1519 974 1552 1002 M
1570 975 1597 1002 n
1613 973 1671 1002 cc
1689 973 1710 1002 x
1734 975 1766 1001 ι.
1794 960 2062 1004 Pontificatus
2091 958 2212 1002 nostri
2236 962 2361 1004 Anno
2388 974 2463 1003 un-

1446 1016 1607 1061 decimo
1621 1045 1634 1059 .

1901 1139 1946 1180 12.
1973 1134 2100 1179 eard.
2124 1134 2343 1179 Oliverius.

1507 1258 1650 1308 Autog.
1665 1253 1707 1293 in
1724 1256 1865 1295 Secret.
1884 1259 2001 1295 Brcv.
2025 1251 2273 1307 Apostolicor.
2303 1253 2460 1311 Regesto

1557 1311 1676 1369 meust
1689 1312 1742 1361 ὠ·
1762 1311 1994 1369 annIpraed.
2008 1310 2053 1368 f-
2067 1322 2137 1361 75.

1457 1501 1697 1564 TA.

440 1645 580 1681 Edulam
599 1644 826 1692 exaaamque
846 1646 1042 1693 Apostolici
1056 1647 1157 1694 hujus
1183 1648 1306 1683 Brevis
1318 1627 1559 1686 executionem
1575 1649 1685 1686 firmat
1711 1651 1746 1687 3<
1764 1650 1888 1699 probat
1904 1650 2201 1696 instrumentum,t
2218 1652 2258 1689 Ρ.
2274 1649 2450 1688 Commio

463 1694 547 1731 sario
560 1695 595 1730 8<
611 1695 803 1732 Definitore
819 1694 988 1732 Generali
1001 1696 1134 1732 editum
1160 1718 1173 1739 ,
1203 1695 1265 1731 sub
1281 1706 1400 1733 tenore
1419 1697 1600 1746 subjuncto
1613 1722 1623 1733 .
2458 1718 2462 1723 -

373 1809 426 1860 In
470 1811 651 1864 Nomine
680 1812 982 1879 Sanc‘lissimae,
1021 1819 1073 1862 εἷθ’
1107 1812 1346 1864 Individuae
1383 1813 1615 1864 Trinitatis
1645 1852 1660 1873 ,
1699 1815 1841 1865 Patris
1861 1854 1876 1876 ,
1914 1825 1967 1867 Es?
1998 1820 2140 1876 Filii,
2177 1819 2230 1866 (θ’
2258 1815 2454 1884 Spiritus

566 1883 726 1933 ‘Sancti
743 1919 759 1942 ,
795 1884 1080 1950 Beatisiimae,
1114 1887 1168 1932 (9⁶
1197 1884 1504 1951 Glorifiſsimae
1536 1887 1720 1953 Virginis
1753 1886 1911 1938 Mariae
1937 1886 2213 1940 Immaculata
2233 1923 2249 1946 ,

844 1972 891 2002 ac
920 1953 1135 2021 seraphici
1165 1955 1307 2005 Patris
1349 1954 1496 2024 Nostri
1530 1957 1740 2023 Francisci
1758 1994 1770 2007 .
1810 1960 1946 2007 Amen
1966 1996 1978 2009 .

475 2081 611 2125 Deus,
635 2082 734 2131 cujus
751 2081 961 2130 Unigenitus
976 2106 988 2126 ‚
1013 2082 1064 2119 La
1087 2082 1117 2118 is
1140 2081 1202 2120 ille
1228 2082 1407 2130 angularis
1421 2106 1434 2125 ,
1461 2083 1524 2128 qui
1538 2084 1631 2130 facit
1643 2094 1791 2131 utraque
1812 2096 1944 2128 unum,
1971 2096 2046 2122 cum
2069 2083 2307 2134 insubstantia
2331 2082 2444 2132 noflrae

379 2130 496 2166 carnis
518 2132 680 2178 apparuit
693 2154 706 2174 ,
729 2129 796 2167 alto
820 2141 861 2167 ex
876 2130 1012 2179 Olympi
1059 2132 1188 2176 errice,
1212 2143 1272 2167 ceu
1287 2133 1406 2170 Monte
1426 2130 1569 2177 desectus
1588 2131 1674 2178 lapis
1693 2132 1819 2167 Terras
1842 2135 1881 2168 in
1901 2136 1985 2169 imas
2007 2133 2193 2175 decidens,
2221 2131 2363 2166 ‘Damas
2374 2132 2420 2179 su
2436 2151 2445 2158 -

374 2185 511 2226 perna,
537 2178 711 2226 &infimae
720 2188 904 2227 utrumque
929 2181 1051 2228 junxit
1062 2180 1245 2228 angulum,
1270 2180 1400 2228 tametsi
1408 2181 1578 2216 unitatem
1596 2182 1722 2228 diligat
1739 2205 1750 2223 ,
1776 2181 1924 2231 disperfiz
1951 2190 2130 2228 congreget
2145 2206 2157 2226 ,
2183 2181 2445 2227 &congregata

380 2225 556 2274 eonfirvet
567 2249 579 2269 ,
605 2238 644 2262 ac
652 2226 769 2274 plures
782 2227 980 2266 inhabitare
990 2228 1105 2275 faciat
1114 2231 1218 2266 unius
1229 2230 1349 2277 moris„
1358 2232 1397 2264 in
1409 2227 1500 2263 domo
1517 2253 1524 2265 .
1552 2231 1708 2278 exigente
1734 2239 1849 2267 tamen
1877 2231 2007 2268 natura
2021 2241 2135 2266 rerum
2145 2254 2154 2271 ,
2180 2231 2223 2271 ἀν
2238 2229 2443 2265 varietate„-

378 2282 563 2322 temporurn
583 2299 594 2318 ‚
619 2275 820 2323 quandoque
842 2275 1035 2326 divisionem
1062 2287 1181 2322 amat,
1205 2277 1365 2314 dividens
1378 2276 1524 2325 singulis
1539 2301 1551 2321 ‚
1574 2286 1678 2325 prout
1709 2278 1788 2314 vult
1801 2304 1810 2314 .
1840 2280 1901 2317 Sic
1919 2282 1941 2315 ἅ
1957 2279 2127 2328 principio
2141 2277 2257 2326 divifit
2283 2287 2390 2325 aquas
2404 2276 2449 2312 ab

381 2323 499 2369 aquis,
529 2323 609 2358 dein
619 2324 790 2371 gentema‘
825 2333 925 2368 ente,
948 2324 991 2365 ὼ·
1011 2322 1169 2372 Regnum
1182 2327 1204 2362 ᾶ
1218 2324 1337 2373 Regno
1357 2338 1366 2361 :
1391 2326 1516 2373 quibus
1532 2326 1629 2374 fhrte
1639 2327 1754 2375 divisit
1769 2326 1912 2363 Terram
1925 2329 1964 2363 in
1979 2325 2138 2374 funiculo
2165 2325 2446 2374 distributionis,

379 2379 421 2407 ut
437 2371 623 2418 crescerent
640 2397 653 2415 ,
678 2373 721 2413 (θ’
735 2336 1049 2420 νηπῆἱρΙὶι-ανσπικν
1061 2397 1073 2416 ,
1099 2373 1142 2415 &
1153 2374 1322 2422 replerent
1334 2386 1405 2411 eam
1420 2385 1429 2409 ε
1455 2375 1538 2422 quia
1548 2376 1587 2411 in
1597 2375 1660 2412 hac
1673 2376 1796 2422 magna
1811 2375 1916 2412 Domo
1929 2375 2000 2426 ejus
2014 2374 2195 2423 mansiones
2213 2372 2420 2422 multaesunt
2434 2394 2450 2418 t

376 2419 420 2460 (θ’
432 2420 489 2456 cui
505 2418 582 2455 vult
598 2445 612 2464 ,
636 2420 698 2455 dat
708 2419 786 2456 illas
798 2419 915 2457 Fauor
928 2445 941 2465 ‚
961 2421 1104 2458 Creator
1119 2424 1285 2459 omnium.

475 2467 578 2505 Sicut
590 2477 702 2504 autem
725 2469 768 2504 ab
779 2470 881 2505 initio
893 2470 1073 2507 Creaturae
1086 2493 1099 2513 ‚
1127 2473 1180 2508 ita
1197 2473 1239 2512 ὠ·
1257 2484 1348 2508 nunc
1359 2497 1371 2514 ‚
1397 2484 1437 2508 ac
1454 2472 1632 2510 evidenter
1657 2475 1696 2509 in
1706 2472 1768 2512 hdc
1789 2471 1899 2522 nostrii
1913 2471 2043 2510 Franco
2055 2492 2070 2499 -
2086 2471 2270 2508 ‘Bavaricci
2285 2470 2437 2509 Provin-

382 2515 443 2551 cia
457 2539 469 2559 ,
491 2527 579 2597 quae,
596 2528 670 2552 cum
684 2517 727 2551 ab
742 2526 822 2553 ortu
835 2519 1038 2554 nativitatis
1054 2518 1124 2567 suae
1138 2519 1328 2557 Provincia
1343 2520 1523 2569 Tyrolenfis
1539 2521 1770 2569 appellaretur
1785 2547 1797 2566 ,
1823 2523 1865 2564 ὠ·
1879 2519 1955 2572 effet
1967 2546 1978 2565 ‚
1998 2529 2120 2605 *utpote
2141 2531 2214 2556 una
2232 2546 2240 2560 ‚
2263 2520 2444 2567 eademque

381 2575 456 2599 cum
476 2563 552 2608 ila,
587 2564 753 2612 crescente
778 2566 926 2602 ubertim
948 2567 1187 2613 magnitudine
1200 2567 1298 2615 ejus,
1322 2568 1614 2617 multiplicatoque
1638 2570 1920 2620 Monasteriorum
1935 2595 1947 2614 ‚
1971 2571 2014 2612 ὼ·
2050 2580 2182 2605 ocorum
2200 2580 2364 2612 numero,
2390 2568 2447 2602 in-

370 2610 546 2660 stantibus
559 2614 738 2659 primariis
762 2612 858 2650 illius
872 2613 1159 2656 Patribusstnno
1176 2616 1315 2653 Domini
1334 2618 1432 2654 1668.
1454 2618 1658 2665 ‹Apostolica
1675 2621 1892 2657 Aufiioritate
1918 2621 1957 2655 in
1971 2620 2057 2656 duas
2075 2643 2088 2661 ,
2116 2615 2330 2666 Tyrolensem
2345 2616 2442 2652 nimi·

311 2689 314 2692 .
377 2671 455 2695 rum
469 2686 476 2696 .
503 2660 546 2702 (ς’
561 2660 775 2698 ‘Bavaricam
790 2661 905 2709 divisa
918 2661 961 2711 est
975 2675 986 2702 ς
1012 2663 1183 2712 affiznatis
1198 2667 1321 2712 cuique
1337 2666 1415 2713 suis
1428 2665 1591 2714 dislinffis
1603 2668 1685 2704 locis
1698 2696 1707 2710 ,
1732 2670 1775 2710 ὠ·
1791 2667 2008 2717 Monasteriis
2020 2693 2029 2704 .
2057 2667 2146 2718 Quae
2161 2690 2174 2708 ,
2200 2678 2276 2706 cum
2294 2665 2447 2704 Provin-

376 2708 629 2759 ciae-Bavaricae
649 2710 781 2753 viginti
797 2721 915 2746 novem
936 2709 1127 2763 obtigiffitnt
1152 2737 1164 2756 ,
1189 2715 1321 2760 viginti
1342 2716 1494 2763 quinque
1500 2715 1637 2762 scilicet
1652 2716 1860 2766 Monasteria
1874 2740 1886 2760 ‚
1912 2717 1955 2758 ὼ*
1967 2725 2118 2765 quatuor
2140 2715 2332 2765 Mt'ffionum
2348 2713 2419 2748 loca
2435 2725 2446 2752 3

378 2756 489 2792 tractu
503 2759 659 2804 temporis
674 2757 908 2794 ‘Benedicente
921 2758 1067 2795 Domino
1081 2783 1094 2802 ‚
1118 2761 1161 2802 ὠ·
1183 2765 1405 2799 currentibus
1421 2764 1555 2800 Mundo
1571 2790 1583 2808 ,
1609 2766 1651 2807 (⁷9¹
1671 2765 1790 2813 populo
1806 2765 1921 2802 Terrae
1936 2791 1946 2807 ‚
1971 2778 2009 2801 ac
2026 2765 2256 2807 Principibus
2280 2763 2351 2812 eJ'us
2369 2761 2441 2796 in.)

379 2804 508 2840 odorem
534 2814 806 2853 unguentorum,
830 2817 927 2852 quem
949 2807 1198 2856 Copucinisuae
1217 2812 1308 2846 bonae
1335 2811 1603 2859 conversationis
1614 2813 1726 2862 studio
1744 2816 1786 2856 &¹
1809 2814 1923 2850 labore
1950 2815 1988 2848 in
2013 2810 2125 2848 Vinea
2146 2813 2292 2849 Domini
2315 2811 2442 2859 ubique

370 2853 579 2901 spargebant
591 2880 601 2895 ,
615 2853 754 2901 eousque
767 2855 880 2890 crevit
893 2877 905 2897 ‚
929 2854 971 2895 (θ’
984 2856 1080 2892 αιιδῖα
1094 2858 1136 2907 est
1148 2884 1157 2898 ,
1175 2871 1213 2893 ac
1227 2860 1476 2906 magnitudinis
1491 2860 1533 2901 ἶς’
1549 2862 1787 2910 amplitudinis
1801 2886 1813 2905 ,
1841 2862 2042 2910 numerique
2061 2859 2207 2897 locorum
2225 2859 2261 2897 εὸ
2272 2859 2451 2908 pervenit,

378 2910 419 2937 ut
440 2903 532 2937 inter
559 2901 767 2951 Monasteria
782 2927 793 2945 ,
819 2901 1104 2951 Monafleriorum
1123 2907 1281 2953 fabricas
1300 2930 1313 2950 ‚
1341 2909 1505 2955 Hospitio
1527 2933 1537 2951 ,
1565 2911 1608 2950 (ἶς’
1628 2910 1818 2957 Miffiouum
1843 2909 1915 2946 loca
1940 2908 2123 2957 universim
2143 2910 2379 2958 quadraginta
2397 2907 2442 2949 ὰ

377 2961 484 2986 unum
495 2960 690 2986 numeraret
710 2978 717 2986 .
783 2963 823 2986 uo
838 2949 964 2999 fat-“ium
976 2975 988 2994 ,
1013 2963 1054 2989 ut
1071 2955 1218 3038 ‘qiifitatio
1232 2955 1304 3002 ejus
1317 2955 1489 3004 Ministris
1504 2956 1784 2994 Provincialibus
1797 2960 1896 2996 toties
1909 2985 1917 2999 ,
1946 2959 2079 3006 quoties
2095 2960 2117 2994 ἂ
2128 2957 2439 3007 Constitutionibus

377 2996 495 3047 nostris
503 2997 739 3046 praefiribitur
751 3023 763 3041 ‚
789 3000 910 3035 nednm
924 2999 1020 3036 ultra
1031 3013 1081 3037 mo
1107 3015 1164 3038 um
1172 3003 1317 3051 difficilis
1330 3028 1342 3046 ‚
1357 3003 1424 3051 sed
1437 3006 1480 3046 &⁶
1495 3006 1696 3055 impoffibilis
1709 3007 1910 3044 redderetur
1922 3031 1935 3048 ,
1961 3016 2065 3054 atque
2080 3006 2161 3042 adeo
2175 3006 2255 3043 inde
2269 3005 2301 3042 R
2304 3004 2441 3052 egulari

377 3045 617 3095 Observantiae
631 3070 643 3089 ‚
669 3048 711 3088 ὠ·
726 3046 907 3096 Claustrali
921 3049 1118 3097 Disciplina:
1130 3075 1142 3095 ,
1167 3063 1239 3098 quae
1259 3063 1301 3088 ex
1314 3054 1482 3090 crebriori
1497 3054 1614 3090 debita
1617 3055 1834 3103 superiorum
1849 3053 1887 3092 V
1883 3056 2049 3104 isitatione
2062 3078 2073 3096 ,
2102 3066 2175 3102 qua
2205 3053 2348 3103 custodit
2358 3053 2442 3102 spa·-

375 3096 483 3131 ritum
494 3095 711 3143 subditorum
726 3119 738 3138 ,
764 3105 847 3132 nata
865 3094 907 3143 esi
925 3109 991 3132 non
1010 3098 1119 3146 ⁴folum
1154 3099 1255 3150 illaesa
1278 3104 1500 3149 conservari,
1516 3103 1695 3149 sedetiam
1707 3105 1951 3142 incrementum
1963 3102 2098 3150 sumere
2114 3129 2126 3146 ‚
2151 3101 2208 3139 vel
2229 3102 2435 3150 labefaiiota

374 3142 530 3193 restitui,
554 3155 620 3179 non
644 3145 718 3180 leve
733 3145 971 3192 praejudicium
991 3159 1176 3196 emergeret
1189 3175 1199 3185 .
1230 3150 1383 3198 Cumque
1399 3150 1464 3187 haec
1478 3152 1682 3200 visitationis
1702 3152 1882 3237 difficultas
1897 3152 1939 3192 &⁶
1959 3150 2201 3199 impoffibilitas
2226 3151 2284 3188 vel
2294 3148 2437 3187 maxime

375 3192 457 3228 inde
465 3192 660 3239 procederet
673 3217 683 3233 ,
708 3194 798 3240 quod
811 3193 1016 3243 Monasteria
1030 3198 1072 3237 ὼ·
1085 3198 1156 3234 loca
1173 3200 1212 3233 in
1227 3196 1420 3235 Franconiti
1444 3201 1545 3236 nimis
1554 3200 1675 3246 procul
1690 3202 1742 3249 dis
1755 3211 1855 3238 arent
1869 3204 1890 3237 ἄ
1907 3199 2071 3236 ‘Bovario
2083 3223 2095 3243 ‚
2121 3201 2164 3236 ab
2178 3212 2282 3250 eaque
2296 3199 2431 3247 longius

367 3241 618 3288 separarentur
631 3266 644 3285 ,
670 3251 772 3289 atque
784 3241 864 3278 hinc
878 3241 960 3279 illuc
974 3267 987 3288 ,
1010 3246 1052 3287 &
1065 3247 1146 3282 inde
1166 3248 1231 3283 buc
1246 3248 1408 3297 transitus
1431 3257 1500 3285 tam
1512 3249 1680 3297 praediflis
1697 3249 1869 3299 Ministris
1891 3248 2185 3285 uprovincialibus
2200 3275 2213 3293 ,
2239 3246 2339 3297 quam
2353 3246 2434 3283 aliis

376 3286 559 3326 Fratribus
576 3298 636 3346 pro
646 3291 818 3337 exigentia*
837 3302 951 3328 rerum
975 3293 1018 3334 ὡ·
1036 3304 1220 3343 temporum
1245 3295 1421 3338 hincinde
1441 3299 1769 3345 commigrantibus,
1795 3297 1973 3350 ueceffario
1987 3306 2050 3346 per
2072 3296 2143 3334 loca
2158 3295 2361 3336 Acatholica
2376 3296 2434 3345 fa·

375 3338 514 3374 ciendus
529 3337 604 3388 effet
618 3364 628 3381 ‚
654 3351 728 3375 cum
743 3338 878 3376 illorum
897 3352 962 3376 non
974 3341 1045 3379 levi
1063 3343 1209 3394 molestia
1223 3369 1231 3385 .
1256 3345 1298 3385 (ς’
1312 3346 1496 3393 aliquando
1515 3346 1772 3394 mortificatione
1785 3373 1794 3383 .
2088 3361 2091 3368 ·

472 3387 575 3423 Hinc
590 3388 629 3423 ob
646 3388 732 3424 banc
747 3415 756 3429 ,
781 3387 824 3430 ἶς’
838 3388 925 3425 alias
938 3413 950 3432 ‚
974 3393 1091 3439 easque
1100 3393 1217 3442 plures
1236 3395 1387 3430 rationes
1402 3395 1444 3436 (θ’
1460 3395 1681 3445 difficultates
1692 3422 1702 3437 ,
1723 3393 1977 3445 quaesucceffive
1991 3396 2208 3442 augebantur
2221 3419 2234 3438 ‚
2258 3396 2300 3436 ὠ
2314 3395 2437 3443 ingro-

376 3435 558 3481 vescebant
570 3459 583 3478 ,
605 3446 675 3473 tam
690 3437 814 3474 Patres
829 3438 1030 3486 Superiores
1041 3441 1234 3478 Provincia
1244 3466 1256 3485 ,
1282 3441 1382 3490 quam
1398 3443 1520 3481 Patres
1533 3443 1729 3482 Franconiae
1757 3445 1950 3493 divifionem
1971 3444 2113 3492 ejusdem
2132 3444 2324 3481 Provincia
2337 3468 2348 3486 ,
2374 3455 2436 3479 no-

374 3485 532 3530 minatim
551 3486 800 3532 separationem
813 3483 1028 3524 Franconicae
1047 3490 1068 3524 ίί
1082 3491 1256 3527 Bavaricei
1276 3492 1314 3525 in
1328 3492 1420 3527 binis
1436 3492 1607 3541 Capitulis
1632 3493 1881 3535 Generalibus‚
1911 3493 1954 3533 (θ’
1972 3491 2058 3528 alitis
2074 3517 2086 3535 ‚
2112 3505 2150 3527 ac
2165 3492 2248 3528 alibi
2265 3491 2432 3541 instanter

376 3532 571 3579 &sollicite
584 3533 802 3618 ciffoscebant
816 3559 825 3570 .
843 3536 995 3584 Cumque
1006 3537 1052 3572 ad
1064 3538 1139 3575 haec‘
1149 3540 1254 3576 etiam
1262 3547 1375 3587 preces
1393 3541 1595 3589 Principum
1607 3542 1654 3577 ad
1670 3541 1910 3590 Sanfiiiffimum
1925 3541 2107 3577 Dominum
2122 3539 2285 3590 Nostrum
2305 3541 2432 3589 Papam

376 3581 578 3618 Clementem
633 3583 658 3619 1,
677 3582 877 3620 accederent
887 3609 899 3627 ‚
917 3586 960 3626 ὠ·
971 3588 1045 3624 Sua
1059 3588 1086 3623 S
1088 3587 1232 3625 anfiitas
1246 3600 1316 3624 rem
1332 3588 1547 3637 ‘Definitorio
1557 3589 1729 3628 'Generali
1744 3590 1781 3624 in
1799 3587 1962 3636 capitulo
1973 3587 2137 3626 Generali
2161 3601 2249 3625 anno
2269 3599 2365 3637 ¹709·
2379 3602 2434 3627 ce·

376 3628 506 3666 lebrato
531 3630 725 3680 commifiſjct
736 3631 881 3679 ,fotium
891 3633 934 3683 est
947 3657 959 3678 ‚
984 3645 1024 3671 ut
1037 3635 1083 3670 ad
1096 3646 1175 3683 opus
1194 3635 1444 3688 Commiffarius
1455 3637 1636 3676 Generalis
1666 3638 1914 3688 deputaretur,
1931 3634 2107 3689 Nobisque
2123 3663 2136 3682 ‚
2150 3636 2231 3675 licit
2242 3639 2430 3687 imparibus

378 3679 518 3714 viribus
535 3702 545 3720 ‚
571 3680 608 3714 id
629 3681 724 3729 officii
737 3692 860 3717 munus
873 3684 914 3723 <1³5¹
926 3695 1009 3720 onus
1024 3686 1254 3732 imponeretur
1268 3711 1277 3721 .
2384 3708 2386 3710 ·

469 3727 549 3776 Q
563 3750 574 3769 ‚
600 3739 638 3764 ut
658 3731 723 3777 pa'r
738 3728 780 3778 est
794 3753 806 3773 ,
834 3731 1026 3768 obedienter
1033 3732 1185 3781 suscepto
1198 3759 1210 3777 ,
1235 3735 1278 3775 ὼ·
1290 3736 1435 3783 acceptis
1450 3734 1562 3772 adhoc
1577 3736 1700 3773 ibidem
1715 3733 1827 3772 Romae
1843 3759 1854 3778 ,
1880 3735 1939 3771 ubi
1960 3734 2026 3785 post
2049 3735 2247 3784 Capitulum
2265 3734 2430 3775 Generale

368 3776 552 3813 etiamnum
563 3780 788 3820 morabamur,
801 3783 1003 3827 opportunis-⁴
1015 3780 1257 3832 &necessariis
1263 3784 1506 3831 facultatibus,
1523 3794 1667 3832 tempore
1675 3786 1811 3832 proprio
1825 3784 1906 3820 inde
1920 3795 1976 3820 nos
1988 3786 2164 3821 movimus:
2181 3786 2225 3822 Et
2242 3787 2376 3835 depastio
2388 3785 2428 3818 in

369 3824 512 3874 tranfitu
520 3833 582 3873 per
610 3823 770 3876 Nostram
787 3827 1011 3876 Provinciam
1034 3832 1186 3880 styria,
1212 3844 1277 3881 quo
1292 3833 1417 3870 ibidem
1436 3832 1545 3870 adhuc
1555 3833 1815 3883 gravabamur,
1837 3831 2118 3874 Provinciolatus
2140 3846 2265 3880 onore,
2290 3832 2432 3871 muniti·

2325 3892 2387 3930 que
