2658 4256
450 223 559 304 80
1123 215 1695 301 Provincia

492 382 571 423 Nos
588 380 807 431 Principale:
818 379 870 422 F&
876 381 1044 431 rstenherg
1056 402 1062 407 ·
1076 379 1356 428 Stiiehlingenses
1368 380 1413 416 ad
1426 379 1577 429 regimen
1588 376 1825 428 clementiffime
1839 375 2013 426 constituti
2024 376 2259 421 cancellarius
2269 405 2282 426 ‚
2307 383 2425 421 intimi
2435 408 2450 430 ‚

389 430 530 471 Mulici
544 434 584 474 ὠ·
598 431 792 479 Regiminis
803 432 997 481 Consiliarii
1008 454 1019 472 ‚
1032 439 1146 466 notum
1159 453 1170 470 ‚
1184 428 1354 476 fidemque
1366 427 1624 477 hist-efacimns,
1647 427 1714 476 qud
1737 428 1871 463 ratione
1893 426 1913 462 ὰ
1934 426 2129 474 Sereniffimo
2144 455 2157 475 ,
2179 443 2217 468 ae
2232 431 2452 482 Clementiffiss

394 494 445 518 mo
458 482 616 518 “Domi'no
629 478 735 528 nostro
747 478 964 529 Rescriptum
977 479 1044 527 sub
1058 479 1152 515 Data
1166 477 1359 514 Lauthemii
1375 501 1387 519 ‚
1407 477 1462 512 die
1489 482 1522 512 6.
1539 476 1688 525 ¹Augusti
1704 498 1716 515 ς
1742 484 1866 523 praeter
1884 474 1955 510 alia
1970 499 1982 519 ,
2008 474 2108 523 hujus
2131 490 2259 527 quoque
2273 483 2450 519 contextas

386 528 509 570 ‚Nobis
526 527 690 565 direffum
701 528 747 576 fit
772 541 806 564 =
821 529 925 578 Qod
938 553 949 569 ,
972 539 1046 564 cum
1070 526 1156 563 PP.
1173 526 1344 573 capucini
1361 524 1382 560 ἃ
1393 524 1481 561 Raro
1494 523 1736 560 Ordinart'atu
1750 524 2010 573 gratiostffimum
2021 548 2033 567 ‚
2063 525 2258 573 Hospitium
2269 529 2451 566 Stt't'ehlin·

397 589 448 626 gae
461 577 616 624 erigendi
636 578 827 661 conjugum
848 578 1084 618 obtinuerint,
1107 573 1253 624 altiffime
1270 574 1351 622 fata
1375 574 1554 616 Serenitas
1585 575 1659 610 Sua
1685 583 1752 606 non
1768 572 1876 620 solnm
1902 574 1940 608 in
1956 571 2185 620 propositam)
2209 576 2284 614 FP.
2301 576 2451 626 capuci-¹

395 629 452 661 m's
469 623 660 676 poffiffionis
680 634 742 672 pre
766 627 920 676 enfionem
934 627 973 661 ob
986 623 1148 672 allegatas
1162 624 1277 671 magni
1289 624 1446 663 momenti
1457 620 1603 668 causales
1618 619 1880 659 accelerandam
1891 620 2133 669 condescendat
2147 645 2159 665 ‚
2173 623 2234 670 fied
2246 626 2349 661 etiam
2364 620 2451 664 libess

390 686 466 711 ram
482 673 624 712 Domini
637 673 812 712 Sacellum*
839 673 1038 718 ‘Brunneri‚
1053 672 1209 709 haetenus
1221 684 1260 708 ea
1273 670 1493 720 Coppellania
1511 670 1681 717 fruentis,
1702 669 1956 717 refignationcm
1980 669 2216 719 clementissime
2231 672 2425 712 ratihabeat
2435 700 2450 721 ‚

392 722 554 760 ulteriori
566 733 697 758 annexo
708 747 722 767 ‚
740 724 829 772 qaod
843 724 931 761 idem
944 721 1174 771 Sereniffimus
1199 721 1341 769 praefato
1369 720 1415 756 D.
1430 720 1456 756 S
1460 717 1605 755 acellano
1621 719 1667 754 ad
1682 717 1756 753 dies
1772 719 1854 754 vitae
1872 729 2018 766 congruo
2033 719 2072 753 in
2087 719 2180 755 Arce
2195 720 2222 756 S
2225 719 2448 768 tilehlingana

380 771 461 820 frui
472 769 692 819 gratiofiffim?
703 773 896 819 permittat,
911 781 1049 808 econtra
1063 770 1124 806 illa
1145 769 1317 817 lignorum
1331 769 1507 816 quantitas
1523 792 1532 806 ,
1546 779 1618 815 quae
1628 766 1688 815 u'pfi
1696 767 1733 801 in
1743 774 1876 813 partem
1894 768 1919 802 5
1922 767 2027 803 alarii
2045 769 2191 814 praebert'
2197 767 2328 816 solebat
2337 791 2351 812 ,
2365 771 2443 817 ajal

387 818 466 858 PP.
485 820 758 867 Capacinorum,
779 821 822 862 ὠ·
835 833 866 856 2.
882 820 1026 857 patrum
1037 821 1080 855 ab
1091 820 1194 855 initio
1206 817 1290 854 illuc
1303 816 1519 852 locandorum
1529 817 1733 863 proveniat.
1765 815 1813 852 vt
1836 816 1950 862 igitur
1973 814 2046 852 PP.
2064 816 2235 862 Capacini
2254 815 2360 872 super
2383 817 2443 855 hoe

388 869 427 903 in
440 866 535 912 locis,
548 867 608 903 ubi
621 867 694 908 &a
710 869 750 917 Je
761 868 951 917 legitimare
965 878 1091 916 queant
1104 891 1118 912 ‚
1137 867 1256 915 eisdem
1266 866 1324 902 hoc
1339 866 1480 912 prasens
1500 864 1692 914 attestatum
1706 864 1918 902 ext-raditum
1930 888 1944 911 ‚
1973 866 2015 908 ὠ·
2028 862 2173 916 appreffo
2194 866 2316 914 majori
2329 864 2444 912 Prin·⁴

387 915 459 965 cip.
476 915 670 966 Regiminis
683 917 808 966 sigillo
829 917 1023 954 roboratum
1035 917 1113 966 fuit
1128 915 1380 968 ‘Donqschingae
1391 914 1447 951 die
1464 925 1516 962 ¹9·
1528 914 1623 965 Aug.
1639 922 1738 962 1737.

487 1014 542 1052 Ex
561 1014 734 1054 eArchivo.
755 1015 952 1054 Provincia
962 1039 974 1053 .

385 1242 666 1294 Monialibus
681 1277 696 1300 ,
724 1239 907 1306 aliisque
938 1242 983 1288 in
1006 1240 1282 1291 Monasterio
1302 1244 1389 1291 Lo-

456 1315 497 1361 ci
517 1312 737 1378 Brigantii
769 1311 1158 1361 commorantibus
1174 1347 1189 1369 ,
1216 1330 1293 1378 per
1310 1329 1389 1360 no-

456 1397 565 1430 vem
585 1381 704 1437 dies,
727 1378 904 1428 Festum
922 1382 1187 1429 Nativitatis
1211 1384 1387 1449 D.N.J.

453 1450 625 1501 Christi
650 1449 911 1499 immediate
933 1449 1246 1517 praecedentes,
1258 1468 1390 1517 pecu-

457 1522 580 1570 liaris
599 1519 856 1568 devotionis
881 1537 1018 1586 opera
1039 1520 1354 1589 peragentibus
1369 1555 1385 1578 ,

458 1592 605 1640 varias
626 1589 941 1658 Indulgentias
971 1592 1248 1659 impertitur.

387 1732 943 1786 BENEDICTUS
994 1733 1192 1782 PAPA
1237 1734 1384 1782 XIV.

586 1871 651 1913 Ad
662 1869 854 1929 futuram
873 1874 934 1913 rei
946 1874 1182 1915 memoriam.

500 1999 534 2039 U
549 2000 591 2040 M
607 2028 623 2050 ‚
650 1999 744 2043 ficut
772 2001 999 2055 accepimus
1017 2028 1029 2050 ,
1053 2000 1094 2040 in
1111 2000 1284 2043 Ecclefia
1298 2000 1388 2040 Mo·

516 2058 675 2100 nasterii
700 2060 936 2101 Monialium
958 2059 1084 2100 Tertii
1102 2059 1266 2101 Ordinis
1289 2060 1388 2098 San-

381 2116 434 2156 ἂι
452 2115 642 2157 rrancisei
662 2116 1151 2172 Reformatarum,0ppidi
1167 2115 1388 2174 Brigantii,

382 2172 796 2217 Dioec.Constantien.
818 2177 1036 2218 Provinciae
1050 2178 1386 2233 Moguntinaeaper

382 2243 530 2272 novem
545 2233 757 2276 continuos
782 2234 865 2276 dies
877 2262 890 2284 2
905 2234 1135 2277 immediate
1151 2236 1393 2278 anteceden-

384 2297 445 2329 tes
463 2289 615 2331 Festum
629 2293 863 2334 Nativitatis
890 2295 941 2334 D.
954 2296 1005 2335 Ν.
1016 2293 1106 2348 Jesu
1123 2294 1270 2336 Christi
1287 2291 1387 2334 mul·

379 2359 424 2393 ta
449 2347 665 2391 christiana·
680 2351 838 2404 pietatis
862 2363 985 2406 opera
1007 2352 1056 2392 ad
1074 2353 1303 2406 Capellam,
1317 2351 1385 2392 seu

383 2404 530 2449 Altare
555 2434 569 2455 ‚
607 2406 673 2449 seu
700 2409 932 2450 Oratorium
962 2411 1067 2451 intra
1094 2410 1262 2454 claustra
1289 2410 1384 2454 dieti

388 2463 616 2508 Monasterii
642 2465 730 2519 ipsae
755 2481 946 2508 exercere
963 2466 1286 2518 consueverunt,
1317 2468 1383 2510 seu

381 2520 621 2571 intendunt,
639 2526 725 2566 Nos
741 2524 788 2565 ad
804 2525 1024 2579 augendam
1038 2527 1270 2568 earumdem
1288 2530 1380 2569 Mo-

379 2579 546 2623 nialium
562 2579 828 2624 devotionem
853 2583 1021 2637 paterna
1035 2585 1234 2627 charitate
1249 2585 1382 2627 inten-

380 2639 443 2687 ti,
473 2639 655 2680 omnibus
682 2642 723 2684 δι
747 2641 904 2696 fingulis
931 2642 1202 2694 monialibus,
1225 2658 1270 2687 ac
1294 2643 1382 2685 aliis

381 2696 422 2740 in
448 2695 553 2739 dieto
566 2699 808 2746 Monasterio
835 2698 1075 2756 degentibus
1090 2729 1104 2756 ³
1128 2702 1224 2747 vere
1247 2702 1381 2762 poeni-

1447 1237 1626 1279 tentibus
1648 1239 1688 1278 &
1711 1237 1894 1281 confeffis
1913 1266 1925 1289 ‚
1945 1253 1990 1281 ac
2010 1236 2132 1280 Sacra
2150 1239 2450 1282 communione

1448 1296 1607 1339 resectis
1623 1323 1636 1347 ‚
1651 1311 1736 1351 quae
1749 1298 1786 1338 in
1805 1297 1933 1352 primo
1952 1298 1991 1338 &
2005 1295 2150 1338 ultimo
2172 1299 2453 1351 praedictorum

1446 1368 1594 1399 novem
1622 1355 1780 1398 dierum
1807 1355 1965 1411 singulis
1993 1356 2103 1398 annis
2130 1354 2276 1397 dietam
2301 1353 2454 1409 Capel-

1447 1415 1527 1456 lam
1557 1413 1707 1456 devote
1737 1414 1980 1457 vifitaverint
2009 1442 2024 1464 ,
2062 1416 2100 1454 δι
2129 1413 2183 1455 ibi
2222 1426 2295 1468 pro
2326 1412 2454 1462 Chriq

1448 1473 1664 1514 stianorum
1687 1474 1917 1528 Principum
1940 1471 2191 1523 concordia,
2218 1470 2457 1515 heresum-s

1448 1530 1718 1583 extirpatione
1731 1557 1745 1580 a
1759 1546 1803 1573 ac
1821 1536 1862 1576 S.
1881 1532 2018 1573 Matris
2036 1530 2220 1573 Ecclefiae
2234 1530 2455 1580 exaltatioq

1448 1603 1499 1631 ne
1515 1589 1596 1644 pias
1610 1588 1658 1630 ad
1671 1592 1803 1631 Deum
1820 1602 1963 1644 preces
1977 1588 2194 1631 effuderint
2206 1617 2219 1639 ,
2232 1588 2450 1643 plenariam

1449 1648 1625 1689 omnium
1643 1659 1901 1702 peccatorum
1923 1646 2082 1690 suorum
2099 1646 2399 1701 Indulgentiam
2413 1647 2453 1688 88

1445 1703 1709 1748 remiffionem
1723 1706 2040 1749 misericorditer
2055 1706 2095 1747 in
2113 1708 2288 1749 Domino
2303 1711 2454 1747 concei

1443 1763 1573 1806 dimus
1589 1792 1602 1814 ,
1633 1767 1673 1808 in
1699 1764 1860 1819 reliquis
1884 1779 1933 1806 ex
1959 1764 2151 1819 praedistis
2173 1778 2324 1806 novem
2351 1763 2443 1806 die-

1443 1823 1515 1865 bus
1543 1823 1598 1864 eis
1621 1851 1635 1874 ‚
1660 1825 1699 1865 δε
1729 1822 1997 1874 Monialibus‚
2025 1822 2188 1878 aliisque
2214 1822 2406 1878 praedie‘tis
2422 1851 2440 1873 ,

1445 1890 1489 1923 ut
1516 1882 1626 1935 supra
1652 1911 1667 1934 ‚
1699 1882 1977 1933 vifitantibus,
2002 1883 2042 1923 &
2067 1881 2214 1925 ibidem
2238 1881 2450 1924 orantibus

1450 1939 1604 1993 septem
1628 1954 1751 1983 annos
1768 1968 1781 1990 ‚
1807 1941 1847 1981 δε
1872 1940 2042 1982 totidem
2066 1941 2345 1996 quadragenas
2358 1940 2452 1985 dea

1451 1998 1635 2054 injunctis
1651 2001 1696 2040 iis
1710 2028 1723 2050 ,
1751 1998 1817 2040 seu
1842 1998 1962 2041 aliter
1978 1999 2287 2054 quomodolibet
2301 1997 2448 2041 debitis

1438 2064 1440 2066 ’
1449 2058 1698 2111 poenitentiis
1727 2057 1766 2099 in
1791 2055 1918 2100 forma
1935 2059 2119 2099 Ecclefiae
2136 2056 2322 2099 consueta
2346 2056 2451 2100 rela-

1447 2128 1586 2157 xamus
1610 2142 1625 2164 ,
1653 2113 1904 2172 praesentibus
1932 2115 1982 2156 ad
2010 2114 2259 2170 septennium
2285 2114 2445 2158 tantum

1449 2174 1659 2217 valituris.
1693 2173 1892 2216 Volumus
1908 2184 2069 2221 autem,
2094 2183 2137 2215 ut
2154 2202 2167 2226 2
2192 2176 2217 2215 fi
2236 2173 2449 2228 proimpe-

1442 2232 1620 2275 tratione
1634 2233 1712 2272 &c.
1746 2235 1897 2273 Datum
1915 2235 2052 2274 Romae
2081 2230 2187 2286 apud
2219 2236 2258 2273 S.
2277 2233 2448 2274 Mariam

1446 2288 1648 2344 Maiorem
1663 2289 1732 2331 sub
1743 2290 1908 2332 Annulo
1924 2291 2148 2337 piscatoris,
2166 2290 2233 2331 die
2246 2292 2447 2332 xxv1.Au.

1445 2347 1542 2404 gusti
1558 2362 1739 2391 MDccxt..
1753 2346 2014 2391 Pontificatfis
2029 2348 2152 2392 nostri
2165 2350 2284 2390 Anno
2296 2351 2448 2404 primo.

1873 2466 1927 2507 D.
1942 2466 2067 2509 Card.
2086 2465 2327 2509 Paffioneus.

1500 2586 1622 2627 Breve
1634 2581 1859 2686 dfhglmatum
1883 2584 2111 2641 itt-Archino
2126 2578 2448 2642 Monasteriistea

1551 2651 1632 2698 pra
1658 2646 1671 2685 i
1711 2645 1730 2687 i
1742 2671 1754 2685 .

1146 2832 1718 2898 ΝΟΤΑ.

482 2963 719 3003 Ὀηεῐῑετῖυηι
748 2966 942 3010 praedictum
967 2991 982 3011 ,
1007 2979 1054 3004 ex
1071 2969 1205 3005 nomine
1236 2972 1274 3009 S.
1289 2973 1396 3007 Annae
1421 2979 1561 3012 notum,
1586 2971 1621 3006 Sc
1649 2981 1716 3006 tam
1726 2972 1847 3009 exaaa
1873 2972 1953 3008 vitae
1978 2969 2173 3007 Monasttcae
2195 2968 2443 3007 observantia:

515 3018 615 3061 quam
636 3013 786 3059 perrefita
811 3015 961 3051 clausura
978 3017 1161 3052 admodum
1183 3020 1327 3059 celebre.
1345 3021 1366 3054 a
1381 3018 1587 3055 Triumviris
1604 3019 1776 3056 Fratribus
1790 3020 1972 3057 Germanis
1984 3043 1995 3061 ‚
2021 3017 2194 3063 Casparo,
2224 3018 2354 3060 Magno
2368 3040 2379 3058 2
2403 3014 2440 3051 &

382 3063 516 3100 Thoma
537 3062 675 3098 Schmid
696 3063 737 3099 de
751 3063 981 3105 WeHenstein,
993 3076 1101 3111 prope
1117 3066 1330 3111 Brigantium
1345 3068 1378 3103 in
1396 3067 1475 3105 loco
1489 3091 1501 3110 ,
1535 3065 1622 3103 Ried
1641 3079 1860 3112 nuncupato,
1874 3079 1962 3103 anno
1979 3067 2050 3113 post
2066 3065 2266 3109 Virgineum
2295 3065 2439 3110 patrium

382 3111 557 3147 millefimo
584 3109 822 3147 sexcentefimo
834 3124 959 3157 quarto
981 3114 1185 3157 conditum,
1211 3119 1231 3151 a
1251 3117 1316 3153 luis
1339 3115 1551 3152 incunabulis
1577 3115 1636 3152 sub
1658 3115 1860 3152 Vifltatione
1882 3116 1917 3152 &
1941 3114 2120 3161 spirituali
2147 3112 2334 3150 directione
2362 3113 2442 3149 RR.

385 3160 458 3195 PP.
477 3159 768 3195 Conventualium
784 3184 793 3197 .
817 3162 921 3208 usque
945 3161 1127 3197 ad'annum
1150 3163 1360 3200 millelimum
1374 3162 1643 3199 lexcentefimum
1664 3165 1877 3200 undecimum
1908 3165 2056 3200 constitit
2071 3187 2082 3205 ‚
2107 3173 2178 3209 quo
2199 3162 2259 3198 abs
2282 3159 2438 3197 illustris·

382 3207 470 3243 fimo
498 3207 649 3243 Domino
679 3208 861 3251 Ladislao,
892 3210 1089 3253 Apostolico
1107 3213 1199 3254 apud
1218 3214 1392 3249 Helvetos
1410 3211 1563 3253 Nuntio,
1578 3212 1736 3259 Episcopi
1760 3212 2020 3249 constantiensis
2040 3211 2110 3259 juri
2132 3210 2339 3247 commissum
2365 3209 2412 3245 est
2425 3232 2438 3244 .

382 3254 452 3291 Hic
475 3255 594 3292 vicinis
621 3256 744 3300 Augiae
771 3257 907 3305 majoris
930 3257 1148 3303 Brigantinae‚
1168 3262 1280 3305 vulgo
1298 3262 1475 3303 Mererau2
1496 3260 1705 3303 abbatibus,
1727 3261 1870 3298 Ordinis
1891 3262 1926 3297 S.
1948 3259 2115 3297 Benedieti
2138 3259 2230 3295 illius
2251 3269 2366 3294 curam
2390 3257 2437 3292 ab

387 3315 429 3340 eo
462 3315 613 3349 tempore
645 3304 750 3351 usque
774 3306 808 3341 in
837 3304 1035 3342 hodiernum
1061 3308 1149 3344 diem
1181 3310 1334 3354 delegare
1356 3309 1556 3350 consuevit,
1578 3313 1723 3355 quorum
1755 3309 1914 3346 indefeffo
1940 3311 2041 3350 zelo,
2061 3309 2219 3353 socioque
2246 3308 2433 3342 Fratrum..

386 3353 579 3388 nostrorum
601 3352 768 3396 Brigantii
779 3355 1061 3390 commorantium
1085 3357 1197 3392 studio
1221 3358 1386 3402 regularis
1401 3357 1583 3404 disciplinae
1604 3359 1721 3395 florem
1745 3358 1958 3406 prosequitur
1973 3382 1983 3392 .
2010 3358 2087 3393 Post
2113 3356 2303 3392 absolutam
2324 3363 2436 3398 φαῖνε

383 3400 599 3439 habitationis
616 3401 650 3436 &
671 3402 823 3438 Eccleliae
842 3402 998 3438 fabricam
1025 3403 1132 3447 prima
1157 3405 1300 3442 Profefl'a
1317 3430 1329 3449 ‚
1352 3407 1386 3443 &
1404 3406 1551 3443 antistes
1575 3407 1593 3453 (
1605 3419 1707 3452 quam
1723 3407 1867 3443 Matrem
1896 3406 2049 3452 vocant)
2074 3403 2191 3442 extitit
2221 3401 2440 3439 Venerabilis

385 3450 494 3504 Soror
508 3449 631 3488 Ursule
650 3451 792 3486 Schmid
820 3451 862 3486 de
878 3450 1091 3487 Wellenstein
1104 3477 1115 3495 ‚
1141 3454 1244 3500 iplius
1265 3455 1371 3490 Con·
1385 3454 1583 3492 fundatoris
1597 3457 1739 3492 Thomae
1752 3480 1764 3498 ,
1790 3455 1824 3490 &
1853 3456 1964 3491 Mariae
1983 3453 2191 3498 Magdalente
2213 3449 2436 3488 Miltoblerin

384 3496 498 3540 Filia,
525 3510 597 3544 qua
619 3498 704 3534 inter
716 3500 908 3545 complures
935 3500 1096 3536 variantis
1119 3500 1260 3539 fortunae
1278 3504 1372 3539 casus
1390 3504 1596 3548 gubernium
1619 3504 1662 3539 ab
1673 3514 1760 3539 anuo
1779 3504 1878 3540 1606.
1898 3502 2003 3548 usque
2027 3503 2070 3537 ad
2083 3511 2210 3536 annum
2231 3501 2332 3545 1629.
2367 3510 2440 3534 ma·

383 3546 450 3588 gna
465 3548 590 3582 virtute
613 3546 721 3582 tenuit
741 3570 755 3588 ,
781 3547 954 3593 primaque
980 3546 1066 3583 fuit.
1103 3561 1177 3593 quae
1197 3563 1273 3586 cum
1297 3552 1423 3588 Sorote
1451 3550 1622 3590 Anastasia
1640 3551 1823 3595 Signata,
1843 3561 1888 3586 ex
1907 3551 2118 3589 Parthenone
2149 3548 2182 3583 in
2207 3546 2434 3584 Wunenstein

383 3594 452 3630 huc
475 3595 617 3637 vocata,
629 3593 901 3631 reformationem
915 3595 1051 3632 induxit
1066 3621 1077 3639 ,
1102 3596 1255 3645 factaque
1269 3599 1364 3635 dieto
1379 3611 1467 3636 anno
1492 3601 1592 3645 1629.
1608 3599 1710 3635 officii
1731 3598 1992 3641 renuntiatione,
2010 3599 2118 3639 beuae
2126 3597 2244 3634 mortis
2269 3593 2382 3633 studio
2396 3594 2443 3633 se·

384 3649 492 3681 tetam
513 3642 664 3690 dicavit,
690 3654 792 3694 quam
812 3644 848 3683 &
867 3655 955 3681 anno
972 3647 1072 3697 1642.
1090 3646 1200 3696 pridie
1217 3649 1302 3687 Kal.
1318 3648 1484 3686 Decemb.
1506 3647 1542 3685 in
1553 3648 1662 3687 odore
1684 3645 1860 3686 suavitatis
1873 3646 1998 3684 subiit.

2247 3860 2381 3903 PRO-
