2658 4256
716 192 1733 283 ELENCHUS

212 319 336 370 datur
351 347 368 372 ,
395 311 445 365 ὅ(
461 311 518 363 ad
541 313 664 363 illum
685 331 767 382 pro
783 314 846 362 rei
865 311 1109 368 christianae
1126 312 1201 361 bo.

208 397 268 438 n'o
294 383 648 434 continuandum
677 385 909 433 incitatur.
1088 399 1202 446 247.

175 497 178 500 ,
277 453 488 505 Eundem
526 457 598 503 Fr.
619 454 875 504 Emericum
903 488 920 511 ,
960 467 1013 503 ut
1042 458 1202 524 Augu·

206 523 397 576 stiffimo
428 526 700 592 Imperatori
737 521 1056 584 concludenda:
1083 525 1203 590 pacis

131 603 143 608 ’
204 593 391 647 consilia
425 593 633 665 suggerat
661 627 678 651 ,
712 594 920 644 hortatur
948 630 960 643 .
1013 591 1201 642 Innocen.

203 669 293 715 tius
310 663 406 716 XI.
1083 663 1199 723 248.

270 734 477 785 Eundem
506 729 610 784 Fr.
643 729 905 783 Emericum
936 731 1200 784 Cathedrali

203 804 411 855 Ecclefiae
433 800 674 854 Viennensi
703 800 980 870 Episcopum
1004 799 1169 869 praefici
1184 834 1200 857 ,

203 893 301 925 rem
334 873 527 940 quidem·
554 870 740 922 arduam
760 907 776 930 ,
803 871 1101 921 difficultates
1138 885 1201 918 ta-

202 963 308 995 men
335 947 382 992 in
407 938 672 1008 obsequium
691 939 882 1009 semotas
899 939 981 989 effe
995 976 1011 999 ,
1039 945 1200 1008 Augu·

201 1013 387 1064 stiffimo
433 1010 712 1079 Imperatori
761 1009 998 1079 Leopoldo
1041 1024 1201 1058 renun-

200 1084 287 1133 tiat
301 1115 315 1132 .
350 1079 482 1131 Idem.
511 1098 599 1130 cum
622 1094 734 1130 nota.
1083 1080 1199 1140 248.

196 1179 200 1184 ·
269 1152 517 1202 Paritatem
544 1164 764 1201 votorum
786 1151 1031 1201 Provinciae
1049 1149 1094 1196 in
1111 1152 1200 1198 Co-

198 1222 340 1272 mitiis
361 1219 648 1292 generalibus
673 1220 908 1279 concedit,
928 1218 975 1270 ὃ(
989 1219 1198 1284 deinceps

199 1293 354 1342 in‘hac
379 1310 498 1342 nova
514 1293 614 1341 loca
642 1291 732 1340 fine
760 1288 943 1340 recursu
971 1289 1027 1339 ad
1059 1292 1198 1339 s.Se-

198 1362 306 1411 dem
341 1364 479 1429 recipi
513 1358 633 1428 poffe
667 1362 889 1429 indulget.
910 1359 1040 1408 Idem.
1081 1377 1105 1406 2
1116 1376 1197 1420 51.

235 1455 238 1457 “
268 1429 509 1498 Rescripto
539 1429 787 1479 Pontificio
818 1434 986 1499 Imago
1013 1433 1066 1479 Β.
1095 1429 1199 1479 Vir·

230 1501 312 1550 inis
341 1501 501 1550 Mariae
534 1498 614 1550 sub
641 1499 1101 1567 tituloConsblatricis
1120 1499 1203 1566 Af

183 1517 402 1640 ᾗίἇονκπι
416 1607 432 1629 ,
461 1573 507 1619 in
533 1573 723 1640 Capella
741 1569 946 1620 Caesarea
970 1567 1201 1617 conserva-

195 1656 242 1690 ta
273 1677 289 1699 ,
331 1641 509 1707 inffgnis
533 1640 799 1688 'declaratur
820 1675 836 1696 ,
875 1638 924 1688 &
959 1653 1113 1685 coram
1150 1654 1201 1684 ea

193 1711 428 1760 orantibus
444 1707 762 1776 speoialiffimae
777 1707 1083 1777 Indulgentiae
1097 1722 1202 1756 con-

199 1780 452 1830 ceduntur.
546 1773 550 1777 ’
699 1833 703 1835 ,
771 1803 773 1806 ·
831 1791 836 1799 ’
874 1774 876 1776 ’
1118 1777 1195 1826 ibi.

266 1847 506 1901 Pontificio
517 1848 741 1900 Mandato
757 1847 1200 1899 LitterasFundatio-

196 1921 266 1969 nis
283 1921 481 1988 Capellae
496 1914 1012 1970 'B‡M.V.Auxiliatricis
1027 1920 1203 1970 Patavii

197 1990 256 2039 ad
276 1992 452 2041 literam
474 1988 668 2048 servari,
699 1989 747 2041 <Sc
766 1989 925 2039 abusus
940 1991 967 2039 a
984 1993 1204 2057 Capitulo

197 2061 463 2111 cathedrali
482 2059 917 2111 industos'co‘e'rceri'
931 2097 947 2119 ,
977 2061 1204 2129 Episcopo

198 2131 399 2199 Principi
426 2129 595 2179 ibidem
623 2133 933 2181 committitur
959 2165 973 2180 .
1017 2150 1105 2180 cum
1137 2150 1202 2179 no-

198 2215 279 2250 ea.
1120 2201 1200 2250 ibi.

271 2269 516 2322 celfiffimi
528 2306 544 2329 ,
556 2290 608 2321 ac
623 2267 999 2327 Reverendiffimi
1013 2270 1203 2341 Josephi

199 2343 479 2410 Dominiciv,
519 2341 730 2412 Episcopi
758 2342 1045 2393 Paffax'rienfis
1073 2378 1089 2400 ,
1134 2360 1204 2392 ze-

199 2413 299 2461 lum
318 2447 335 2470 ,
370 2429 463 2479 quo
486 2416 594 2476 Jura
622 2417 836 2464 Fratrum
863 2415 984 2463 circa
1014 2414 1203 2463 admini-

200 2478 462 2531 strationem
490 2479 767 2551 spiritualem
798 2486 999 2550 Capellae
1031 2485 1203 2535 B.Vir'-

199 2554 320 2619 ginis
331 2553 492 2601 Mariae
506 2556 823 2604 Auxiliatricis
838 2567 999 2604 contra
1015 2569 1202 2622 praetcn-

200 2622 344 2671 fiones
369 2625 574 2691 Capituli
591 2625 877 2676 Cathedralis
906 2625 1028 2675 sacra
1050 2626 1206 2675 testa...

199 2689 367 2742 servari
387 2695 592 2753 curavit,
629 2696 922 2746 commendat
936 2731 951 2752 ‚
969 2695 1018 2747 δε
1038 2698 1204 2745 Decre-

201 2773 303 2809 tum
340 2761 641 2826 provifionale
677 2765 866 2834 desuper
898 2765 1075 2815 editum
1101 2783 1204 2815 con-

201 2827 374 2878 firmat.
399 2829 641 2880 Benediilus
652 2833 802 2884 XIII.
1085 2854 1146 2899 25
1154 2855 1200 2898 3..

273 2896 539 2964 Apostolica
568 2901 858 2950 Austorirate
890 2905 1121 2954 Fratribus
1155 2907 1202 2954 in

201 2968 489 3035 expeditione
508 2969 694 3016 militari
714 2983 872 3017 contra
891 2974 1066 3019 Turcas
1100 2990 1209 3020 cura

204 3039 488 3089 Animarum
518 3039 561 3085 in
590 3036 908 3104 Hospitalibus
924 3040 1176 3105 Hungariae
1191 3073 1207 3095 ,

205 3106 423 3176 inspcffio
478 3105 801 3175 Hospitalium'
833 3143 849 3166 ,
905 3108 954 3160 ὃς
1006 3107 1210 3157 infirmo-

206 3196 311 3230 rum
329 3178 419 3229 διε.
457 3180 842 3236 committuntur,
879 3197 930 3227 ac
954 3179 1208 3227 nonnulla..

206 3250 447 3318 privilegia
480 3248 811 3298 conceduntur.
1127 3248 1204 3296 ibi.

281 3320 443 3368 Altare
472 3320 670 3385 Capellae
699 3353 715 3376 ,
758 3321 801 3367 in
837 3335 921 3385 qua
955 3322 1209 3385 Imperato-

209 3405 346 3446 rum,
383 3388 643 3455 Principum
677 3387 726 3440 <Sc
754 3385 1117 3454 Principiffarum
1154 3405 1208 3437 ex

211 3461 366 3508 Domo
392 3458 633 3508 Austriaca
649 3458 739 3510 &c.
779 3458 1082 3525 sepeliuntur,
1123 3460 1212 3525 pri·

210 3529 422 3596 vilegiat.
443 3529 686 3578 Benedic‘lus
702 3528 786 3582 XI
795 3529 846 3578 V.
868 3547 955 3577 cum
972 3544 1069 3575 nota
1090 3545 1114 3575 2
1126 3545 1204 3590 54.

279 3600 439 3648 Mariae
458 3599 683 3649 Therefiae
697 3635 713 3658 ,
739 3596 989 3650 Comitiffae
1017 3597 1072 3647 de
1103 3600 1209 3646 Die-

213 3665 434 3716 trichstein
447 3668 535 3719 &c.
554 3674 855 3720 Conventum
876 3668 1207 3719 Hollobrunnae

213 3734 491 3846 ingrssliendi
505 3771 521 3797 ‚
536 3738 584 3792 ὅ(
606 3741 662 3790 ad
682 3741 954 3791 Oratorium
975 3740 1207 3808 privatum

358 3810 427 3846 o‘m.
445 3809 464 3848 l
472 3809 509 3849 V.

1260 312 1500 361 accedendi
1528 311 1756 359 licentiam
1783 311 1970 362 concedi
1987 322 2253 371 committit.

1260 382 1505 431 Benedzelus
1520 377 1606 430 XI
1615 378 1666 427 V.
2139 397 2253 446 269.

1333 448 1656 500 Assistentibus
1684 450 1900 500 Orationi
1924 468 2008 514 40.
2039 453 2255 505 horarum

1263 522 1307 568 in
1324 518 1522 569 Ecclesia
1535 523 1747 568 Fratrum
1769 522 1954 570 Viennae
1969 557 1984 579 ,
1999 520 2046 571 ὅ(
2064 523 2258 589 Aposto-

1258 592 1393 638 licam
1434 587 1799 638 Benedifflonem
1816 624 1832 645 ,
1863 589 1910 641 ὅ(
1941 591 2256 661 Indulgentias

1259 659 1475 726 plenarias
1492 675 1576 727 pro
1588 659 1660 708 die
1671 659 1891 725 proximae
1901 664 2255 712 Communionis

1259 729 1475 798 largitur.
2178 731 2255 781 ibi.

1397 869 1790 919 PROVINCIA
1829 869 2116 923 STYRIAE.

1328 1005 1524 1074 Epistola
1545 1011 1592 1059 S.
1605 1010 1990 1078 Congregationis
2004 1010 2154 1078 Episc.
2172 1045 2186 1068 ,
2209 1010 2259 1062 <St

1262 1079 1429 1145 Regul.
1455 1079 1711 1127 inchoatam
1733 1079 2001 1130 Conventus
2018 1082 2259 1131 Fabricam

1261 1145 1465 1215 Tei-gesti
1482 1182 1496 1205 ,
1528 1147 1811 1217 oppositione
1839 1148 1956 1199 faffl
1972 1168 2062 1199 non
2088 1149 2260 1200 obstan·

1259 1231 1303 1265 te
1328 1219 1582 1267 continuari
1606 1254 1622 1277 ,
1660 1218 1886 1289 Episcopo
1918 1221 1981 1269 ibi
2010 1222 2260 1270 committi-

1257 1301 1330 1336 tur
1347 1326 1358 1338 .
2143 1310 2204 1350 27
2217 1311 2258 1342 1.

1329 1357 1408 1408 Ab
1434 1361 1664 1426 emptione
1691 1362 1862 1411 Calicis
1882 1365 2062 1410 Fratres
2078 1362 2256 1420 eximit,

1259 1427 1306 1479 &
1326 1427 1567 1478 destinatos
1590 1429 1648 1478 ad
1678 1430 1796 1479 hunc
1814 1430 2035 1479 ducentos
2062 1430 2262 1481 florenos

1259 1500 1305 1546 in
1331 1495 1575 1546 subfidium
1601 1497 1798 1546 Fabricae
1834 1500 1924 1547 loci
1957 1498 2012 1547 de
2029 1503 2263 1549 Cormons

1259 1566 1474 1634 applicari
1498 1566 1724 1636 indulget.
1740 1567 1937 1617 Urbanus
1960 1567 2096 1619 VIII.
2182 1570 2263 1619 ibi.

1331 1635 1554 1704 Legatum
1572 1652 1755 1686 centum
1773 1637 2006 1689 scutorum
2026 1640 2052 1687 ὲ
2066 1643 2112 1688 N
2117 1642 2263 1690 ovitio

1263 1708 1532 1755 Conventui
1553 1709 1643 1756 loci
1657 1711 1938 1778 Muraeponti
1955 1709 2263 1780 assignatum,

1261 1776 1412 1825 Fratri
1432 1781 1529 1841 ejus
1546 1781 1779 1828 Germano
1807 1779 2000 1849 egestate
2023 1779 2191 1848 presso,
2218 1783 2265 1831 in

1260 1843 1550 1897 sublevamen
1568 1850 1758 1917 relinqui
1773 1851 2265 1913 ratihabet.ldem.272.

1334 1919 1665 1968 Fundationem
1704 1920 1970 1971 Monasterii
2002 1925 2049 1972 S.
2072 1924 2223 1974 Clarae
2249 1958 2268 1981 ,

1265 1989 1357 2038 loci
1376 1991 1569 2039 Goritiae
1594 2009 1678 2059 pro
1707 1995 1871 2061 viginti
1891 1993 2172 2043 Monialibus
2189 2011 2266 2058 ap-

1263 2058 1427 2127 probat
1442 2095 1458 2118 ,
1492 2061 1578 2109 hoc
1603 2062 1791 2117 Nuntio
1809 2063 2077 2130 Apostolico
2092 2068 2136 2113 in
2151 2068 2267 2114 Ger·

1263 2132 1413 2179 mania
1439 2129 1639 2181 existenti
1668 2130 1875 2191 subiicit,
1908 2135 2067 2183 dotem
2093 2135 2119 2182 ὲ
2144 2136 2268 2183 Puel-

1262 2201 1346 2258 lis,
1372 2215 1471 2250 tum
1486 2203 1771 2271 originariis,
1797 2218 1895 2253 tum
1924 2205 2141 2253 extraneis
2159 2203 2267 2252 dan-

1263 2269 1370 2320 dam
1398 2271 1670 2324 determinat
1690 2310 1707 2333 ,
1742 2277 1980 2344 privilegia
2008 2273 2200 2322 Ordinis
2225 2275 2268 2322 ei

1264 2345 1573 2392 communicat
1590 2379 1606 2401 ,
1642 2344 1690 2394 &
1717 2346 1872 2394 locum
1910 2361 1995 2412 pro
2023 2343 2268 2394 educandis

1263 2413 1431 2461 Puellis
1463 2413 1509 2461 in
1538 2415 1620 2462 illo
1653 2418 1766 2484 erigi
1796 2416 2003 2484 indulget
2023 2450 2035 2463 .
2071 2411 2267 2462 Innocen-

1261 2486 1347 2530 tius
1361 2481 1430 2532 X.
1465 2501 1553 2531 cum
1584 2499 1710 2534 notet.
1933 2485 1936 2488 ⁴
2182 2485 2261 2533 ibi.

1332 2557 1531 2603 Decreto
1558 2557 2002 2624 S.Congregationis
2019 2555 2167 2625 Episc.
2182 2590 2197 2613 ,
2218 2553 2268 2605 ὃς

1265 2625 1435 2690 Regul.
1468 2623 1635 2674 crestio
1666 2626 1823 2678 nostrae
1864 2625 2048 2678 Domfis
2084 2630 2131 2676 in
2159 2628 2264 2674 loco

1265 2691 1506 2743 Varasdini
1524 2695 1765 2746 inhibetur.
1785 2715 1871 2745 cum
1892 2712 2007 2747 nota.
2149 2712 2264 2755 275.

1335 2768 1532 2813 Decreto
1553 2770 1598 2816 S.
1617 2769 2002 2835 Congregationis
2019 2762 2167 2828 Episc.
2180 2798 2195 2820 ,
2214 2762 2265 2814 δε

1267 2836 1435 2901 Regul.
1474 2838 1520 2883 in
1550 2833 1679 2884 causa
1702 2834 2007 2900 praecedentiae
2041 2835 2264 2882 Novitios

1263 2905 1471 2953 Clericos
1499 2906 1645 2952 inter·
1660 2903 1709 2949 8(
1740 2901 1898 2950 Laicos
1914 2899 2134 2952 Professos
2158 2902 2263 2952 ‘soli-

1268 2984 1367 3018 tum
1397 2969 1563 3018 servari
1585 2967 1787 3030 Jubetur.
2135 2975 2264 3032 276.

1339 3039 1536 3086 Decreto
1552 3041 1598 3087 S.
1615 3040 1852 3108 Congreg.
1871 3039 2018 3109 Episc.
2034 3039 2081 3091 ὅ(
2095 3046 2264 3113 Regul-

1269 3106 1314 3152 in
1339 3105 1416 3154 lite
1455 3106 1512 3155 de
1535 3111 1632 3171 jure
1660 3106 1839 3158 sedendi
1861 3111 1908 3159 in
1939 3110 2134 3160 Ecclefia
2150 3115 2265 3163 Col-

1267 3176 1435 3244 legiata
1448 3178 1665 3227 Civitatis
1681 3181 1903 3229 Fluminis
1920 3216 1935 3238 ,
1966 3184 2073 3229 RR.
2089 3184 2265 3232 PP.Re-

1266 3242 1487 3294 formatos
1505 3282 1521 3304 ,
1550 3246 1596 3298 δε
1612 3252 1790 3299 Fratres
1815 3249 1988 3299 nostros
2005 3251 2263 3319 promiscue

1269 3310 1417 3364 sedere
1443 3314 1653 3367 statuitur
1668 3354 1681 3369 .
2186 3322 2264 3371 ibi.

1339 3389 1539 3437 Decreto
1568 3393 1615 3438 S.
1645 3392 1880 3458 Congreg.
1911 3391 2111 3441 Concilii
2140 3393 2265 3443 Con·

1270 3454 1534 3506 troverfiam
1556 3459 1611 3507 de
1640 3459 1856 3509 cadavere
1883 3463 2156 3529 Fr.Joannis
2170 3468 2263 3512 An·

1269 3527 1380 3575 tonii
1410 3527 1435 3574 ὲ
1449 3530 1570 3577 Luca
1584 3564 1599 3585 ,
1621 3530 1869 3578 Provinciae
1885 3531 2060 3581 Tusciae
2081 3532 2262 3581 Missio-

1269 3597 1407 3653 narii,
1422 3613 1548 3646 extra
1568 3599 1898 3648 Monaster-ium
1912 3600 2110 3652 defunc‘ii
2125 3638 2140 3660 ,
2154 3604 2262 3651 ami-

1267 3666 1471 3716 cabiliter
1500 3671 1745 3736 componi,
1771 3669 2020 3722 Ordinatio
2049 3674 2261 3721 commit-

1267 3738 1393 3786 titur.
1430 3756 1516 3787 cum
1540 3754 1654 3787 nota.
2149 3760 2263 3801 277.

1543 3823 1563 3849 c
1594 3821 1615 3850 2
2071 3813 2203 3854 PRO-
