2658 4256
386 211 492 323 383
1028 200 1605 290 Provincia

318 337 449 389 straret
464 343 490 384 ,'
506 346 568 388 per
590 336 769 376 Refiioreno
787 336 933 387 Ecclefiae
959 337 1125 375 Matricis
1146 343 1210 384 pro
1238 341 1383 382 tempore
1413 329 1605 417 exq'flentem
1623 327 1890 378 confirmandum
1900 331 2167 380 „prasentarn
2186 332 2233 371 'ac
2255 336 2409 375 nomina-

322 399 381 432 re,
409 388 452 430 ὠ·
473 390 512 424 in
533 387 622 423 ditia
639 384 803 436 Cappella
816 386 1036 436 Ecclestasiica
1046 387 1272 424 Sacramenta
1287 381 1458 431 Eucharis
1467 381 1508 416 iae
1521 378 1658 428 scilicet
1674 404 1687 425 ‚
1712 391 1752 416 ac
1780 378 1843 416 olei
1856 379 1961 416 Sacri
1980 391 2060 420 ,om
2077 383 2201 427 honore
2212 409 2226 429 ,
2251 385 2294 428 ὼ·
2308 397 2408 422 reve.

323 438 442 474 rentia
455 437 582 474 debitis
593 460 606 480 ‚
632 437 676 479 ἀγ
689 436 849 485 congruis
866 437 1016 474 retinere
1028 460 1040 478 ‚
1064 434 1304 472 concederetur
1316 456 1328 475 ‚
1352 428 1496 480 profeflo
1514 430 1660 467 divinus
1675 427 1788 468 cultus
1810 428 1937 465 ibidem
1950 439 2134 483 augeretur
2146 457 2169 482 ,Ἰ
2182 433 2226 476 ὼ·
2237 434 2403 490 periculis

324 486 527 523 obviaretur
542 510 554 529 ,
578 497 617 521 ac
638 486 850 522 Animarum
871 484 989 522 Saluti
1020 484 1190 521 hominum
1209 481 1445 531 praedifiiorum
1470 490 1539 516 non
1562 481 1690 528 parum
1708 476 1940 526 consuleretur
1954 500 1965 512 ·
1992 476 2120 530 Qun
2141 482 2316 528 Homines*
2329 483 2410 521 Ha-

323 535 510 578 bitatores,
534 535 578 576 &³
601 532 722 571 Incola
743 531 841 572 Villa:
861 533 1009 583 praefatae
1030 529 1145 571 Nobis
1161 530 1338 568 humiliter
1348 528 1547 581 supplicari
1558 528 1725 577 fecerunt
1740 554 1751 569 ‚
1772 527 1889 581 uir-0¹⁸5
1902 527 2010 576 super
2030 530 2197 582 praemiffis
2224 530 2266 567 de
2288 540 2411 583 oppor-

323 591 407 622 tuno
435 585 580 620 remedio
602 583 786 632 providere
798 607 811 627 ,
832 583 873 620 de
889 583 1119 630 ‘Benignitate
1134 580 1325 630 Apostolica
1340 606 1353 624 ‚
1377 579 1475 628 cujus
1490 578 1690 626 Legationis
1710 576 1811 626 officio
1822 576 2012 625 fungimur
2024 602 2034 617 ‚
2059 577 2284 626 dignoremur
2297 606 2309 618 .
2335 598 2339 603 ·

424 631 501 671 Nos
527 633 662 680 igitur,
687 633 750 682 qui
765 633 951 669 ‘Divinum
967 630 1109 669 Cultum
1132 630 1254 681 nostris
1270 630 1470 678 potiffimum
1491 627 1697 674 temporibus
1719 627 1867 673 augeri.
1882 625 2024 674 finceris
2046 633 2196 674 optamus
2218 627 2411 678 affisffibus,

324 693 364 717 ac
380 680 545 730 periculis
569 682 711 720 obviare
722 706 736 725 ,
762 681 806 724 ὠ·
821 682 1032 719 Animarum
1036 679 1147 730 saluti
1161 678 1306 730 paterni
1319 677 1488 727 consulere
1500 675 1650 713 volentes
1663 701 1676 719 ,
1692 674 1862 725 praefatos
1875 687 1917 711 ue
1932 674 2100 711 Homines
2114 675 2322 716 habitatores
2332 703 2344 723 ,
2369 680 2414 722 ὼ·

325 728 456 766 Incolas
479 730 500 766 a
520 729 698 779 quibusvis
721 731 1100 774 excommunicationis,
1117 729 1363 780 suspenfionis,
1389 729 1432 769 ὼ·
1452 725 1630 763 ἰηιενόἰέἶὶ
1642 749 1657 769 ,
1681 723 1826 783 aliisque
1872 722 2073 774 cclefiasticis
2090 722 2275 773 sententiis
2290 749 2305 770 ‚
2328 739 2408 764 cen-

317 777 436 827 suris,
464 780 506 822 &⁸
527 779 638 828 poenis
661 778 681 815 ἃ
691 779 772 829 jure
785 803 798 822 ‚
823 779 883 815 vel
904 779 947 814 ab
959 778 1095 816 homine
1126 780 1251 828 quavis
1268 777 1450 827 occasione,
1476 774 1536 812 vel
1551 786 1616 811 cau
1631 787 1652 810 a
1679 771 1784 817 latis,
1797 773 1830 823 fi
1846 773 1972 822 quibus
1990 772 2235 821 quomodolibet
2249 774 2407 813 innodati

325 826 475 876 existunt
489 853 502 873 ‚
525 828 570 864 ad
582 825 727 877 effitfium
765 827 954 876 raesentium
970 827 1144 865 duntaxat
1156 826 1443 875 consequendum,
1456 825 1581 861 harum
1612 824 1683 860 erie
1694 820 1904 870 absolventes
1918 846 1933 866 ,
1947 821 2166 869 &absolutos
2172 822 2252 871 fhre
2272 823 2408 870 censen-

329 884 402 918 tes,
428 877 619 927 hujusmodi
636 876 725 926 supp
739 876 949 913 icationibus
973 877 1160 920 inclinati,
1185 876 1396 924 Discretioni
1410 873 1492 911 Tuae
1509 897 1522 918 ‚
1546 872 1766 911 Auctoritate
1781 870 1972 920 Apostolica
1987 895 2000 914 ,
2021 869 2137 909 Nobis
2159 879 2224 921 per
2237 871 2411 922 Sanfiiffi-

324 935 415 961 mum
441 927 480 965 in
502 926 634 977 Christo
647 926 788 964 Patrem
801 950 811 966 ,
832 937 872 962 ac
895 926 1080 963 Dominum
1107 925 1252 974 nostrum
1282 926 1329 963 D.
1347 925 1491 961 Leonem
1504 946 1518 967 ,
1543 921 1681 958 Divina
1711 920 1943 960 Providentia
1961 919 2141 958 Decimum
2173 918 2346 972 conceffa,
2371 920 2415 962 ὁ·

325 976 398 1020 qna
434 975 645 1024 fungimuur
666 998 679 1018 ,
714 974 952 1012 committimus
969 999 983 1018 ,
1016 975 1059 1017 ὠ·
1081 975 1281 1011 mandamus
1306 998 1316 1015 ,
1352 982 1522 1021 quatenus
1545 969 1594 1007 Te
1618 970 1660 1007 de
1678 968 1848 1024 praemiffis
1879 968 1947 1006 dili
1969 978 2067 1007 enter
2091 970 2253 1018 informes
2281 997 2294 1013 ,
2322 970 2364 1013 θ
2378 966 2410 1018 si

323 1029 387 1070 per
427 1024 706 1072 informationem
735 1023 873 1059 eandem
898 1021 1063 1074 praemiffa
1079 1050 1090 1066 ,
1114 1024 1271 1060 veritate
1297 1021 1425 1071 fulciri
1452 1020 1632 1057 inveneris
1652 1043 1666 1064 ,
1699 1018 1912 1070 Hominibus
1960 1018 2192 1060 abitatoribus
2213 1042 2227 1064 ‚
2274 1019 2319 1062 ὠ·
2358 1018 2418 1056 ln·

334 1070 622 1119 colis'praedi‘iiis,
648 1071 736 1120 quod
748 1083 855 1108 unum
865 1072 1083 1109 Sacerdotem
1095 1072 1272 1114 idoneum,
1295 1073 1357 1119 qui
1371 1069 1463 1119 apud
1476 1068 1669 1118 Cappellam
1705 1067 1875 1106 radifiam
1898 1067 2062 1105 continuo
2074 1067 2238 1116 resideat,
2259 1067 2303 1110 ὁ·
2324 1066 2381 1104 e'u
2403 1086 2418 1098 ·

332 1118 408 1156 dem
423 1121 650 1158 Sacramenta
664 1119 882 1168 Ecclefiasiica
905 1123 923 1167 (
930 1129 1161 1168 praeterquam
1181 1122 1219 1155 in
1233 1121 1300 1164 Die
1311 1119 1523 1167 Paschatis.)
1534 1117 1667 1154 admini
1713 1128 1748 1156 et
1764 1141 1777 1161 ,
1799 1117 1852 1155 ita
1864 1140 1877 1161 ,
1904 1113 1995 1164 quod
2005 1114 2129 1152 uittam
2142 1115 2316 1166 Ecclefiam
2375 1126 2414 1150 a-

328 1170 449 1206 tricem
461 1170 499 1205 in
512 1170 582 1206 Die
596 1168 864 1215 Resurrefiionis
877 1169 926 1205 D.
934 1167 1081 1217 N.⁶Jesu
1099 1168 1226 1218 Christi
1241 1192 1254 1212 ,
1265 1169 1308 1210 ὠ·
1321 1170 1356 1204 A
1352 1168 1529 1217 scensionis
1542 1166 1688 1215 ejusdem
1701 1190 1714 1209 ‚
1729 1164 1935 1215 Pentecostes
1945 1190 1959 1209 ,
1985 1165 2148 1214 Corporis
2161 1164 2291 1215 Christi
2305 1189 2318 1209 ,
2331 1163 2417 1213 ‹As-

320 1216 530 1265 sumptionis
553 1218 593 1253 B.
606 1215 649 1255 V.
664 1217 810 1259 Mariae,
835 1228 875 1251 ac
884 1216 1125 1253 Dedicationis
1140 1216 1286 1266 Ecclestae
1301 1218 1467 1254 Matricis
1481 1215 1636 1264 proefatae
1646 1214 1903 1265 Festivitatibus
1924 1214 2022 1251 adire
2036 1222 2222 1251 teneantur
2235 1237 2250 1258 ‚
2273 1211 2415 1249 Refiiori

324 1265 420 1314 ipfius
439 1265 581 1314 Ecclefiae
595 1265 760 1303 Matricis
781 1262 1047 1310 confirmandam
1069 1266 1268 1316 nominare,
1290 1265 1334 1307 ὠ·
1348 1264 1554 1314 praesentare
1568 1287 1582 1308 ,
1614 1275 1655 1300 ac
1677 1265 1780 1300 etiam
1810 1264 1849 1299 in
1872 1262 1988 1299 eadem
2014 1261 2174 1310 Coppella
2197 1259 2419 1346 Ecclesieaslica

322 1314 548 1352 Sacramenta
567 1311 725 1360 praedifiia
754 1323 828 1347 cum
848 1315 1072 1358 reverentia,
1094 1312 1137 1354 ἵν’
1159 1313 1284 1351 honore
1308 1315 1491 1362 congruis,
1512 1313 1555 1355 ἐς·
1579 1312 1706 1350 debitis
1724 1337 1737 1356 ‚
1760 1322 1801 1350 ut
1817 1311 2029 1360 praefertur,
2049 1311 2120 1360 fine
2133 1321 2246 1348 tamen
2257 1309 2311 1346 Re
2343 1310 2413 1351 oris

325 1354 423 1409 ipsius
441 1361 661 1410 Ecclefiasticae
676 1359 842 1397 Matricis
853 1369 915 1408 pro
927 1371 1073 1410 tempore
1085 1362 1258 1412 existentis
1266 1363 1470 1412 praejudicio
1481 1385 1494 1407 ,
1517 1360 1678 1411 perpetuo
1690 1384 1702 1402 .
1724 1361 1832 1398 libere
1843 1384 1856 1404 ‚
1881 1370 1921 1396 ac
1931 1358 2027 1396 licite
2050 1360 2201 1397 retinere
2217 1384 2231 1403 ‚
2256 1359 2299 1401 &¹
2311 1358 2413 1395 habo-

323 1420 362 1445 re
372 1409 486 1458 poffint
499 1433 512 1454 ‚
529 1409 572 1450 ὼ·
585 1408 730 1445 valeant
742 1434 754 1453 ,
779 1409 959 1456 quibusvis
973 1410 1173 1459 Apostolicis
1185 1435 1194 1451 ‚
1219 1424 1259 1449 ac
1280 1414 1320 1447 in
1336 1410 1632 1449 ‘Provincialibus
1643 1434 1657 1454 ‚
1680 1410 1723 1452 ὰ
1736 1408 1968 1458 Synodalibus
1989 1407 2158 1445 Conciliis
2181 1407 2287 1445 editis
2307 1417 2415 1455 gene-

322 1457 456 1495 ralibus
467 1482 480 1501 ‚
501 1457 558 1494 vel
563 1456 770 1505 specialibus
789 1457 862 1494 Con
889 1459 1099 1495 itutionibus
1112 1483 1125 1499 ‚
1149 1459 1514 1501 &Ordinationibus,
1543 1459 1738 1507 caeterisque
1751 1458 1939 1496 contrariis
1952 1468 2167 1505 nequaquam
2179 1455 2412 1507 obstantibus,

322 1506 543 1545 Aufioritate
554 1505 758 1556 <Apostolica
774 1514 845 1553 prae
861 1517 920 1544 ata
943 1507 985 1544 de
991 1506 1152 1555 specialis
1166 1507 1388 1557 donogratiae
1400 1508 1594 1554 indulgeas,
1601 1509 1804 1555 pariterque
1817 1506 1977 1543 concedas
1993 1530 2003 1540 .
2030 1505 2070 1540 In
2090 1503 2343 1553 quorumfitlem
2355 1503 2416 1539 has

321 1555 498 1606 praesentes
518 1553 600 1602 fieri
612 1578 627 1597 ,
651 1553 817 1603 nostrique
842 1554 963 1602 Sigilli
977 1555 1126 1604 juffimus
1154 1556 1198 1597 ὼ·
1223 1557 1369 1605 fecimus
1392 1557 1585 1605 appensione
1602 1557 1827 1592 communiri.
1852 1555 1997 1590 ‘Datum
2016 1551 2167 1601 Turregi
2181 1552 2419 1636 Οᾏὶαηεὶεη.

321 1602 465 1652 Dioecesl
485 1606 591 1640 Anno
619 1602 875 1639 lncarnationis
886 1604 1075 1642 Dominicae
1097 1602 1260 1654 millesimo
1270 1630 1284 1651 ,
1310 1605 1569 1655 quingentefimo
1582 1604 1709 1641 decimo
1721 1603 1834 1640 ottavo
1847 1599 2169 1638 Kalend-Octobris
2183 1623 2198 1646 ,
2262 1599 2416 1648 ontifica-

325 1653 382 1689 tiis
401 1651 540 1701 praefati
555 1651 601 1688 D.
613 1648 789 1699 N.‘Papae
809 1653 915 1688 Anno
926 1652 1042 1700 semo.
1397 1685 1399 1688 Α

419 1701 560 1751 Qbus
580 1700 714 1748 quidem
739 1699 885 1737 Litteris
910 1701 1053 1739 Domini
1066 1700 1207 1741 Nuntii
1221 1702 1407 1754 Apostolici
1423 1701 1661 1752 praeinsertis,
1675 1702 1724 1751 sic
1743 1699 1861 1741 Nobis
1878 1726 1888 1741 ‚
1911 1708 1953 1736 ut
1963 1699 2193 1749 praemittisur
2209 1724 2220 1741 ,
2239 1696 2422 1746 prasenta-

322 1751 368 1789 tis
384 1773 396 1794 ‚
421 1760 524 1797 atque
531 1758 593 1797 per
607 1747 730 1784 diffum
743 1746 933 1787 Nicolaum
946 1750 1144 1789 Molitorem
1156 1752 1422 1791 Procuratorem
1433 1753 1685 1790 Habitatorum
1696 1776 1707 1792 ‚
1720 1749 1770 1792 5&
1785 1747 1978 1786 Incolarum
2001 1747 2066 1784 loci
2081 1748 2122 1784 de
2131 1746 2242 1797 Realp
2264 1755 2419 1794 agentem

322 1801 363 1835 in
387 1798 567 1848 praefi’ntia
583 1797 806 1846 praefhtorum
816 1821 828 1840 ‚
838 1798 911 1835 Drii
923 1799 1087 1837 videlicet
1095 1800 1252 1850 Philippi
1264 1800 1545 1846 Faner,Reetorts
1564 1799 1709 1850 Ecclesiae
1721 1800 1760 1836 in
1774 1798 1921 1847 vrsaria
1938 1823 1948 1838 ‚
1972 1809 2012 1834 ac
2027 1796 2189 1845 Casparis
2204 1804 2419 1843 cognomento

326 1846 551 1885 ‘Bartholome
564 1869 578 1889 ‚
603 1846 780 1883 Advocati
779 1846 844 1894 seu
858 1847 1102 1886 Procuratoris
1121 1850 1216 1887 dieiae
1229 1850 1373 1901 Eccless'ae
1384 1875 1397 1895 ,
1422 1862 1462 1887 ac
1490 1849 1700 1898 reliquorum
1712 1847 2008 1887 Parochianorum
2021 1844 2168 1895 ejusdem
2181 1844 2325 1895 Ecclesiae
2339 1869 2352 1889 ,
2376 1851 2420 1880 ut

325 1895 460 1945 ajebat,
483 1896 637 1933 Potentis
648 1919 660 1938 ‚
682 1906 829 1932 unacum
854 1895 999 1933 Litteris
1016 1897 1201 1940 Citatoriis
1217 1923 1230 1944 ,
1245 1900 1294 1945 A&
1308 1899 1504 1936 earumdem
1519 1899 1716 1943 executione
1742 1896 1764 1933 ὰ
1781 1906 1876 1943 tergo
1898 1895 2066 1932 dictarum
2083 1895 2301 1935 Litterarum
2318 1894 2421 1932 Cita-

321 1945 501 1982 torialium
528 1942 697 2002 descripta
713 1968 725 1987 ‚
748 1943 790 1986 (ς’
813 1943 969 1993 attestata
989 1946 1199 1993 reprodufiis
1209 1972 1223 1991 ,
1239 1947 1489 1997 subsequenter
1498 1946 1635 1984 ‘Partes
1654 1945 1808 1996 praefatae
1832 1944 2012 1981 hincinde
2040 1954 2111 1981 tam
2123 1941 2298 1986 Nic-olaus
2311 1939 2420 1979 Mott-

322 2003 400 2034 tor‚
426 1993 656 2040 &Germgus
669 1991 810 2030 Renner
836 1994 970 2029 nomine
993 1995 1236 2043 universorum
1256 1988 1517 2042 habitatorum,
1542 1996 1586 2038 ὠ·
1602 1995 1793 2032 Incolarum
1816 1993 1883 2030 loci
1907 1993 1949 2030 de
1976 1992 2112 2041 Καρίῃ,
2133 1989 2420 2043 principalium-a

321 2043 531 2090 :Agentium
542 2064 555 2085 ‚
579 2039 680 2089 quam
701 2041 749 2079 D.
762 2040 920 2089 Filippus
932 2041 1044 2080 Faner
1055 2068 1068 2087 ,
1092 2043 1216 2093 Reetor
1233 2044 1382 2094 Ecclcfiae.
1389 2047 1429 2091 in
1438 2046 1590 2093 *vrsaria
1613 2056 1655 2082 ex
1675 2043 1821 2092 adverso,
1832 2041 2060 2089 Principalis
2079 2043 2187 2128 [περὶ
2199 2065 2212 2084 ,
2235 2051 2274 2076 ac
2289 2037 2422 2086 Caspas-

321 2089 544 2127 ‘Bartholome
556 2090 784 2135 Advocatus,
797 2091 862 2140 seu
878 2090 1092 2130 Procurator
1115 2094 1261 2142 ejusdem
1283 2093 1448 2144 Ecclesiae,
1472 2095 1516 2136 ὼ·
1537 2103 1578 2131 ut
1591 2093 1731 2142 ajebat,
1753 2093 1882 2131 Potens
1896 2089 2107 2137 reliquorum
2153 2087 2419 2127 arochianorum

314 2139 468 2188 praefatae
482 2137 625 2187 Ecclefiae
639 2162 651 2183 2
677 2140 781 2176 etiam
805 2150 846 2176 ex
868 2139 1011 2190 adverso
1024 2142 1278 2192 Principalium
1293 2168 1307 2188 ,
1326 2144 1370 2186 ὠ·
1393 2143 1570 2192 prasentis
1593 2141 1699 2190 causae
1720 2152 1857 2179 reorum
1875 2166 1885 2182 ‚
1912 2139 2087 2186 cupientes
2101 2163 2112 2179 ‚
2135 2148 2177 2176 ut
2203 2150 2224 2173 a
2249 2136 2418 2179 erebant,

324 2186 441 2224 litium
464 2187 637 2234 anfraffm
650 2188 808 2230 evitare,
829 2200 868 2224 ac
889 2188 984 2233 illis,
1009 2202 1093 2238 quas
1102 2200 1239 2240 prater>
1254 2192 1351 2237 litem
1372 2191 1481 2240 ipsam
1487 2189 1651 2238 subituri
1673 2200 1802 2235 erant,
1819 2198 1963 2238 parcere
1985 2188 2128 2237 expensis
2151 2188 2195 2229 ἐς·
2229 2185 2391 2221 aboribus
2406 2209 2420 2229 ,

324 2237 366 2271 in
379 2233 458 2274 Nos
474 2233 679 2274 Matthaenm
693 2236 932 2282 Cardinalem,
942 2240 984 2281 (ξ’
994 2237 1135 2277 Felicem
1147 2239 1421 2291 ‘Praepofitumsu
1444 2238 1590 2275 radiftos
1601 2264 1611 2280 ,
1631 2248 1799 2286 tanquam
1813 2238 1988 2287 arbitros..
2008 2236 2238 2274 arbitratores
2247 2259 2261 2279 ,
2277 2234 2320 2276 όν
2333 2233 2422 2270 ami-

323 2283 450 2323 cabiles
467 2283 699 2332 Compofitores
712 2307 725 2328 ,
747 2296 787 2321 ac
801 2287 923 2324 amicos
935 2287 1123 2326 communes
1124 2290 1233 2338 super
1245 2291 1400 2333 omtiibus
1426 2289 1562 2335 itibus,
1576 2286 1814 2337 quaestionibus
1825 2309 1836 2326 ,
1859 2285 2095 2336 controversiis
2104 2308 2118 2329 ,
2131 2284 2234 2332 causa
2245 2306 2259 2326 ,
2277 2282 2321 2324 ό·
2334 2285 2422 2318 caui

316 2332 362 2384 sis
387 2331 595 2380 cie-&super
608 2333 789 2381 impetrato
805 2334 944 2373 Indulto
959 2332 1147 2388 Aposto'lico
1157 2338 1270 2386 supra
1289 2339 1418 2388 infirto
1431 2362 1445 2382 ,
1466 2338 1509 2380 &³
1526 2335 1623 2374 illius
1637 2336 1795 2385 occasione
1811 2345 1923 2371 coram
1932 2333 2077 2382 praefato
2096 2333 2265 2381 quondam
2278 2331 2327 2368 D.
2346 2329 2418 2379 ‘Jo-

325 2392 416 2417 anne
426 2381 549 2419 Mants
562 2408 572 2423 ,
596 2390 680 2418 tunc
693 2381 878 2432 Praepofito
891 2410 903 2429 ,
924 2383 1056 2434 ‘Judice
1079 2386 1122 2428 ὠ·
1133 2381 1363 2444 Commiffitrio
1373 2386 1608 2424 &sonoritate
1621 2384 1811 2435 apostolica
1824 2382 2005 2422 Partibus,
2016 2382 2177 2430 deputato
2192 2404 2204 2425 ‚
2225 2380 2308 2417 moti
2321 2404 2336 2424 ‚
2357 2381 2418 2415 ἰή·

326 2430 479 2471 tentati,
505 2429 742 2477 &pendentes
756 2454 770 2475 ‚
795 2431 1049 2476 voluntarie&
1065 2446 1108 2471 ex
1127 2444 1225 2472 certa
1234 2437 1409 2484 scientia,
1429 2447 1498 2472 non
1514 2444 1577 2484 per
1595 2445 1746 2472 errorem
1761 2457 1775 2478 ,
1793 2442 1856 2470 aut
1882 2430 1987 2468 aliam
2001 2430 2172 2481 finistram
2193 2428 2423 2466 machinatioi

321 2477 536 2525 ”emseduffi
549 2501 562 2520 2
580 2477 644 2525 fi'd
662 2478 784 2526 sponte
807 2480 970 2521 &libere
988 2490 1052 2530 pro
1065 2484 1127 2531 se,
1151 2496 1191 2520 ac
1205 2484 1375 2527 fartibus
1412 2485 1466 2522 uis
1480 2484 1802 2533 supranominatis,
1826 2476 2330 2529 eorumdemquesuccefforibus
2342 2475 2425 2513 uni.

322 2537 387 2562 ver
398 2538 425 2562 ts
438 2526 650 2563 concorditer
661 2529 958 2576 compromiserunt
969 2554 983 2575 ,
1008 2531 1052 2574 ὠ·
1062 2532 1303 2579 consenserunt
1315 2559 1325 2576 ,
1399 2533 1496 2582 osque
1513 2535 1552 2569 in
1562 2533 1744 2582 prasentia
1752 2531 2027 2581 subscriptorum
2043 2529 2198 2568 Notarii
2210 2528 2253 2569 ὼ·
2271 2524 2419 2575 Testfum

321 2573 522 2632 ‘liger-unt:
545 2573 795 2624 constituerunt
809 2601 822 2621 ,
846 2575 1089 2628 affumpserunt
1104 2604 1116 2622 ‚
1139 2579 1182 2621 ὼ·
1203 2581 1458 2619 ordinaverunt
1482 2584 1705 2619 communiter
1720 2604 1733 2625 ,
1761 2581 1804 2623 &³
1819 2578 2034 2616 concorditer
2053 2579 2094 2615 in
2118 2577 2270 2614 arbitros
2283 2597 2296 2619 ‚
2322 2573 2422 2611 Com-

317 2621 549 2674 Pr⁰m¹ffi¹r¹⁰5
561 2646 574 2666 2
599 2624 827 2663 arbitratores
839 2646 851 2669 ,
864 2627 930 2675 seu
943 2627 1138 2665 amicabiles
1153 2629 1410 2679 Compositores,
1437 2630 1481 2672 εῖν
1494 2632 1616 2668 amicos
1636 2641 1824 2668 communes
1843 2653 1853 2667 ‚
1877 2628 2000 2664 dantes
2018 2627 2065 2670 ά·
2077 2626 2298 2663 concedentes
2321 2621 2420 2658 nobis

315 2671 454 2729 plenafn
471 2671 515 2713 (θ’
534 2670 676 2709 liberam
684 2674 874 2724 potestatem
887 2700 900 2719 ‚
924 2676 1007 2728 poffe
1014 2679 1056 2714 in
1065 2678 1232 2726 praemiffis
1245 2680 1399 2716 omnibus
1414 2679 1607 2729 &singulis
1624 2680 1666 2717 de
1675 2678 1778 2728 plano
1791 2702 1804 2722 ,
1822 2678 1893 2728 sine
1911 2675 2060 2727 strepitu
2073 2700 2086 2717 ‚
2108 2674 2152 2717 ὠ·
2157 2673 2280 2723 figura
2286 2668 2420 2717 judicii

319 2731 541 2777 exam-mares
561 2721 754 2769 cognoscere
765 2747 778 2767 ‚
803 2726 1002 2771 arbitrari,
1027 2727 1186 2777 aestimare
1199 2751 1212 2771 ,
1236 2729 1446 2773 terminare,
1469 2730 1722 2777 pronuntiare,
1733 2727 1952 2776 sententiare
1963 2750 1978 2768 ,
2000 2723 2152 2774 deffinire
2165 2745 2178 2765 ‚
2200 2729 2416 2768 componere,

313 2777 499 2818 praecipere
513 2790 527 2810 ‚
552 2767 596 2809 ὠ·
610 2768 789 2817 statuere,
815 2775 968 2817 ratione,
991 2778 1153 2824 aequitate
1163 2799 1178 2819 ,
1198 2788 1334 2820 amore,
1359 2777 1420 2815 vel
1441 2778 1591 2814 arbitrio
1608 2804 1619 2821 ,
1640 2775 1709 2814 alte
1734 2775 1792 2812 vel
1802 2773 1893 2823 basse
1906 2798 1919 2818 ‚
1945 2773 2064 2809 ordine
2071 2772 2167 2820 juris
2176 2770 2344 2817 servato,
2363 2765 2423 2822 vel

324 2829 393 2853 non
399 2817 540 2866 servato
554 2840 566 2859 ‚
594 2818 685 2852 omni
696 2818 753 2855 die
764 2845 774 2859 ,
793 2819 876 2858 hora
891 2845 903 2863 ‚
922 2823 965 2864 ὠ·
975 2822 1044 2860 loco
1053 2850 1068 2869 ,
1091 2825 1135 2866 &⁸
1147 2823 1236 2861 alias
1248 2824 1469 2874 qualitercun
1492 2838 1534 2862 ue
1545 2850 1557 2870 ,
1574 2836 1742 2875 quantum
1752 2848 1765 2868 ,
1785 2825 1828 2866 ἐς·
1839 2832 1944 2872 prout
1958 2819 2074 2859 Nobis
2093 2818 2274 2855 videbitur
2298 2815 2419 2855 melius

256 2881 259 2887 ’
322 2865 479 2951 5gcbped1're
491 2866 767 2962 ’'pJnuntiques
779 2867 819 2902 in
831 2868 885 2905 his
900 2873 1054 2910 omnibus
1067 2872 1220 2910 affitatis
1234 2875 1274 2910 in
1288 2874 1389 2923 causa
1395 2883 1468 2925 prae
1482 2875 1579 2911 ibata
1590 2900 1603 2920 ,
1627 2887 1667 2911 ac
1681 2872 1834 2910 omnibus
1846 2882 1887 2907 ex
1898 2868 2146 2918 eissubficutis
2157 2893 2165 2907 ‚
2186 2867 2230 2909 ἶς’
2242 2867 2323 2918 jure
2338 2875 2420 2916 qm!

339 2927 351 2949 t
376 2924 410 2951 et
432 2924 474 2950 ex
497 2926 509 2948 t
542 2925 568 2949 ss
587 2925 651 2961 quo
666 2927 677 2948 ι
702 2925 736 2952 et
777 2926 896 2953 uaetto.

335 2961 337 2963 ’
361 3011 371 3020 ,
418 2961 465 2999 Et
475 2963 612 3020 insuper
627 2960 705 3001 Nos
716 2917 920 3002 Mimffaeum
935 2966 1156 3005 Cardinalem
1170 2993 1182 3012 ,
1207 2970 1251 3012 ὼ·
1265 2969 1408 3008 Felicem
1418 2970 1643 3019 ‘Praepcfitum
1659 2968 1874 3019 supradifios
1886 2991 1901 3012 ,
1930 2975 2100 3016 quatenus
2108 2964 2298 3014 hujusmodi
2324 2963 2426 3000 arbi-³

320 3021 429 3068 tuum.
454 3010 500 3047 “d
515 3011 660 3059 'l’s‘m‘m
672 3023 827 3060 rogatum
847 3015 886 3049 in
901 3013 980 3053 Nos
993 3016 1139 3065 benigne
1150 3018 1404 3066 susciperemus
1419 3042 1432 3060 ,
1455 3018 1578 3056 humili
1590 3031 1665 3056 cum
1689 3017 1854 3067 instantia
1868 3024 2105 3064 rogaverunt,
2131 3014 2390 3060 &petiverunt
2409 3023 2422 3052 ς

318 3069 556 3109 promittentes
573 3059 721 3110 denique
733 3062 771 3097 in
783 3064 941 3100 manibus
955 3065 1038 3101 ditia·
1057 3064 1211 3104 Notarii
1221 3067 1354 3115 publici
1367 3067 1598 3152 ,astipulantes
1612 3068 1655 3109 ὼ·
1667 3067 1869 3114 recipientes
1897 3065 1972 3100 vice
1988 3064 2136 3100 omnium
2158 3061 2421 3111 &singulorum

321 3118 463 3156 quorum
480 3107 619 3158 interest
634 3132 643 3148 .
667 3110 854 3155 intererit,
879 3122 943 3149 aut
953 3113 1111 3165 intereſje
1115 3118 1248 3164 poterit
1261 3141 1274 3160 ,
1290 3117 1364 3165 fide
1401 3118 1461 3154 atei
1469 3115 1578 3165 prose
1587 3139 1602 3159 ,
1626 3113 1788 3162 diiiisque
1805 3113 1974 3152 Partibus
1980 3112 2058 3161 suis
2070 3136 2084 3156 ‚
2110 3111 2153 3154 ὠ·
2167 3108 2421 3162 Succefforibus

319 3157 500 3194 eorundem
509 3157 674 3208 universis
686 3182 700 3202 ‚
726 3160 816 3208 quod
829 3160 941 3196 dando
953 3163 1103 3200 arbitrio
1118 3188 1130 3208 ,
1149 3165 1336 3212 sententia
1349 3189 1362 3208 ,
1387 3164 1616 3213 &praeceptis
1629 3161 1749 3213 nostris
1757 3161 1852 3212 stare
1863 3187 1878 3207 ,
1892 3161 1935 3204 &¹
1948 3162 2177 3210 obtemperare
2188 3185 2201 3206 ,
2229 3159 2272 3202 &⁶
2285 3161 2324 3195 in
2338 3157 2421 3199 nul-

323 3204 355 3241 lo
377 3206 610 3263 contrafacere
630 3228 643 3235 -
655 3206 716 3245 vel
724 3210 844 3246 venire
857 3208 971 3247 velint
983 3214 1106 3259 quovis
1123 3213 1253 3262 quaefito
1267 3215 1406 3262 ingenio
1418 3238 1431 3258 ,
1451 3213 1494 3256 ὡ·
1507 3212 1628 3249 colore.

418 3253 496 3293 Nos
511 3256 623 3302 igitur
633 3256 823 3295 Mattheus
838 3258 1040 3297 Cardt'nalis
1054 3285 1067 3305 ,
1092 3261 1240 3304 &Felix
1255 3261 1451 3311 Praepositus
1463 3286 1477 3306 ,
1494 3262 1625 3298 arbitri
1635 3283 1649 3304 ‚
1663 3261 1893 3299 arbitratores
1903 3284 1915 3304 ,
1933 3259 1976 3301 ὼ·
1994 3258 2187 3296 amicabiles
2213 3255 2411 3304 Compofito·

321 3315 379 3361 ’'³1’‘
399 3303 443 3339 ad
465 3315 527 3339 001⁴
542 3316 596 3339 am
614 3304 657 3346 &⁴
669 3305 787 3355 causas
803 3307 978 3355 pradictus
989 3334 1001 3354 ‚
1022 3323 1063 3347 ac
1076 3311 1148 3360 ipsis
1165 3313 1186 3347 ἀ
1198 3311 1370 3349 Partibus
1381 3336 1395 3355 ‚
1418 3312 1653 3360 utpraefertur
1664 3337 1674 3353 ,
1703 3309 1917 3346 concorditer
1931 3307 2025 3349 elafii
2036 3332 2049 3353 ,
2070 3306 2259 3357 hujusmodi
2278 3306 2320 3341 de
2334 3303 2419 3343 No-'

321 3352 476 3400 bisfafiae
495 3365 512 3388 e
526 3352 646 3389 etiioni
657 3354 803 3403 benigne
813 3356 1081 3405 consentientes,
1106 3358 1323 3408 volentesque
1334 3384 1348 3404 ,
1395 3359 1540 3397 uantum
1556 3370 1632 3396 cum
1648 3359 1733 3396 ‘Deo
1746 3356 1913 3410 poffumus
1928 3382 1940 3400 ‚
1963 3356 2079 3403 litium
2097 3354 2336 3406 pradittarum
2351 3366 2416 3389 an-

313 3400 447 3459 fr‘ffifu'
460 3410 639 3450 amputare
650 3426 662 3447 s
688 3403 882 3455 quaestiones
890 3405 1016 3454 sedare
1027 3434 1039 3451 ‚
1061 3408 1298 3459 controversiis
1311 3409 1355 3450 Θ
1390 3410 1404 3444 i
1429 3409 1615 3457 enstom‘bus
1629 3408 1771 3445 obviare
1785 3432 1798 3451 ,
1826 3407 2026 3455 causamque
2043 3405 2090 3447 ὼ·
2106 3405 2224 3454 causas
2234 3401 2413 3452 praeditias

323 3449 437 3510 debito
451 3449 524 3507 fine
543 3452 731 3489 terminare
743 3475 756 3496 ,
781 3454 857 3503 visis
876 3456 977 3503 prius
991 3480 1002 3500 ,
1025 3457 1068 3498 ἄν
1082 3457 1237 3502 auditis,
1260 3469 1301 3494 ac
1311 3458 1385 3495 inte
1411 3458 1490 3494 etus
1507 3456 1688 3505 utriusque
1701 3456 1824 3495 Partis
1832 3455 1976 3504 juribus
1987 3478 2000 3497 ‚
2022 3453 2285 3497 ‹fs-rationibus,
2298 3451 2415 3500 pleni-

321 3498 426 3547 usque
446 3498 587 3548 d'fi‘uffiS
601 3501 752 3538 Omnibus
765 3502 979 3551 &'fingulis‚
1003 3517 1076 3553 quae
1091 3507 1216 3544 Partes
1238 3507 1313 3554 ipsae
1331 3506 1412 3544 hinc
1431 3506 1512 3543 inde
1525 3506 1640 3542 dicere
1656 3529 1665 3544 2
1690 3505 1734 3547 ὁ·
1752 3513 1939 3553 proponere
1954 3501 2163 3546 voluerunt,
2188 3501 2295 3549 deque
2317 3499 2415 3537 veri·

320 3557 396 3585 tate
421 3557 642 3586 narratorum
663 3550 703 3585 in
711 3552 923 3600 praeinsertis
946 3552 1075 3591 litteris
1091 3555 1246 3592 ‘Domini
1264 3552 1405 3593 Nuntii
1420 3553 1603 3604 Apostolici
1626 3552 1791 3601 diligenti
1801 3551 1897 3602 suffia
1923 3551 2139 3600 Inquisitione
2148 3550 2284 3600 pleniits
2302 3549 2422 3597 infor-

323 3597 437 3638 mati,
462 3595 505 3653 &j
544 3605 627 3654 uper
651 3597 705 3634 his
729 3601 884 3637 omnibus
906 3601 1152 3642 deliberatione
1177 3606 1318 3641 matura
1339 3604 1531 3652 praehabitd
1543 3629 1556 3646 ,
1571 3611 1635 3651 pro
1661 3603 1744 3639 bono
1764 3602 1859 3651 pacis
1880 3601 1923 3643 ὰ
1937 3600 2146 3645 concordiae,
2164 3601 2206 3642 ὠ·
2230 3610 2271 3636 ex
2296 3599 2417 3646 vigore

322 3653 499 3703 compromt
523 3656 606 3681 roms
613 3647 778 3695 praedifiae
786 3673 800 3693 ,
811 3649 854 3687 de
864 3651 1045 3700 utriusque
1058 3653 1174 3700 parti}
1193 3652 1393 3697 voluntate,
1407 3652 1615 3702 beneplacito
1635 3677 1648 3698 ,
1675 3651 1719 3693 ἐν
1734 3649 1892 3699 consensu
1916 3649 2122 3686 arbitrando
2137 3649 2282 3686 dicimus
2294 3672 2308 3692 ,
2333 3643 2419 3696 deffi-

320 3704 455 3733 nimus.
480 3694 794 3750 &pronuntiamus
818 3699 858 3734 in
883 3699 973 3737 hunc
988 3702 1090 3749 ‚qui
1107 3701 1299 3748 sequitur,
1324 3702 1479 3739 modum:

418 3741 585 3790 Imprimis
606 3745 725 3793 itaque
740 3746 978 3793 decernimus,
997 3749 1086 3797 quod
1100 3749 1246 3787 Litterae
1273 3751 1321 3786 D.
1334 3749 1475 3789 Nuntii
1483 3748 1683 3800 eApoflolici
1701 3757 1763 3798 per
1787 3746 1863 3784 illos
1886 3747 1928 3784 de
1948 3745 2059 3796 Realp
2084 3748 2272 3795 impetratae
2289 3748 2328 3783 in
2344 3743 2409 3792 suo

316 3790 436 3831 Y0b070
457 3789 621 3845 Peffistere
643 3793 812 3843 debeant,
837 3797 881 3842 &⁶
905 3798 958 3836 ita
972 3799 1168 3845 Homines,
1194 3799 1429 3839 Habitatores
1452 3800 1494 3844 ό·
1508 3799 1628 3839 Incola
1649 3797 1737 3850 loci,
1757 3791 1978 3849 conceffo'rum
2000 3798 2039 3834 in
2048 3798 2261 3847 praeinsertis
2275 3791 2407 3832 litteris

2307 3851 2371 3893 tec
