2658 4256
602 210 654 267 2
1166 182 1299 267 Pr
1379 185 1382 187 ’
1463 181 1484 208 ·’
1505 204 1555 264 n
1578 203 1619 263 c
1654 175 1736 265 ‘a

430 320 502 358 visa
516 322 709 366 aequitatem
728 315 837 360 Regis
848 311 1004 360 inferret,
1028 315 1063 352 8(
1076 314 1219 352 ulterius
1246 316 1287 352 de
1301 315 1479 352 Connubii
1511 312 1734 350 dissolutione
1759 309 1858 346 illum
1870 319 1936 345 non
1953 309 2160 348 molestaret.
2186 314 2291 352 Siluii
2308 316 2481 362 prudentet

431 368 635 406 Valerianus
660 365 763 410 usque
786 366 973 411 adtempus
990 392 1000 407 ,
1023 377 1094 410 quo
1113 367 1190 401 Rex
1214 364 1311 400 illum
1337 364 1386 399 sui
1409 363 1539 399 itineris
1562 360 1748 398 Borulliam
1775 364 1808 395 8(
1835 360 2050 396 Lithuaniam
2075 363 2236 399 comitem
2260 365 2323 400 esse
2341 367 2482 404 voluit'.

430 418 571 453 Variam
595 415 627 448 in
640 414 704 449 hoc
716 425 794 448 cum
809 415 907 459 Rege
920 413 1119 452 familiarius
1131 412 1251 459 agendi
1265 412 1473 449 occasionem
1485 410 1605 448 pastus
1618 437 1628 453 ,
1654 408 1766 445 sensim
1784 409 1823 446 ad
1843 407 2052 443 Matrimonii
2066 407 2246 447 articulum
2259 414 2356 450 rediit
2374 438 2387 458 ‚
2414 416 2481 451 Re-

428 467 535 515 gique
563 464 597 499 8(
626 463 835 506 calumnias,
859 464 986 505 quibus
1010 475 1090 499 ante
1104 463 1230 506 regiam
1240 461 1440 498 creationem
1466 472 1526 497 ceu
1541 460 1653 495 fautor
1669 456 1965 495 schismaticorum
1980 454 2153 492 traduetus
2174 469 2271 502 erat,
2294 462 2329 496 in
2354 475 2483 499 memo.

437 516 519 551 riam
548 511 726 547 revocavit
753 534 766 554 ‚
801 510 923 559 easque
960 523 1019 558 per
1051 509 1310 547 Matrimonium
1338 512 1390 545 vel
1413 509 1650 544 resuscitandas
1683 509 1737 543 vel
1766 505 1939 558 firmandas
1961 529 1973 548 ,
2011 516 2049 540 ac
2083 515 2206 540 certam
2233 508 2359 545 Summi
2389 513 2481 547 Pon-

434 561 536 600 tificis
549 561 582 595 &
597 558 740 595 Caesaris
751 558 931 603 offensam,
954 559 1264 597 &Catholicorum
1280 558 1476 605 Principum
1501 556 1609 593 crisim
1629 568 1707 592 cum
1726 554 1900 602 probabili
1919 552 2098 589 seditionis
2131 553 2284 599 periculo
2302 556 2485 596 secuturam

431 609 601 655 allegavit
612 631 623 650 s.
645 610 684 644 ea
697 609 878 654 prudenliae
899 609 1036 656 energia
1050 632 1063 652 ,
1088 616 1126 643 ut
1142 608 1219 644 Rex
1231 607 1264 642 8(
1279 607 1408 642 ratione
1422 606 1456 642 &
1470 605 1597 652 pietare
1614 605 1794 641 convietus
1806 627 1819 646 ,
1846 602 2005 638 Palatina:
2018 625 2028 641 ,
2053 601 2074 635 si
2091 601 2282 638 Romanam
2306 604 2404 642 fidem
2415 620 2485 644 am.

428 657 539 708 plefti
557 665 731 697 renueret,
757 656 788 692 se
801 668 971 705 nunquam
995 667 1180 705 nupturum
1197 656 1410 693 declararet.
1435 653 1687 690 Condicionem
1702 653 1759 688 vix
1782 653 1850 687 haec
1864 649 1981 694 scivit,
2009 650 2038 685 se
2059 650 2093 685 in
2109 649 2164 686 sua
2186 650 2251 686 fide
2273 652 2487 698 perseveran-

431 718 484 744 ter
497 706 684 742 mansuram
700 706 849 752 reposuit
861 729 874 749 ,
897 706 918 741 a
935 706 1046 741 Matre
1062 705 1210 748 persuasa
1229 729 1239 741 .
1267 705 1320 740 Ex
1332 716 1404 752 quo
1417 701 1676 739 Matrimonium
1691 702 1771 737 dum
1786 699 1980 737 dissolutum
1996 699 2156 734 nonnulli
2179 699 2339 736 audivere
2352 723 2365 744 ,
2389 703 2482 739 astu.

429 758 480 799 re,
493 768 533 790 ne
547 753 787 791 AustriacamR
795 765 840 790 ex
851 755 1003 796 duceret,
1019 755 1229 795 laborarunt,
1245 751 1354 800 ipsum
1368 763 1506 798 quoque
1524 750 1748 786 Valerianum
1762 750 1798 784 in
1816 758 1927 794 partes
1943 749 2016 784 suas
2032 748 2091 783 lub
2111 746 2345 783 Cardinalitiae
2360 760 2494 796 putria.-

432 817 478 841 rae
498 802 661 850 promisso
677 802 805 839 trahere
818 803 996 838 molientes
1008 827 1019 839 .
1049 801 1184 838 Rubuit
1196 801 1358 838 candidus
1377 800 1469 836 illius
1484 799 1612 835 animus
1631 800 1673 835 ad
1696 797 1882 845 speciosum
1896 797 1971 842 *hoc
1985 806 2159 832 tentamen
2173 819 2186 839 ,
2213 795 2360 842 fidesque
2377 820 2390 838 ‚
2415 808 2483 844 qua

426 851 574 890 Dan-fis
600 850 783 888 Austriacae
810 860 942 898 partes,
967 851 1016 887 rei
1044 851 1233 887 Catholicae
1261 850 1353 885 bono
1365 860 1536 886 connexas
1554 871 1567 891 ‚
1592 847 1723 893 semper
1748 844 1915 888 suffulsit,
1941 845 2046 881 astum
2070 843 2194 886 elusit,
2219 845 2255 880 &
2275 844 2412 880 inverso
2425 857 2485 882 co·

431 911 513 939 natu
528 899 619 944 Regi
632 908 670 934 ut
683 899 824 935 Caesaris
840 899 1148 942 Filiam,Caeciliam
1161 900 1336 939 Renatam,
1346 898 1380 933 in
1391 895 1560 943 Sponsam
1570 895 1629 931 sibi
1644 897 1849 937 decerneret,
1859 893 1955 929 suasit
1971 917 1983 936 ,
1995 894 2028 930 8(
2037 891 2184 928 obtinuit
2198 895 2330 930 ,Tanto
2343 893 2411 930 haec
2426 906 2486 929 no·

429 951 525 986 vitas
546 949 679 992 Regem
692 947 931 993 Hispaniarum
951 947 1062 984 affecit
1086 947 1217 992 gaudio
1233 971 1245 992 ,
1270 957 1308 982 ut
1330 957 1390 994 per
1405 948 1572 983 Oratores
1586 943 1661 980 suos
1683 942 1841 980 Comites
1867 942 1907 979 de
1919 944 2120 986 Seneterra,
2146 942 2180 977 8(
2194 942 2373 985 d’ognat,
2397 944 2487 990 quo:

431 1010 506 1036 rum
517 997 643 1044 primus
655 995 689 1030 in
703 995 992 1041 polono-Regia,
1004 997 1088 1032 alter
1098 996 1182 1032 verb
1202 994 1236 1031 in
1250 994 1406 1031 Caesarea
1425 995 1502 1030 aula
1522 992 1711 1034 resederat,
1738 991 1926 1031 Valeriano
1946 993 2063 1042 ampla
2075 992 2256 1035 gratiarum
2277 989 2412 1026 actione
2444 989 2488 1026 de

427 1046 586 1093 glorioso
601 1043 649 1079 sui
664 1043 850 1081 conaminis
871 1045 967 1080 exitu
990 1043 1317 1092 applaudijusi'erlt,
1345 1045 1542 1090 Regemque
1565 1040 1715 1078 Poloniae
1729 1064 1743 1086 ,
1765 1039 1854 1077 utin
1874 1039 2048 1088 proposito
2067 1052 2147 1077 eum
2174 1040 2219 1078 ad
2229 1039 2490 1076 Cardinalatum

427 1090 605 1132 levehendi
625 1092 782 1128 constans
808 1091 992 1137 persisteret
1009 1116 1022 1136 ‚
1049 1092 1172 1128 iterato
1186 1091 1421 1128 sollicitaverit
1435 1117 1445 1127 .

531 1140 714 1187 Ampliora
729 1140 764 1176 in
780 1140 851 1176 dies
864 1140 927 1176 suae
944 1151 1023 1184 erga
1037 1142 1189 1177 Gentem
1209 1139 1423 1176 Austriacam
1438 1139 1518 1175 fidei
1530 1139 1670 1175 daturus
1689 1148 1903 1176 monumenta
1917 1162 1927 1178 ‚
1953 1137 2144 1186 pariterque
2159 1136 2320 1174 restitutae
2336 1136 2422 1173 hanc
2437 1135 2489 1174 in.-

435 1200 543 1228 ter-et
560 1188 712 1226 Poloniae
723 1189 851 1234 Regem
864 1188 1018 1225 amicitiae
1029 1199 1156 1225 nexum
1174 1186 1298 1224 fortius
1309 1187 1488 1234 juncturus
1498 1210 1510 1230 ,
1535 1188 1613 1223 huic
1634 1187 1677 1222 de
1691 1187 1877 1229 Oratore‚a
1890 1185 2099 1224 Ferdinando
2115 1188 2159 1222 ll.
2179 1186 2220 1221 ad
2236 1185 2352 1230 Regni
2367 1186 2490 1221 Proce-

430 1252 484 1276 res
511 1250 575 1286 pro
592 1236 656 1272 suae
669 1236 852 1273 eleffionis
865 1236 983 1272 favore
1000 1237 1163 1281 ablegato
1176 1237 1373 1272 memoriam
1389 1235 1589 1278 refricavit,
1617 1235 1673 1278 &‚
1698 1243 1735 1269 ut
1747 1245 1807 1279 par
1821 1235 1891 1281 pati
1914 1233 2052 1275 referret
2069 1257 2082 1275 ‚
2109 1235 2142 1269 8(
2162 1234 2326 1279 Legatum
2341 1233 2384 1268 ad
2397 1233 2487 1270 S-R.

429 1291 517 1333 Imp.
536 1283 710 1322 electores
735 1286 932 1320 Ratisbona:
946 1294 1181 1330 congregatos
1206 1283 1377 1328 mitteret,
1397 1285 1458 1320 suo
1471 1284 1632 1319 concursu
1657 1282 1857 1319 eletitionem
1882 1282 2082 1318 ferdinandi
2099 1283 2167 1318 lll.
2195 1281 2229 1315 in
2248 1283 2486 1326 imperatorem

429 1345 627 1373 curaturum
642 1360 653 1376 ,
681 1332 801 1369 suasit.
829 1334 985 1380 AEquum
998 1333 1123 1369 censuit
1137 1334 1210 1368 Rex
1229 1330 1403 1370 Valeriani
1427 1331 1627 1375 consilium,
1650 1331 1684 1366 8(
1699 1330 1869 1368 altesatum
1892 1333 2094 1377 Supremam
2110 1330 2222 1373 Regni
2236 1329 2486 1365 Cancellarium

431 1383 659 1466 Ratisbqpam
673 1380 872 1426 destinavit,
896 1393 939 1417 eo
951 1381 1093 1418 successu
1112 1391 1233 1417 munus
1250 1381 1297 1417 ibi
1313 1382 1408 1418 suum
1423 1381 1642 1428 explentem,
1671 1379 1758 1417 utin
1773 1380 1867 1418 Sacri
1885 1377 2033 1416 Romani
2052 1379 2187 1424 imperii
2207 1375 2398 1425 Principem
2412 1375 2498 1414 fue-.

431 1443 478 1469 nt
498 1443 560 1467 eve
574 1443 582 1451 ·
600 1443 639 1467 us
652 1455 662 1466 .

531 1477 632 1513 Hisce
643 1478 801 1514 omnibus
816 1490 885 1515 ram
905 1479 1086 1527 prudenter
1107 1478 1204 1526 teque
1218 1504 1227 1519 ‚
1253 1479 1354 1525 quim
1369 1479 1509 1515 feliciter
1531 1478 1567 1514 in
1589 1477 1731 1513 Polonia
1750 1477 1836 1514 abiis
1850 1497 1862 1519 ,
1884 1476 2089 1513 Valerianus
2113 1479 2147 1511 &
2170 1474 2239 1523 ipse
2254 1475 2484 1512 Ratisbonam

427 1526 708 1570 secessit‚daturus
722 1528 802 1561 Neo
821 1529 933 1563 eleeto
948 1528 1146 1573 imperatori
1159 1528 1222 1563 suae
1231 1528 1430 1571 negationis
1448 1527 1614 1563 rationem
1629 1538 1640 1561 =
1655 1526 1799 1570 gratiam
1815 1550 1826 1569 ,
1842 1527 1909 1572 qua
1920 1537 1987 1562 neo
2015 1525 2129 1562 Caesar
2143 1525 2239 1560 illum
2253 1525 2390 1570 excepit
2406 1545 2420 1567 ‚
2433 1525 2488 1560 hit:

430 1584 619 1612 memorare
639 1573 927 1619 supervacaneum
941 1575 988 1609 esi
1000 1597 1012 1616 ,
1037 1587 1114 1610 cum
1127 1575 1196 1620 ipsa
1214 1575 1386 1612 Valeriani
1398 1577 1488 1621 gesta
1501 1575 1542 1610 ad
1557 1584 1675 1610 votum
1694 1575 1791 1611 Anlae
1803 1587 1875 1610 eam
1892 1575 2056 1618 innuant,
2081 1573 2209 1609 scivisse
2229 1571 2276 1607 sat
2290 1571 2327 1606 sit
2341 1593 2354 1612 ‚
2377 1573 2487 1618 quod.-

431 1635 510 1708 αὕτη
538 1631 671 1703 ρειζειίρε
695 1621 845 1677 honores
871 1621 1044 1658 humilitas
1070 1622 1161 1659 illius
1180 1623 1352 1669 respueret
1367 1647 1377 1664 2
1402 1628 1477 1671 ejus
1493 1623 1630 1660 Familia
1652 1622 1694 1660 iis
1717 1622 1818 1660 fuerit
1848 1623 2007 1661 decorata
2021 1645 2036 1667 ,
2060 1622 2095 1658 8(
2121 1621 2226 1657 titulo
2243 1619 2420 1656 Comitum
2442 1619 2485 1657 de

479 1682 575 1716 agnis
589 1682 620 1704 tn
637 1680 740 1712 lgmta
755 1693 765 1704 .
1975 1680 1976 1683 ¹
2483 1685 2489 1693 ·

527 1718 711 1773 Gedanum
727 1741 738 1760 ‚
752 1717 807 1753 seu
825 1718 1036 1763 Dantiscum,
1048 1720 1183 1757 celebre
1201 1721 1243 1757 ad
1262 1720 1426 1756 Vistulam
1442 1720 1649 1765 Emporium,
1663 1731 1733 1770 quo
1752 1719 1967 1757 Valerianum
1981 1731 2057 1756 cum
2075 1721 2172 1764 Rege
2189 1717 2343 1756 Poloniae
2355 1716 2396 1754 ad
2412 1716 2484 1753 ini-

428 1769 519 1805 tium
535 1768 611 1803 anni
632 1765 795 1801 millesimi
810 1767 1031 1803 sexcentesimi
1044 1767 1201 1814 trigesimi
1217 1769 1357 1805 sextiire
1371 1768 1533 1812 contigit,
1544 1780 1672 1804 novum
1688 1767 1852 1813 explicuit
1863 1768 1982 1812 gloriae
1994 1770 2156 1804 theatrum
2169 1778 2215 1803 ex
2228 1764 2455 1813 disputatione
2471 1787 2487 1809 ,

430 1816 654 1853 Valerianum
675 1814 761 1849 inter
780 1824 812 1848 et
825 1815 1110 1853 Bartholomaeum
1126 1818 1332 1862 Nigrinum,
1346 1828 1470 1861 magnae
1483 1827 1571 1852 notae
1583 1817 1807 1853 Calvinistam
1824 1840 1836 1859 ‚
1862 1817 1896 1853 8(
1913 1817 1987 1853 fatae
2007 1816 2167 1852 Civitatis
2193 1814 2362 1850 Pastorem
2376 1815 2454 1849 inlta
2471 1827 2482 1850 .’

432 1865 651 1908 Vulgaverat
668 1861 757 1910 typis
771 1863 884 1909 Lipsiae
896 1875 982 1898 anno
1002 1865 1250 1914 :631.]oannes
1264 1865 1425 1902 Botsaeus
1440 1890 1451 1906 ,
1474 1874 1553 1901 tunc
1567 1865 1770 1909 Theologiae
1783 1864 2009 1907 Licentiatus,
2034 1864 2068 1900 8(
2091 1863 2304 1908 postmodum
2321 1861 2482 1900 Luthera-

429 1913 465 1950 ni
490 1910 669 1961 Gymnasti
689 1910 895 1948 chanensis
911 1913 1038 1949 Rector
1052 1914 1191 1950 Librum
1205 1939 1217 1959 ,
1245 1925 1345 1962 quern
1371 1925 1444 1950 ante
1466 1913 1689 1949 Valerianum
1706 1915 1918 1959 nuncupavit
1933 1937 1946 1957 ‚
1972 1925 2062 1959 opus
2077 1912 2252 1949 Valeriani
2271 1912 2314 1947 de
2332 1911 2486 1947 Acatho-

429 1962 576 1998 Hcorum
599 1958 756 1995 credendi
787 1963 902 2004 regula
930 1961 1124 2008 praediGtum
1144 1963 1400 2010 impugnantem
1417 1989 1427 2004 ‚
1452 1962 1487 1997 8(
1515 1973 1572 2008 per
1592 1963 1688 1998 illum
1714 1964 1838 1997 molem
1857 1961 2030 1998 Valeriani
2052 1961 2185 1997 aedificii
2212 1960 2231 1996 ἓ
2254 1957 2485 1996 fundamentis

430 2007 622 2047 concussam
644 2007 859 2043 &excussam
873 2009 1020 2047 credidit
1037 2039 1045 2047 .
1069 2010 1150 2047 Inde
1165 2022 1238 2048 ante
1254 2009 1429 2047 viaorram
1443 2011 1639 2057 triunphum
1663 2010 1867 2058 praecinens‚
1895 2011 2111 2046 Valerianum
2136 2009 2177 2044 ad
2200 2009 2255 2044 sua
2277 2016 2480 2053 argumenta

430 2058 468 2094 in
481 2055 659 2104 proscenio
673 2055 822 2092 Ecclesiae
835 2056 997 2094 solvenda
1012 2060 1170 2096 audacior
1183 2062 1283 2109 quam
1297 2059 1431 2096 doffior
1445 2058 1650 2106 provocavit
1665 2081 1675 2092 .
1698 2058 1905 2104 Opportune
1933 2059 1967 2094 8(
1979 2058 2093 2094 forsan
2107 2068 2225 2094 contra
2241 2056 2374 2092 Botsaci
2396 2055 2480 2102 opi-

428 2107 566 2143 ni0nem
583 2103 791 2141 Valerianus
803 2106 845 2141 de
858 2106 958 2153 hujus
973 2108 1071 2143 Libro
1084 2109 1176 2156 teque
1187 2133 1198 2150 ,
1225 2121 1263 2145 ac
1277 2110 1410 2154 garrula
1427 2109 1579 2143 libertate
1595 2106 1777 2143 instructus
1789 2129 1802 2149 ‚
1829 2119 1905 2144 cum
1923 2108 2010 2142 Aula
2029 2106 2138 2150 Regis
2150 2105 2349 2152 comparuit
2366 2129 2374 2142 ‚
2401 2103 2486 2151 quin

432 2151 612 2204 Botsacum
625 2151 749 2210 ‘zvaris
763 2163 834 2189 arte
844 2155 1094 2201 Theologicam
1107 2168 1244 2193 arenam
1257 2156 1676 2200 declinantem,invenerit
1687 2180 1697 2190 .
1729 2155 1820 2192 Adiit
1832 2157 1910 2191 inde
1921 2155 1992 2203 ipsa
2006 2153 2186 2204 Gymnalii
2208 2153 2393 2201 penetralia
2403 2175 2416 2195 ‚
2443 2155 2487 2188 &2

432 2201 506 2249 quo
522 2199 678 2255 blandius
702 2210 795 2237 mter
808 2202 987 2241 consuetas
1003 2206 1263 2251 Theologorum
1286 2206 1526 2255 disputationes
1539 2205 1718 2241 Botsacum
1735 2204 1894 2242 lacessivit
1911 2228 1926 2245 ,
1949 2205 1992 2241 eo
2006 2204 2146 2240 astutius
2165 2203 2221 2239 ille
2236 2203 2304 2239 tela
2331 2200 2456 2238 vitavit
2468 2226 2482 2249 .-

431 2249 608 2303 Νἷὲῐξῦὓῧ
623 2248 727 2304 ufic,
752 2258 825 2283 tum
845 2251 1012 2288 caducum
1028 2252 1160 2290 Botsaci
1186 2267 1310 2291 metum
1332 2256 1556 2291 *indicaturus
1571 2277 1582 2297 ‚
1606 2264 1678 2289 tum
1693 2254 1882 2289 resonantes
1900 2253 1971 2301 jam
1994 2251 2030 2288 in
2050 2251 2223 2287 Valeriani
2249 2250 2400 2294 gloriam
2414 2260 2482 2296 ap·

434 2298 575 2344 plausus
592 2296 763 2353 soprtnrus
778 2321 785 2334 ‚
810 2309 887 2333 cum
903 2298 965 2334 illo
979 2303 1142 2345 congredi
1164 2304 1292 2339 statuit.
1322 2304 1482 2340 For-tuito
1493 2314 1632 2350 quoque
1644 2302 1740 2337 illum
1765 2303 1799 2337 in
1815 2302 1941 2337 aedibus
1958 2299 2168 2336 D.Comitis
2185 2299 2358 2335 Gerhardi
2375 2299 2482 2334 Den-'

430 2345 513 2382 *hoff
522 2344 718 2382 Calvrnistae
731 2345 831 2381 tnvssn
842 2345 867 2381 it
883 2370 895 2389 ,
920 2346 1035 2395 ibique
1048 2349 1151 2396 usque
1163 2352 1204 2386 ad
1217 2352 1331 2386 horam
1345 2375 1357 2395 ,
1378 2351 1444 2399 qud
1462 2352 1502 2387 ad
1521 2353 1647 2395 Regem
1661 2349 1722 2385 fuit
1734 2360 1876 2386 vocatus
1888 2373 1900 2393 ,
1925 2347 2125 2384 familiarius
2140 2346 2211 2392 egit
2225 2373 2237 2390 ‚
2262 2346 2392 2384 india)
2402 2345 2475 2393 jam

434 2393 658 2450 ald-posterum
675 2393 763 2429 diem
777 2393 810 2428 in
822 2392 940 2431 iisdem
953 2397 1080 2434 aedibus
1100 2399 1276 2445 congressu
1291 2400 1424 2446 privato
1436 2424 1446 2435 .
1473 2401 1627 2436 Tantum
1639 2409 1752 2435 autem
1763 2397 1874 2435 effecit
1891 2396 2116 2440 Valerianus,
2142 2407 2178 2431 ut
2192 2394 2339 2431 transiret
2358 2397 2394 2431 in
2410 2406 2475 2441 pu·

435 2444 568 2478 bhcum
585 2466 595 2481 ,
619 2441 661 2476 ad
676 2442 898 2490 statutamque
924 2446 1037 2482 horam
1059 2458 1126 2482 non
1139 2447 1250 2482 solnm
1266 2449 1402 2491 Cives,
1428 2447 1485 2483 sed
1504 2448 1538 2483 &
1567 2446 1709 2487 Amici,
1733 2448 1769 2482 &
1794 2446 1880 2483 inter
1910 2446 2093 2492 Magnates
2106 2469 2119 2488 ,
2146 2443 2256 2489 Regis
2280 2442 2479 2480 Galliarum

435 2493 571 2548 Qrator
585 2512 596 2529 2
622 2489 793 2546 supremus
813 2491 925 2536 Regni
943 2493 1099 2531 Poloniae
1111 2495 1491 2543 cancellarius,aliique
1504 2508 1575 2531 tum
1588 2495 1760 2531 Catholici
1774 2519 1786 2539 ,
1809 2506 1880 2531 tum
1894 2493 2085 2530 Acatholici
2103 2495 2265 2530 Proceres
2279 2490 2406 2528 fuerint
2422 2491 2481 2526 in-

435 2545 565 2595 ‘'¹5³⁰st
594 2539 731 2594 materia
748 2539 789 2573 de
810 2541 1093 2594 acatholicorum
1108 2544 1264 2580 credendi
1286 2546 1430 2591 regula,
1454 2556 1555 2591 quarn
1570 2545 1772 2581 Valerianus
1795 2543 1829 2579 in
1843 2544 1904 2579 suo
1923 2554 2027 2588 opere
2056 2541 2234 2578 absurdam
2255 2539 2388 2576 notavit
2403 2562 2417 2584 ,
2443 2539 2481 2575 Se

435 2587 607 2643 &litgrinus
622 2586 723 2642 Libro
746 2597 838 2635 typis
850 2588 942 2624 edito
954 2592 974 2626 a
986 2602 1068 2627 nota
1090 2591 1228 2641 impieta
1241 2593 1410 2630 vindicare
1422 2592 1596 2641 quaesivit,
1625 2592 1659 2628 in
1672 2592 1904 2639 disputationis
1925 2601 2158 2636 argumentum
2172 2590 2296 2627 selecta
2320 2589 2355 2626 8(
2371 2587 2445 2624 fix&
2463 2611 2479 2631 ,

432 2646 472 2691 'f‘
486 2635 705 2678 Theologicae
730 2635 979 2675 Monomacbiae
1000 2641 1152 2678 patrinos
1173 2643 1388 2684 constitu-tis,
1416 2654 1480 2688 pro
1501 2650 1595 2687 parte
1621 2640 1760 2688 quidem
1780 2639 1982 2683 Valeriani,
2008 2639 2162 2685 Principe
2183 2638 2345 2681 Georgio
2365 2636 2478 2672 Offo-

434 2681 522 2739 llfnfi
537 2705 550 2725 ο
573 2682 607 2717 3<
625 2693 687 2728 prO
702 2694 794 2728 parte
807 2684 946 2740 Nigrini
964 2687 1126 2733 praedieto
1149 2692 1195 2726 D.
1210 2691 1347 2727 Comite
1366 2689 1533 2734 Denhoff,
1559 2688 1775 2735 Notarioque
1794 2701 1862 2725 uno
1881 2689 1924 2725 ad
1936 2687 2050 2723 omnia
2062 2710 2075 2730 ‚
2101 2698 2178 2734 quae
2204 2696 2346 2732 uterque
2365 2694 2482 2721 vocQ

432 2730 594 2772 dffilssfet,
620 2743 662 2786 {x
677 2742 904 2789 convent-rone
924 2736 1015 2781 typis
1040 2737 1137 2772 finita
1149 2738 1376 2784 disputatione
1403 2739 1562 2779 edenda,
1583 2739 1714 2774 calamo
1740 2737 1940 2784 excipienda
1956 2744 2098 2780 rogato·
2130 2734 2261 2780 incepit
2293 2743 2476 2779 argumen-

433 2789 505 2814 ΝΠ)
525 2777 753 2834 νῇῑῑθῐῑὲὓῑῆδ,
781 2781 950 2824 Nigrinus
972 2783 1164 2831 respondit,
1187 2787 1222 2823 8(
1248 2787 1384 2824 sessione
1398 2787 1572 2823 terminata
1591 2799 1628 2823 ea
1650 2809 1663 2829 ‚
1686 2797 1761 2832 quae
1784 2786 1909 2822 dictata
1930 2784 2023 2821 fuere
2038 2806 2051 2825 ‚
2077 2781 2250 2828 utriusque
2266 2781 2396 2818 Patrini
2421 2793 2484 2818 an-

433 2827 678 2882 nnio-lignem,¹
706 2840 735 2862 tn
750 2828 886 2864 Scrinio
901 2830 995 2867 fuere
1008 2833 1116 2869 clausa
1132 2861 1139 2869 .
1166 2836 1223 2871 Ad
1236 2837 1269 2872 6.
1284 2836 1341 2872 vel
1356 2847 1388 2880 ς.
1412 2836 1486 2871 dies
1500 2835 1672 2882 protracta
1689 2836 1735 2870 est
1750 2834 1804 2870 dis
1803 2834 1935 2880 putatio
1949 2859 1956 2866 ,
1984 2831 2127 2867 totidem
2149 2842 2286 2878 quoque
2307 2831 2401 2866 horis
2416 2840 2484 2876 pro·

434 2877 587 2930 qua-hbet
616 2875 749 2911 seshone
765 2878 990 2924 consumptis.
1019 2882 1182 2929 Cumque
1206 2884 1290 2919 inter
1310 2884 1515 2929 disputantes
1540 2883 1622 2918 mira
1640 2884 1782 2917 eniteret
1811 2882 1975 2918 modestia
1991 2904 2005 2923 ‚
2030 2880 2063 2916 8(
2082 2891 2150 2916 non
2173 2879 2364 2927 triumphus
2379 2901 2393 2923 ‚
2423 2878 2481 2915 sed

434 2933 560 2958 ventas
578 2933 787 2981 quaerere-tur
800 2948 813 2967 ,
837 2930 904 2962 tale
919 2926 980 2963 suit
1002 2929 1110 2967 totius
1121 2932 1292 2968 conscissis
1305 2931 1477 2969 silentium
1492 2956 1506 2975 ‚
1531 2941 1587 2974 ut,
1615 2929 1674 2978 qui
1690 2931 1885 2977 proximum
1904 2930 2138 2976 alloqueretur
2150 2952 2164 2973 ‚
2190 2939 2263 2964 non
2280 2928 2478 2964 videretur.

432 2972 597 3029 {Tandem
625 2969 822 3008 Valerianus
844 2986 887 3010 eo
908 2978 1134 3020 angustiarum
1159 2980 1422 3028 Antagonistam
1454 2979 1568 3024 adegit
1589 3005 1600 3022 ,
1636 2987 1674 3013 ut
1703 2989 1940 3023 argumentum
1960 3001 1973 3020 ,
1998 2989 2040 3012 ex
2062 2975 2223 3013 concessis
2242 2977 2263 3010 ὲ
2291 2974 2480 3012 Valeriano

433 3021 574 3074 filatum,
587 3020 796 3075 perpendens
808 3045 821 3063 2
846 3034 974 3060 moram
990 3026 1134 3071 responsi
1158 3029 1331 3074 posceret:
1355 3028 1472 3075 elapso
1486 3039 1621 3069 tamen,
1647 3027 1740 3074 quod
1754 3025 1942 3063 concessum
1956 3035 2026 3060 erat
2042 3048 2055 3069 ‚
2078 3025 2226 3061 dimidiae
2249 3024 2339 3059 horae
2352 3023 2473 3071 spatio.

433 3078 507 3102 ΨΘΧ
522 3066 664 3108 N¹gf¹ss¹
686 3068 795 3124 adhue
810 3069 963 3108 saucibus
978 3075 1064 3110 haelit
1076 3101 1085 3116 ,
1110 3076 1145 3111 8(
1166 3086 1288 3113 contra
1302 3076 1479 3113 veritatem
1496 3075 1641 3123 pugnari
1655 3086 1722 3109 non
1738 3074 1853 3121 posse,
1876 3073 1910 3109 in
1927 3071 2094 3109 Concilio
2112 3074 2320 3119 Magnatum
2341 3098 2350 3112 ,
2375 3077 2486 3109 muto-

430 3115 530 3151 falius
547 3111 595 3170 el}
608 3125 667 3151 ore
683 3139 692 3150 .
712 3117 890 3164 Dejeetum
907 3120 1050 3158 Pastoris
1073 3124 1199 3160 confusi
1212 3126 1361 3162 animum
1382 3137 1460 3160 cum
1475 3122 1666 3160 testimonio
1681 3122 2004 3170 justitiaeereeturus
2026 3120 2171 3157 surrexit
2193 3121 2227 3155 &
2245 3119 2452 3157 Valerianus
2463 3131 2481 3160 s·

434 3165 479 3198 ad
495 3162 745 3218 Attdrtoresque
764 3167 950 3202 conversus
962 3169 1069 3206 dixit:
1093 3183 1221 3210 mutum
1235 3176 1277 3210 ad
1292 3182 1483 3218 argumenta
1501 3178 1573 3207 mea
1589 3171 1770 3215 Nigrinum
1789 3182 1860 3205 non
1878 3169 2042 3206 miremini
2058 3194 2070 3212 ‚
2095 3169 2270 3206 succubuit
2282 3170 2362 3212 ille,
2385 3179 2482 3212 non,-

438 3212 534 3267 quod
551 3210 682 3267 scientia
696 3222 752 3248 me
768 3224 835 3249 non
853 3215 953 3259 longe
967 3217 1101 3262 superet
1115 3245 1127 3265 ‚
1152 3222 1207 3257 sed
1220 3245 1232 3262 ,
1257 3224 1352 3268 quod
1369 3222 1500 3257 causam
1513 3221 1554 3255 de
1569 3218 1599 3254 se
1611 3220 1770 3255 caducam
1786 3218 1979 3255 defenderit
1996 3229 2006 3253 z
2032 3222 2051 3253 a
2067 3230 2119 3253 me
2133 3217 2245 3255 vistus
2261 3219 2319 3253 ille
2332 3229 2400 3252 non
2413 3218 2474 3257 est,

434 3261 523 3296 seda
539 3268 682 3317 vemat?
697 3285 708 3303 2
732 3272 806 3307 quae
820 3262 946 3309 semper
970 3266 1175 3316 triumphat:
1202 3270 1300 3306 illum
1320 3269 1554 3306 contristatum
1567 3268 1726 3312 gaudeo,
1751 3279 1820 3303 non
1843 3267 1947 3310 ideo,
1973 3268 2067 3314 quod
2080 3267 2303 3303 contristatus
2327 3265 2392 3308 sit,
2418 3264 2476 3300 sed

437 3308 532 3355 q⁰⁰d
562 3309 780 3347 comnstaffls
802 3311 839 3347 fit
865 3311 908 3347 ἃᾶ
933 3312 1100 3352 saltitem·
1127 3319 1279 3355 fremuit
1303 3317 1443 3365 quidem
1465 3318 1508 3354 ad
1530 3317 1598 3352 haec
1623 3316 1782 3352 dentibus
1809 3316 2032 3353 Acatholicus
2053 3315 2225 3352 consessus
2241 3338 2254 3358 ,
2274 3313 2480 3361 jubilantes

429 3366 566 3414 econtra
582 3358 874 3396 voceCatholicus
887 3360 1108 3401 &Valeriano
1120 3368 1153 3402 8(
1165 3367 1223 3404 libi
1237 3364 1596 3414 applaulit‚Valeriani
1610 3365 1748 3412 quidem
1758 3365 1799 3399 de
1813 3367 2004 3411 gratia,qua
2020 3365 2112 3406 ei‚de
2131 3359 2478 3401 testimoniisDomini

428 3417 464 3441 tn
483 3404 666 3458 conspeetu
692 3409 811 3452 populi
826 3411 869 3444 ad
891 3409 1146 3464 aedificationem
1166 3417 1263 3464 loqui
1285 3416 1401 3451 datum
1421 3415 1550 3457 suerat,
1576 3413 1636 3450 libi
1657 3423 1771 3449 autem
1795 3415 1839 3450 de
1865 3415 2068 3458 voluptate,
2092 3413 2159 3458 qua
2176 3411 2351 3448 veritatem
2366 3408 2466 3445 Fidei
2483 3443 2485 3445 ,

434 3464 560 3508 (Οὓῑῐῧ,
572 3452 648 3488 f³¹¹³
664 3454 822 3498 dogmata
839 3459 1043 3495 vindicatam
1067 3465 1200 3499 audivit
1215 3492 1222 3500 .
1249 3464 1378 3500 Placuit
1390 3462 1541 3509 eousque
1557 3461 1663 3507 Regis
1675 3461 1939 3498 Christianisiimi
1953 3461 2095 3496 Oratori
2107 3459 2268 3496 modestia
2285 3456 2471 3502 colloquii,

434 3501 470 3538 &
486 3501 663 3559 conjuncta
682 3514 956 3558 argumentorum
969 3510 1130 3556 emphasis
1142 3536 1155 3555 ,
1182 3523 1242 3558 ut,
1269 3511 1387 3548 siillud
1402 3538 1413 3554 ,
1443 3514 1499 3549 vel
1516 3511 1621 3547 simile
1633 3509 1744 3557 repeti
1761 3508 1972 3553 contingeret
1989 3533 1998 3547 ‚
2026 3507 2057 3542 se
2078 3508 2223 3550 Parisiis,
2236 3506 2338 3543 etiam
2352 3506 2476 3542 Geda-

429 3560 526 3592 num,
542 3561 603 3584 nec
621 3555 938 3607 Yrae‘mcommodis,
964 3569 1025 3593 nec
1039 3559 1192 3605 expensis
1202 3561 1338 3596 attentis
1358 3560 1565 3597 reversurum
1580 3555 1735 3595 assereret
1747 3581 1757 3591 .
1783 3557 1964 3603 Splenduit
1984 3557 2019 3591 8(
2032 3555 2186 3592 vianna
2200 3557 2301 3592 decor
2323 3565 2367 3590 ex
2382 3553 2475 3590 socio

434 3595 809 3656 conversionis-irubiu:
838 3604 953 3648 regius
974 3607 1063 3641 enim
1078 3608 1244 3652 Ephaebus
1260 3609 1510 3652 Acatholicus,
1533 3609 1613 3643 dum
1637 3617 1682 3643 ex
1697 3605 1839 3650 Nigrini
1853 3605 1981 3640 silentio
1994 3603 2086 3641 seEtae
2101 3604 2165 3642 suae
2188 3604 2362 3644 falsitatem
2384 3613 2472 3648 cong

432 3646 583 3683 eluderet
596 3666 608 3688 ‚
634 3648 727 3685 Ριάει
742 3650 931 3689 Catholicae
945 3654 1127 3694 veritatem
1141 3656 1286 3705 selegit,
1310 3658 1329 3692 a
1345 3658 1424 3698 RR.
1436 3654 1752 3697 eunominianis
1765 3653 1946 3695 inssrustus
1960 3676 1971 3691 .

2312 3801 2349 3837 A
2371 3808 2437 3838 ter·
