2658 4256
909 170 1536 290 ·Apostolica-.
2125 209 2226 289 19

209 309 317 346 micae,
331 304 384 344 ὁ·
396 301 610 351 Austriacae,
627 303 714 352 ficut
731 305 980 354 &paritatem
999 305 1263 356 suffragiorum,
1284 312 1389 351 atque
1405 308 1571 352 praterea
1585 296 1790 355 facultatem
1804 323 1817 342 ,
1829 308 1918 334 nova
1931 297 2005 354 fine>
2015 296 2157 354 speciali
2172 309 2270 344 Sedis

204 350 408 400 &postelis-a
420 350 563 388 licentia
586 353 741 400 erigendi
752 355 900 390 coenobia
919 356 1144 403 expetivimus
1158 377 1171 395 ‚
1191 355 1234 394 (ς’
1243 354 1392 401 primum
1405 350 1561 398 quidem,
1573 346 1715 382 admotis
1725 349 1878 393 priorum
1890 345 2039 381 Ordinis
2053 345 2278 390 protectorum

202 401 314 452 officiis
325 397 525 448 fimpliciter
541 424 554 444 ‚
578 402 724 438 alterum
751 401 832 438 vero
847 410 910 449 pro
926 403 999 450 solo
1014 401 1173 450 Capitulo
1191 400 1356 438 Generali
1372 395 1523 447 proxim&
1549 394 1747 431 celebrando
1773 396 1982 431 obtinuimus
1996 417 2010 436 ,
2030 397 2134 430 tertio
2155 402 2275 442 puncto

710 462 732 486 a
752 449 955 498 resolutione
975 449 1163 498 Pontificio
1174 474 1187 493 ,
1216 460 1290 485 cum
1309 448 1532 484 intentionem
1559 441 1702 492 nostram
1719 443 1868 478 nondum
1890 440 1986 490 plene
2009 439 2249 491 affccutifimus
2262 472 2275 492 ,

198 448 349 485 nondum
371 447 596 485 determinato
611 462 621 485 ε
686 462 708 486 u

197 498 242 533 ab
254 497 316 532 hac
330 506 444 533 autern
468 497 525 533 vel
536 498 608 534 ideo
622 451 776 535 rffire
787 510 856 534 non
866 498 1016 546 poffimus
1027 521 1040 541 ,
1086 496 1153 533 uod
1176 497 1331 544 alioquin
1351 498 1390 531 in
1407 507 1444 531 re
1457 493 1502 529 ad
1515 491 1659 528 aliorum
1674 489 1804 536 Regum
1818 515 1829 532 ,
1847 492 1888 531 (ς’
1901 490 2104 536 Principum
2122 492 2274 539 interpo-

186 545 342 602 sitionem
360 544 492 593 facile,
519 546 560 587 ὠ·
585 545 758 583 illimitate
783 547 918 594 quidem
945 510 1111 596 conceſjqa‚
1138 544 1253 583 Nobis
1274 543 1355 580 vers)
1372 542 1459 591 solis
1474 565 1487 585 ,
1512 550 1581 577 tam
1605 537 1706 574 arffiis
1723 539 1978 586 circumscripta
2002 537 2172 574 limitibus
2185 553 2273 586 gra-

196 594 359 642 vtffimum
375 593 590 630 AuEioritati
604 591 738 641 Nostrae
750 595 907 642 Caesareae
925 593 1119 642 inferretur
1135 593 1375 640 praejudicium
1389 617 1398 632 ,
1424 588 1558 627 Ordini
1576 596 1688 623 autem
1707 585 1748 620 de
1774 588 1897 632 optima
1912 588 2008 633 fama
2020 610 2033 628 ,
2058 586 2270 641 anetiuque,

193 641 320 688 Populi
351 643 398 678 tbi
415 641 574 678 haetenus
597 642 775 678 conciliato
791 642 979 690 plurimum
1008 642 1183 678 dedeceret
1196 665 1207 684 ‚
1232 639 1296 676 imo
1310 638 1461 686 plurima
1484 636 1635 672 verenda
1647 634 1767 681 forent
1777 633 1946 679 scandala
1958 655 1971 673 ‚
1983 634 2017 682 Ji
2026 633 2094 682 solt
2110 633 2272 671 'Provin-

194 691 256 727 οἱα
270 690 325 726 ‘Bo
350 691 484 732 emicae,
507 690 549 731 ὠ·
574 688 764 737 Austriacae
782 690 900 737 divisit
924 690 1155 738 praerogativa
1177 688 1256 724 aliis
1279 687 1478 725 Provinciis
1507 683 1620 732 divisis
1642 680 1780 738 indulta
1815 691 2021 727 negaretur.
2048 682 2179 718 Idcirco
2206 695 2274 719 mo·

192 738 334 774 dernam
353 738 579 775 Sanflitatem
591 737 699 774 Suam
724 735 889 784 instanter
913 739 1142 785 obsecramus,
1167 747 1208 775 ut
1224 748 1290 774 non
1311 733 1404 775 modo
1425 733 1562 770 eandem
1581 730 1817 772 thomtcam,
1842 729 2132 778 &Austriacam‚
2155 733 2275 769 verum

192 789 296 823 etiam
321 786 408 823 alias
435 785 651 821 'Provincias
673 785 711 818 in
731 784 874 831 reliquis
903 785 1035 832 Regnis
1047 811 1061 830 ,
1083 786 1125 827 ὠ·
1139 782 1342 822 Ditionibus
1368 780 1487 830 nostris
1510 779 1767 820 haereditariis,
1792 789 1921 812 necnon
1944 777 2097 814 Romano
2133 779 2274 828 Imperio

191 838 246 872 exi
259 835 387 877 lentes,
405 831 553 869 aliarum
566 830 762 871 Nationum
776 832 988 869 'Provinciis
1008 836 1047 869 in
1066 832 1244 882 Custodum
1253 857 1267 876 ,
1292 840 1513 876 votorumque
1541 838 1679 864 numero
1692 851 1701 866 ,
1714 826 1803 874 ficut
1827 825 1870 865 &¹
1884 826 2055 873 facultate
2071 828 2272 865 Conventus

188 836 311 934 abssque
322 880 465 930 speciali
476 880 577 917 Sedis
594 879 781 928 Apostolicae
794 880 935 918 licentia
956 880 1168 930 construendi
1190 889 1289 928 pares
1300 903 1312 921 ,
1327 889 1394 917 non
1410 878 1448 912 in
1465 877 1617 924 proximo
1635 876 1809 930 duntaxat
1821 869 1908 921 ‚sed
1921 875 2022 910 etiam
2038 877 2198 931 ‘omnibus
2210 878 2276 912 im·

184 939 226 980 po
252 941 346 968 erum
362 928 536 975 Capitulis
551 927 778 968 Generalibus
797 929 883 965 velit
908 930 1032 965 habere
1046 953 1059 972 ,
1077 928 1167 976 quod
1192 929 1235 963 ab
1253 927 1366 964 eadem
1387 925 1624 962 accedentibus
1646 923 1834 971 praesertim
1848 921 2136 968 Reverendtffimae
2150 924 2279 959 Pater..

186 933 314 1018 nistlatis
327 974 451 1025 Veflrae
474 975 589 1025 officiis
609 976 654 1011 im
678 985 793 1012 strare
816 989 883 1012 non
909 978 1132 1018 dubitamus,
1156 987 1256 1023 quam
1279 974 1423 1023 proinde
1447 970 1593 1020 impensa?
1607 971 1760 1019 cupimus
1782 971 1973 1018 requisitam
1986 993 1998 1012 ,
2024 970 2110 1005 velit
2122 982 2271 1008 unacum

185 1023 471 1071 Reverendiffimo
486 1023 644 1060 Cardina
658 1035 675 1058 e
686 1023 761 1059 Pio
779 1048 792 1068 ,
818 1025 838 1060 ἃ
853 1024 1024 1073 quosensa
1036 1024 1146 1074 nostra
1164 1024 1332 1072 percipiet
1352 1022 1491 1058 uberiits
1504 1045 1518 1064 ‚
1542 1019 1577 1056 ec)
1593 1019 1747 1069 studium
1773 1030 1865 1053 omne
1886 1027 2085 1054 convertere
2102 1045 2113 1058 ‚
2136 1028 2270 1066 atque)

207 1087 244 1112 ro
268 1082 405 1109 munere
411 1073 475 1118 Juo
489 1070 692 1109 Proceeioris
705 1097 719 1115 ‚
741 1084 846 1120 eaque
859 1098 871 1117 ‚
894 1085 962 1121 qua
981 1082 1054 1111 tnm
1078 1072 1170 1120 apud
1192 1072 1351 1108 Sanfiiam
1364 1069 1502 1112 Sedena,
1532 1078 1604 1109 tum
1619 1067 1710 1115 apud
1725 1067 1894 1104 Ordinem
1904 1065 2129 1114 Seraphicum
2149 1067 2274 1113 pollet,

180 1085 213 1162 {t
239 1121 399 1159 imatione
406 1118 554 1166 sollicite
567 1122 740 1166 cooperari
751 1145 764 1164 ,
781 1131 822 1157 ut
829 1123 883 1169 pii
895 1121 1053 1166 desiderii
1065 1120 1166 1168 nostri
1178 1120 1311 1157 omnino
1326 1126 1484 1165 compotes
1500 1115 1652 1166 proxime
1673 1116 1878 1153 reddamur;
1900 1126 2009 1162 neque
2035 1115 2125 1153 enim
2148 1117 2190 1150 ab
2215 1117 2275 1152 in.

173 1122 316 1222 ῃζηείὶς
340 1167 458 1216 nostris
474 1169 572 1215 prius
599 1167 780 1218 defistemus
793 1193 806 1213 ‚
833 1170 936 1205 donec
966 1177 1116 1216 optatum
1139 1167 1284 1217 effefiium
1309 1178 1350 1206 ex·
1370 1165 1432 1216 aste
1452 1164 1717 1218 consequamur:
1733 1163 1938 1213 persuadeat
1951 1163 2017 1210 sibi
2036 1161 2269 1209 Reverendis-

175 1221 258 1271 sima
272 1217 475 1256 Paternitas
486 1214 602 1266 Vestra
617 1242 627 1258 ,
649 1215 780 1254 nullum
805 1218 863 1254 hic
886 1218 1054 1264 acceptius
1077 1214 1192 1254 Nobis
1219 1215 1239 1251 ὰ
1253 1217 1293 1264 se
1314 1214 1446 1266 affleffltis
1462 1216 1505 1257 ἶς’
1526 1215 1718 1251 devotionis
1742 1213 1978 1249 documentum
1998 1212 2145 1258 praeberi
2161 1211 2268 1262 poffe,

183 1269 224 1304 in
240 1266 280 1314 se
295 1265 494 1314 serentibus
512 1266 753 1314 occastonibus,
773 1267 920 1315 prolixis
944 1266 1195 1314 propenfionis,
1217 1266 1260 1306 ὠ·
1274 1263 1523 1301 Benevolentiae
1545 1261 1741 1310 testimoniis
1766 1259 2041 1309 compensandum
2055 1283 2068 1305 ‚
2094 1272 2195 1309 quam
2217 1261 2268 1297 ei-

183 1316 258 1353 dem
277 1322 341 1364 pro
364 1314 453 1350 omni
478 1315 581 1351 etiam
603 1323 749 1364 tempore
770 1314 1004 1363 confirmamus
1019 1339 1030 1351 .
1057 1314 1170 1351 ‘Datin
1195 1311 1377 1364 Neostadii
1402 1312 1472 1350 Die
1484 1321 1540 1359 27.
1556 1311 1732 1363 Januarii
1751 1312 1852 1358 1678.
2263 1339 2268 1342 ⁴

326 1413 588 1480 Leopoldus
607 1450 619 1467 .
2003 1472 2006 1475 ,

1694 1525 1986 1583 Christopborus
2010 1524 2128 1571 Abtlo
2138 1557 2150 1571 .

284 1652 367 1691 Alia
395 1651 441 1689 ad
465 1651 793 1689 Reverendiffimum
818 1653 952 1691 Patrem
975 1651 1183 1689 Generalem
1210 1650 1375 1690 Ordinis.

806 1773 1472 1827 LEOPOLDUS
1544 1769 1636 1824 ἃς.

117 1917 121 1922 .
276 1889 490 1939 compertum
510 1888 642 1926 habetis
656 1912 668 1932 ‚
694 1889 819 1938 quibus
843 1891 884 1927 in
910 1891 1070 1929 terminis
1094 1893 1267 1941 negotium
1281 1890 1478 1929 Provinciae
1491 1888 1642 1928 Ordinis
1657 1885 1767 1938 Vestri
1783 1887 1811 1925 S
1814 1886 1967 1934 eraphici
1983 1886 2174 1924 ‘Bohemicae
2189 1884 2199 1927 ζ
2219 1895 2270 1923 at-

180 1950 246 1988 que
260 1938 448 1989 Austriacae
463 1938 700 1987 superioribus
719 1941 822 1975 annis
835 1942 932 1976 circa
941 1942 1129 1989 paritatem
1141 1951 1299 1978 votorum
1316 1965 1326 1980 ,
1344 1939 1616 1988 facultatemque
1639 1948 1729 1973 nova
1745 1936 1904 1975 Coenobia
1924 1936 2048 1983 absque
2059 1938 2190 1983 praevio
2214 1935 2262 1970 adr

177 1987 299 2027 Sedem
317 1987 534 2038 Apostolicam
550 1987 690 2035 recursu
712 1988 870 2036 erigendi
894 1989 1052 2038 versetur
1072 2016 1084 2035 ‚
1109 2001 1253 2039 quorum
1268 1990 1417 2037 primum
1440 1988 1461 2024 ὰ
1477 1987 1638 2036 Defunffii
1653 1985 1830 2033 Pontificis
1842 1984 2068 2022 Beatitudine
2090 1985 2266 2033 quidem-a

177 2033 357 2086 concessum
369 2060 383 2080 ,
407 2037 453 2073 ad
474 2038 666 2085 proximum
698 2045 812 2072 tamen
842 2037 1041 2084 Capitulum
1081 2038 1250 2076 Generale
1270 2036 1473 2086 solummodo
1494 2035 1678 2086 restrifiium
1700 2035 1743 2085 est
1765 2061 1774 2076 ‚
1799 2032 1945 2069 alterum
1968 2031 2050 2069 vero
2081 2032 2267 2079 indecisam

177 2083 347 2132 hucusque
363 2085 565 2134 permanfit:
590 2095 664 2120 cum
689 2095 803 2122 autem
822 2087 988 2133 petitioni
1012 2087 1126 2135 nostrae
1139 2086 1261 2123 exinde
1275 2084 1449 2134 adaequate
1463 2084 1679 2133 stitisfaffium
1701 2095 1768 2119 non
1772 2083 1841 2132 fit,
1867 2081 1931 2118 im&
1949 2079 2060 2130 gravi
2083 2079 2197 2120 Nobis
2212 2080 2270 2128 fo-

177 2141 235 2169 ret
247 2132 401 2169 dedecori
417 2157 426 2170 ‚
452 2132 610 2182 ejusmodi
623 2133 848 2181 conceffionem
871 2134 1015 2183 respefilu
1030 2137 1300 2173 provinciarum
1321 2133 1509 2184 nostrarum
1538 2134 1617 2170 adeo
1642 2132 1825 2170 limitatam
1845 2131 2026 2167 admittere
2039 2154 2051 2173 ‚
2076 2142 2178 2177 quam
2192 2128 2268 2165 aliae

178 2180 377 2219 Provinciae
392 2180 541 2218 Ordinis
564 2179 666 2229 vestri
692 2182 811 2230 divisae
829 2182 1042 2229 generaliter
1066 2184 1247 2233 poffident,
1268 2183 1456 2232 praesertim
1484 2193 1559 2219 cum
1583 2194 1641 2218 vos
1661 2181 1719 2230 ipfi
1731 2180 1900 2229 sufficiens
1922 2179 2046 2214 habere
2066 2178 2192 2230 poffitis
2208 2188 2268 2228 fte.

172 2228 371 2278 stimonium
384 2254 396 2273 ,
417 2230 545 2278 easdem
570 2230 591 2266 ὰ
603 2229 707 2268 Vobis
721 2232 762 2265 in
775 2230 871 2266 nulla
884 2256 898 2275 ,
923 2243 995 2279 quat
1009 2233 1056 2268 ad
1070 2235 1181 2269 vitam
1194 2233 1383 2281 religiosam
1403 2258 1413 2273 ,
1433 2232 1476 2273 ὠ·
1494 2231 1716 2281 Monosticam
1736 2230 1890 2278 pertinet
1900 2255 1911 2270 ,
1936 2227 2105 2275 qualitate
2120 2226 2251 2274 inferio
2261 2240 2270 2253 ·

179 2277 420 2326 refreliquis,
439 2278 504 2315 imo
522 2277 602 2327 plus
626 2281 665 2315 in
678 2278 743 2327 se,
763 2290 864 2325 quam
881 2279 976 2328 fhrte
1000 2281 1216 2324 credebatis,
1241 2281 1401 2318 habentes
1425 2281 1587 2317 inventas
1619 2277 1702 2330 effe:
1726 2276 1865 2326 Nosque
1883 2285 2009 2324 praeter
2034 2275 2175 2328 unicum
2200 2274 2271 2311 Or-

182 2325 277 2362 dinis
294 2328 538 2364 incrementum
555 2329 696 2376 penitus
717 2326 810 2362 nihil
829 2329 1047 2366 intendamus
1060 2355 1070 2366 .
1099 2330 1286 2378 Eapropter
1309 2329 1536 2366 Sanffitatem
1548 2330 1656 2365 Suam
1681 2325 1827 2375 impense
1844 2333 1906 2373 pro
1919 2322 2086 2361 Generali
2100 2323 2269 2371 suprafa-

176 2383 293 2411 tarum
317 2375 465 2412 duarum
493 2377 726 2427 conceffionum
757 2377 939 2426 extensione
970 2378 1168 2428 obtestamur
1185 2402 1195 2418 ‚
1221 2377 1242 2413 a*
1267 2374 1371 2414 Vobis
1400 2377 1481 2413 vero
1505 2377 1610 2413 etiam
1635 2376 1850 2413 vehementer
1873 2372 2095 2422 definieramus
2123 2395 2136 2414 ³
2163 2381 2203 2409 ut
2226 2373 2267 2409 in

181 2423 349 2470 quoddam
362 2425 572 2461 iteratarum
593 2425 827 2474 expressionum
845 2425 1032 2475 vestrarum
1040 2466 1042 2468 ,
1045 2428 1216 2475 specimen
1231 2451 1244 2469 ‚
1271 2426 1495 2463 intentionem
1509 2424 1651 2475 nostram
1665 2423 1823 2474 fimiliter
1861 2433 1898 2458 ro
1920 2419 2023 2456 virili
2040 2429 2238 2468 promovere
2251 2444 2266 2465 ,

180 2483 238 2515 αθ,
250 2473 414 2520 quantum
431 2474 469 2508 ln
481 2471 585 2510 Vobis
597 2474 640 2523 est
653 2498 665 2517 ,
690 2473 843 2521 confi-rre
857 2474 974 2512 velitis
986 2501 999 2518 ,
1020 2488 1085 2522 quo
1091 2475 1339 2525 suffragiorum
1353 2474 1542 2523 paritatem
1555 2485 1581 2510 ae
1606 2471 1647 2508 u&
1659 2496 1672 2516 ,
1693 2485 1733 2509 ac
1747 2472 1831 2520 facu
1850 2479 1954 2507 tatem
1971 2469 2170 2506 Conventus
2192 2469 2268 2517 abs-

178 2530 245 2567 que
254 2520 427 2569 singulari
444 2521 547 2558 Sedis
559 2521 752 2571 Apostolicae
776 2521 920 2560 licentia
943 2523 1128 2571 edificandi
1142 2551 1151 2565 ‚
1175 2522 1344 2570 antediiie
1367 2523 1556 2568 Provincig
1623 2520 1790 2568 ohemice‚
1816 2516 2081 2567 &Austriacf‚
2107 2529 2167 2553 nec
2192 2529 2261 2554 non

176 2569 299 2615 ceteris
311 2569 510 2607 Provinc‘iis
531 2572 570 2606 in
580 2571 783 2608 Ditionibus
799 2570 917 2621 nostris
938 2572 1191 2615 haereditariis‚
1215 2581 1289 2608 tum
1310 2572 1414 2607 etiam
1438 2572 1478 2606 in
1505 2570 1658 2607 Romano
1684 2569 1827 2618 Imperio
1857 2567 2074 2617 existentibus
2084 2575 2149 2614 pro
2175 2568 2266 2602 omni

174 2621 319 2665 tempore
330 2616 505 2669 conceffam
522 2619 675 2667 proximi
689 2620 853 2657 inaudire
867 2621 1061 2659 valeamusz
1085 2619 1265 2670 quodlicet
1287 2631 1410 2657 munus
1423 2618 1596 2670 vestrum»,
1614 2618 1752 2667 ipsaque
1766 2617 1870 2666 causae
1879 2615 2020 2666 aequitas
2030 2614 2136 2662 perse
2150 2617 2266 2662 requiq

173 2674 233 2701 rat
246 2689 258 2709 ,
283 2666 503 2703 nihilominus
515 2680 629 2705 tamen
638 2677 700 2717 pro
713 2667 819 2717 amplo
830 2669 1022 2708 devotionis
1045 2670 1158 2719 vestrae
1172 2669 1398 2718 saepenumero
1421 2667 1599 2718 testificatae
1612 2676 1811 2714 argumento
1829 2667 2031 2714 accipiemus
2044 2686 2056 2706 ,
2079 2672 2262 2711 praegnang

175 2712 259 2749 tiori
273 2712 378 2751 Vobis
397 2715 518 2752 obinde
538 2719 660 2764 gratia
679 2717 830 2765 propenst
850 2720 1023 2767 mansuri,
1049 2731 1185 2769 eamque
1198 2717 1311 2770 effeiiu
1336 2717 1403 2768 ipso
1427 2718 1466 2755 in
1488 2717 1667 2769 quibusvis
1685 2715 1914 2755 occurrentiis
1933 2712 2211 2754 corroboraturi.

274 2760 454 2812 Neofladii
479 2763 560 2801 ‘Die
576 2774 632 2811 27.
649 2765 825 2816 ‘Januarit'
837 2767 945 2807 Anno
963 2766 1063 2816 1678.
1385 2767 1388 2771 “

317 2860 578 2929 Leopoldus
593 2895 607 2908 .

1679 2974 1967 3034 Chrssopborus
2001 2975 2120 3022 Abale
2135 2983 2150 3023 .‘

274 3107 356 3146 Alia
381 3109 425 3146 ad
453 3107 781 3147 Reverendiffimum
799 3111 935 3148 Patrem
961 3109 1220 3146 Procuratorem
1245 3107 1451 3146 Generalem
1472 3105 1639 3146 Ordinis.

633 3225 1815 3283 LEOPOLDU88oe.

273 3366 575 3411 Supervacaneum
597 3364 695 3412 foret
713 3388 726 3409 ‚
753 3361 856 3400 Vobis
873 3362 1001 3412 flatum
1026 3367 1194 3412 paritatis
1214 3375 1372 3402 votorum
1396 3390 1410 3409 ,
1431 3365 1474 3407 «β’
1491 3365 1677 3414 facultatis
1702 3365 1862 3403 Coenobia
1877 3364 1948 3412 fine
1973 3362 2141 3411 peculiari
2165 3362 2265 3401 Sedis

179 3413 375 3464 Apostolicae
400 3412 541 3449 licentia
565 3412 756 3460 aedificandi
784 3412 874 3459 apud
896 3412 1072 3459 ‘Defunfii
1084 3414 1264 3462 Pontificis
1281 3414 1537 3451 Beatitudinem
1556 3423 1618 3463 per
1640 3412 1718 3452 Αἶας
1739 3414 1840 3448 annis
1851 3411 2087 3461 superioribus
2104 3421 2165 3461 pro
2179 3412 2261 3449 Pro·

177 3464 296 3498 vincia
316 3455 501 3497 ‘Bohemica
511 3485 525 3505 ‚
547 3471 650 3509 atque
662 3460 847 3510 Austriaca
862 3459 1011 3496 Ordinis
1022 3462 1124 3510 vestri
1141 3462 1325 3510 Seraphici
1335 3463 1401 3512 post
1421 3462 1494 3511 ejus
1516 3463 1709 3511 divisionem
1723 3460 1916 3510 sollicitatas
1929 3484 1941 3503 ‚
1959 3459 2264 3509 resolutionisque)

178 3511 221 3546 ab
236 3510 359 3547 Eadem
383 3508 648 3558 desuper.captae
671 3509 864 3557 recensere,
891 3509 953 3555 qui
973 3510 1108 3545 uberem
1129 3513 1235 3547 totius
1258 3511 1310 3547 rei
1329 3510 1504 3560 successus
1529 3511 1652 3548 tenetis
1676 3510 1860 3549 notitiam3
1886 3516 1991 3555 quare
2007 3509 2113 3546 multa*
2134 3509 2262 3555 negotii

178 3557 371 3595 dedufiiione
378 3557 636 3605 supersedentes
647 3580 661 3601 ,
688 3555 792 3594 Vobis
807 3557 846 3591 id
855 3556 965 3604 solum
977 3557 1205 3605 significamus
1220 3583 1232 3602 ‚
1258 3559 1346 3607 quod
1365 3560 1498 3609 causam
1518 3559 1606 3594 hanc
1615 3583 1630 3603 ,
1651 3559 1749 3608 cujus
1763 3556 2004 3595 Proteffttonem
2019 3559 2057 3592 in
2075 3555 2152 3596 Νος
2161 3555 2259 3605 plene

170 3605 374 3653 suscepimus
387 3629 398 3648 ,
418 3605 527 3641 denuo
550 3606 753 3654 resuscitare
770 3606 1043 3649 decreverimus,
1068 3608 1110 3647 (ς’
1134 3607 1238 3655 juxta
1251 3608 1477 3645 intentionem
1497 3605 1639 3655 nostram
1661 3606 1834 3655 definitam
1847 3605 2043 3653 cupiamus,
2065 3616 2204 3652 eumque
2222 3604 2260 3638 in

169 3652 275 3699 finem
289 3654 512 3689 Sanfflcatem
525 3656 633 3691 Suam
653 3654 786 3691 intense
809 3653 1028 3701 obtestamur,
1055 3664 1096 3690 ut
1111 3656 1337 3692 Provinciam
1357 3655 1462 3692 hance
1482 3654 1571 3692 nulli
1584 3654 1687 3692 alteri
1699 3654 1917 3697 Provincia,
1937 3653 2000 3702 seu
2023 3655 2181 3695 virtute,
2197 3651 2260 3698 seu

173 3702 302 3748 pietate
315 3724 327 3743 ‚
347 3702 408 3748 seu
421 3703 522 3737 etiam
535 3704 616 3738 vita*
626 3704 798 3751 probitate
818 3702 1015 3747 infleriorem
1029 3726 1041 3746 ‚
1051 3703 1084 3750 fi
1101 3715 1168 3738 non
1174 3703 1384 3751 superiorem
1401 3727 1414 3746 ,
1438 3704 1551 3752 quoad
1557 3702 1716 3751 praedicta
1730 3702 1795 3738 duo
1812 3701 1948 3749 puniia,
1961 3700 2171 3750 reliquarum
2186 3696 2249 3738 Na

177 3750 307 3786 tionum
320 3748 517 3786 Provinciis
541 3750 715 3789 illimitate
729 3749 872 3799 concessa
882 3774 894 3794 ‚
900 3758 1020 3799 parem
1051 3751 1174 3788 babere
1200 3752 1431 3802 digitareturg
1458 3752 1503 3789 ad
1526 3751 1616 3799 quod
1641 3750 1837 3800 desiderium
1861 3748 2005 3800 nostrum
2029 3747 2262 3801 aJJequendum

274 3796 364 3833 Tom.
383 3794 444 3842 IV.
1488 3800 1522 3837 C
1550 3809 1570 3834 2
2149 3806 2223 3832 cum
