2658 4256
498 181 534 209 ἡ
1009 211 1015 213 ¹
1115 214 1117 216 r
1291 188 1296 191 ,
1463 193 1480 214 ·.
1580 182 1582 184 .
1635 195 1648 210 ο

455 223 564 305 9ω
1079 185 1717 276 <Provincia

496 328 674 369 Personae,
697 327 754 362 seu
769 327 917 362 membra
936 349 947 369 ,
971 336 1044 372 quoe
1065 324 1229 370 Equestre
1250 323 1391 369 Corpus
1421 326 1456 356 in
1472 321 1532 355 suo
1552 321 1722 369 principio
1756 321 1965 367 formarunt,
1994 324 2212 370 primsefuere
2226 324 2461 372 Nobilitasiss'

395 380 430 416 St
445 377 640 426 sequentia:
670 375 825 413 Marchio
843 375 990 422 spinula
1004 398 1017 417 ,
1048 376 1130 410 Dux
1146 373 1299 407 Humalz
1317 395 1330 414 ,
1356 372 1484 425 Comes
1508 369 1552 405 de
1580 370 1728 415 Egmont
1744 395 1756 415 ,
1786 373 1946 417 Princeps
1970 374 2011 407 de
2029 375 2161 425 Pinoy,
2186 380 2268 415 Dux
2286 380 2439 417 Arscotti
2453 405 2463 422 .

399 429 560 472 Princeps
574 426 720 470 Chimay
732 447 744 466 ,
774 424 933 470 Princeps
952 423 994 458 di,-
1011 421 1207 457 ssarbanson
1223 444 1235 462 ‚
1252 421 1333 455 Dux
1351 419 1535 454 Bonavullae
1556 443 1569 461 ,
1593 420 1723 462 Comes
1734 421 1776 455 de
1791 423 1957 459 Salazar3
1989 423 2140 470 Domuus
2159 427 2306 463 Diducus
2325 428 2463 472 Meffia,

398 476 559 513 Marchio
576 475 617 508 de
636 474 746 509 Mami
763 495 777 515 ,
807 472 963 507 Mau-chio
989 472 1030 506 de
1054 469 1228 507 Belvedon
1249 492 1262 511 ‚
1286 468 1415 503 Comes
1442 465 1594 514 joannes
1617 468 1657 504 de
1678 469 1801 504 Naffau
1817 493 1829 512 ‚
1856 471 1984 504 Comes
2010 470 2052 505 de
2068 469 2215 514 osteum„
2230 476 2359 513 Comes
2389 479 2465 514 da,

397 525 518 561 Vertin
534 548 545 566 ,
571 522 699 557 Comes
725 520 766 556 de
791 518 943 567 lfinghen
957 543 971 563 ‚
995 519 1124 554 Comes
1150 516 1190 552 de
1219 517 1424 560 Meldeburg
1442 541 1447 551 ,
1474 515 1601 552 Comes
1631 517 1748 553 Bonus
1770 517 1811 552 de
1833 517 2007 554 Mansfeld
2022 543 2033 559 ,
2056 518 2185 556 Comes
2206 522 2248 560 de
2270 524 2467 572 Noyelles,

399 573 531 609 Comes
544 571 583 607 de
603 569 781 613 Seneghen
794 593 806 613 ,
834 569 963 604 Comes
984 566 1159 604 Ostavius
1178 564 1386 602 vicecomes
1400 587 1413 606 ‚
1441 565 1602 600 Domnus
1620 565 1738 601 Petrus
1758 565 2060 610 Aldobrandinus‚
2088 567 2269 606 Comesde
2287 572 2463 619 lsenburg,

398 621 528 656 Comes
553 619 594 655 de
612 617 763 653 Embden
783 644 794 660 ,
818 618 948 653 Comes
972 617 1013 651 de
1031 617 1139 651 Raux
1156 637 1169 654 ,
1200 616 1358 649 Domnus
1379 612 1526 660 Joannes
1552 614 1678 649 Claros
1698 642 1702 650 ,
1728 615 1843 650 Frater
1872 616 1976 651 Ducis
1999 614 2148 651 Medium
2171 617 2320 656 Sidonia
2346 643 2357 662 ‚
2386 623 2463 658 Do.

399 680 495 704 mnus
516 667 695 703 Gonzales
723 665 888 702 Corduba
904 690 914 705 ,
941 666 1101 700 Domnus
1125 662 1330 699 Vincentius
1356 662 1535 703 Pimentil,
1564 672 1608 696 ex
1620 662 1821 706 Comitibus
1844 664 2056 707 Beneventi,
2075 665 2279 707 Comes,de
2302 669 2456 714 Tou-es,

398 718 526 751 Comes
549 717 590 750 (le
606 715 734 750 Marles
748 738 760 758 ,
786 715 919 750 Comes
944 712 984 748 de
996 713 1172 761 Comigny
1184 736 1196 754 ,
1221 713 1350 748 Comes
1367 710 1538 744 Camillus
1553 708 1739 757 Bevilaqua
1754 735 1766 754 ,
1796 714 1840 748 1).
1859 713 2092 761 Hieronymus
2110 714 2319 757 Aragonius,
2330 728 2373 754 ex
2389 719 2465 754 Du·

397 763 492 800 cibus
508 766 623 801 Terrae
639 774 738 798 nova:
753 786 766 805 ‚
791 762 881 798 Baro
902 761 944 797 de
966 761 1127 801 Balasom
1155 761 1244 796 ssaro
1270 760 1313 794 de
1329 758 1493 793 Mariam&
1512 780 1524 798 ‚
1553 759 1601 793 D.
1613 759 1757 802 loannes
1782 760 1984 806 Mediceus‚
2013 763 2058 798 Ο.
2079 761 2249 798 Camillus
2277 763 2318 800 de
2335 763 2476 802 Monti-

400 813 465 849 bus
478 838 488 855 ,
516 814 563 848 D.
577 810 778 848 Franciscus
793 810 931 847 Medius
944 833 957 855 ,
983 811 1030 845 D.
1045 810 1087 846 de
1103 811 1238 854 ltagnes
1249 833 1262 853 ‚
1285 807 1320 842 &
1340 806 1471 842 Hefftot
1493 805 1677 845 Generalis
1691 809 1754 846 &a

494 920 610 956 flnem
636 915 777 963 gloriofi
799 917 923 955 Coetsss
943 916 1116 965 explicant
1128 918 1217 961 leges
1237 913 1418 953 &articuli
1433 911 1644 962 praescripti,
1669 925 1704 951 ut
1721 915 1891 963 sequitur.

499 1026 526 1063 I.
575 1024 861 1076 Qandoquidem
875 1024 947 1073 suae
958 1024 1166 1074 sereniffimae
1181 1020 1383 1072 Celsitudini
1401 1021 1545 1070 lsabellae
1559 1020 1671 1059 Clara
1686 1022 1837 1072 Eugenif
1858 1024 1934 1066 &c.
1950 1023 2042 1061 nihil
2051 1034 2123 1062 tam
2135 1025 2174 1061 in
2186 1035 2264 1064 voto
2268 1026 2314 1076 fit
2325 1051 2340 1073 ,
2354 1027 2470 1077 quami

399 1085 440 1113 ut
455 1076 666 1124 praegrandis
688 1073 748 1109 illa
773 1073 906 1110 devotio
921 1097 935 1118 ‚
960 1085 1032 1122 quae
1045 1083 1149 1109 totam
1169 1072 1256 1107 hanc
1271 1071 1388 1108 urbem
1404 1071 1561 1119 perfudit
1573 1095 1586 1114 ‚
1606 1079 1669 1119 per
1694 1082 1753 1116 40.
1777 1072 1938 1109 horarum
1952 1073 2154 1112 Orationem
2170 1077 2277 1123 magis
2301 1086 2471 1125 augeatur
2536 1079 2541 1082 '

398 1125 444 1161 ad
464 1126 619 1173 majorem
638 1121 793 1169 crucifixi
813 1121 899 1170 ffesu
920 1121 1067 1168 gloriam
1081 1145 1093 1164 ,
1119 1119 1373 1167 utilitatemque
1393 1120 1587 1155 animarum
1601 1142 1613 1162 ‚
1637 1119 1710 1168 ejus
1730 1121 1946 1169 pretiosiffimo
1962 1122 2135 1169 sanguine
2159 1124 2440 1172 redemptorum-e
2459 1137 2471 1161 z

393 1173 528 1222 placuit
544 1174 658 1210 Eidem
671 1173 734 1209 toti
754 1170 878 1207 mundo
898 1168 1111 1219 manifestare
1124 1168 1196 1218 sese
1213 1167 1387 1206 Tutricem
1413 1179 1453 1203 ac
1468 1167 1707 1206 Prote‘ciricem
1731 1168 1868 1219 existere
1882 1169 1984 1219 hujus
1998 1169 2196 1218 sodalitatis
2218 1182 2288 1210 tam
2302 1172 2469 1210 nobilium

399 1221 610 1271 ‘Principum
626 1234 664 1257 ac
682 1219 886 1267 Magnatum
898 1242 909 1253 .
2086 1250 2088 1252 ,

494 1270 539 1306 ΙΙ.
588 1271 701 1317 vtque
719 1267 785 1305 haec
803 1267 957 1304 Societas
969 1266 1038 1315 sua
1060 1265 1273 1304 authoritate
1299 1263 1417 1302 valeat
1434 1263 1593 1313 populum
1616 1264 1723 1312 magis
1745 1276 1947 1303 commovere
1964 1288 1978 1309 ‚
2002 1267 2046 1308 ὼ·
2062 1267 2108 1304 ad
2131 1267 2288 1317 majorem
2314 1265 2468 1306 devoir«,-

399 1329 474 1354 nem
488 1319 667 1355 accendere
679 1341 692 1360 ‚
719 1327 785 1352 non
795 1314 856 1352 alii
872 1315 1004 1365 posthac
1025 1315 1254 1354 admittentur
1266 1314 1312 1351 ad
1325 1315 1529 1351 Societatem
1543 1313 1636 1350 illam
1651 1337 1665 1358 ,
1689 1313 1789 1361 quam
1808 1314 2047 1363 insignioribus
2067 1316 2186 1353 titulis
2207 1315 2438 1364 praecellentes
2453 1339 2468 1362 2

397 1366 506 1404 veluti
520 1368 723 1415 Magnatum
732 1364 859 1414 soboles
872 1388 885 1408 ,
903 1365 1129 1413 germanique
1151 1363 1290 1400 Fratres
1302 1361 1439 1399 velleris
1458 1364 1582 1406 aurei,
1607 1362 1721 1399 domas
1734 1364 1835 1411 regia
1849 1364 2042 1413 Praepositi,
2073 1363 2227 1402 Tribuni
2232 1365 2385 1414 supremi
2399 1367 2448 1404 mi
2454 1385 2471 1395 -

397 1414 497 1452 litum
510 1439 523 1459 ‚
538 1415 609 1464 five
623 1439 636 1457 ,
655 1415 777 1462 quibus
790 1413 980 1463 praecellens
993 1412 1146 1460 ‘locorum
1161 1412 1307 1461 custodia
1321 1410 1369 1459 est
1381 1411 1625 1449 commendata.

491 1464 554 1500 111.
601 1462 749 1504 Placet,
772 1471 812 1499 ut
827 1461 893 1498 haec
907 1463 1059 1499 Societas
1069 1461 1114 1496 ad
1128 1471 1304 1497 numerum
1320 1467 1376 1503 40.
1404 1459 1580 1506 ascendere
1597 1459 1735 1504 valeat,
1761 1470 1834 1497 tum
1858 1461 1948 1509 quod
1961 1460 2122 1499 nu'merus
2145 1461 2200 1498 hic
2215 1462 2404 1515 mysterium
2421 1460 2462 1498 in

392 1511 432 1560 se
455 1513 576 1549 babeat
588 1537 601 1557 ‚
627 1510 959 1558 conformitatemque
983 1521 1058 1547 cum
1071 1522 1130 1557 40.
1148 1509 1266 1548 horis;
1292 1506 1414 1543 deinde
1428 1507 1517 1555 quod
1551 1507 1699 1556 afficiens
1721 1509 1882 1547 videatur
1898 1534 1908 1549 ,
1933 1511 2061 1559 etiamst
2070 1519 2231 1548 occurrat
2245 1511 2378 1560 aliquos
2385 1511 2464 1560 fore

400 1561 549 1608 absentes
563 1584 576 1604 ,
599 1570 673 1597 cum
694 1582 707 1602 ‚
731 1558 856 1606 etiamsi
866 1558 1046 1606 adfuerint
1058 1569 1165 1594 omnes
1180 1581 1194 1601 ,
1218 1558 1312 1599 erit,
1334 1555 1494 1603 quomodo
1524 1568 1577 1591 me
1599 1556 1782 1606 confufione
1806 1558 2048 1605 impendantur
2071 1584 2081 1595 .

494 1606 557 1646 IV.
608 1609 779 1645 Intentum
795 1615 907 1642 autem
928 1605 1029 1654 hujus
1045 1605 1330 1652 Congregationis
1340 1605 1409 1641 erit
1422 1628 1435 1648 ‚
1450 1603 1628 1641 ‘Patribus
1643 1605 1829 1654 Capua-inis
1849 1605 1962 1656 praesto
1975 1605 2034 1657 effe
2044 1632 2057 1653 ,
2071 1616 2242 1655 quatenus
2267 1608 2306 1643 in
2309 1606 2458 1656 singulos

394 1669 503 1694 annos
531 1656 700 1694 celebrare
720 1653 860 1691 valeant
875 1654 1076 1692 Orationem
1102 1664 1162 1699 40.
1178 1654 1339 1690 horarum
1353 1676 1366 1696 ,
1391 1652 1483 1689 moda
1497 1653 1540 1694 &n
1554 1652 1670 1701 forma
1679 1677 1692 1699 ,
1713 1655 1838 1702 quibus
1866 1654 1925 1690 hoc
1950 1667 2039 1692 anno
2055 1655 2225 1694 celebrata
2243 1656 2321 1704 suit
2333 1669 2347 1697 3
2371 1657 2460 1703 quin

395 1705 459 1742 inu)
473 1706 505 1755 si
519 1705 637 1754 aliqua
655 1702 831 1752 difficultas
847 1702 918 1751 sese
932 1712 1049 1739 exerat
1064 1728 1077 1744 ,
1102 1701 1161 1739 vel
1181 1701 1314 1749 aliquid
1342 1701 1585 1738 enucleandum
1594 1703 1640 1751 sit
1654 1727 1667 1746 ‚
1690 1703 1857 1752 confilium
1868 1702 2071 1751 sumendum
2099 1703 2120 1740 ἃ
2136 1705 2242 1741 Patre
2256 1704 2459 1742 Guardiano

395 1756 466 1791 erit
477 1780 489 1799 ,
515 1754 573 1792 vel
593 1754 635 1789 ab
650 1752 715 1788 alio
726 1751 867 1799 quodam
879 1751 985 1789 Patre
999 1751 1043 1787 ad
1059 1751 1118 1787 hoc
1135 1751 1294 1799 deputato
1307 1774 1319 1791 ,
1343 1750 1382 1785 in
1395 1762 1491 1797 quem
1528 1762 1600 1787 nem
1612 1751 1721 1792 &illi
1739 1753 2007 1799 Congregatiani
2020 1753 2092 1801 sese
2098 1752 2212 1800 sistent
2224 1777 2234 1788 .

492 1799 535 1840 V.
583 1801 665 1852 Q
684 1800 819 1848 quidem
828 1809 1112 1848 omnes,quotquot
1126 1801 1165 1846 in
1179 1799 1272 1848 vrbe
1286 1798 1476 1835 ‘Bruxellen
1486 1813 1499 1834 ι
1510 1799 1664 1846 fuerint,
1682 1800 1785 1837 tertio
1799 1801 1838 1835 in
1851 1811 1940 1835 anno
1958 1803 2163 1837 convenient
2177 1801 2222 1836 ad
2235 1802 2452 1839 Conventnm

389 1850 623 1900 praediffarum
648 1849 793 1887 patrum
815 1849 1064 1896 Capucinorum
1075 1873 1089 1891 ,
1110 1849 1225 1895 prima
1249 1846 1453 1884 hebdomada
1473 1844 1675 1886 Adventus
1691 1874 1704 1892 ,
1727 1848 1784 1885 die
1807 1849 2029 1898 conversionis
2062 1850 2103 1887 S.
2122 1847 2252 1892 Pauli,
2277 1850 2320 1891 ὼ·
2341 1850 2460 1897 prima

396 1899 601 1938 hebdomada
619 1896 869 1946 quadragesima
884 1920 897 1939 ,
922 1897 1045 1944 quibus
1064 1896 1182 1933 diebus
1192 1895 1320 1943 finguli
1334 1897 1632 1934 communicabunt
1646 1921 1658 1940 ‚
1671 1896 1801 1945 fietque
1820 1898 1869 1933 eis
1881 1898 1994 1933 concio
2012 1898 2219 1938 conveniens
2234 1922 2244 1934 .

491 1945 552 1984 Vl.
601 1945 792 1984 Habebunt
807 1956 924 1981 curam
939 1945 1142 1982 Direezores
1155 1945 1300 1995 singulis
1315 1943 1511 1994 significare
1529 1945 1616 1982 diem
1630 1945 1913 1994 Congregationis
1934 1946 2068 1994 futurae
2096 1970 2109 1990 ‚
2133 1957 2316 1994 rerumque
2336 1957 2463 1994 geren-

393 1995 516 2033 darum
530 2008 543 2037 ;
569 1995 659 2044 quod
675 1994 708 2045 fi
717 1993 862 2044 aliquem
877 2004 990 2032 eorum
1006 1991 1109 2048 abeffe
1120 1995 1305 2043 contigerit
1319 2017 1332 2039 ,
1345 1993 1598 2046 fignificabitur
1612 1993 1859 2032 ‘Direfioribus
1872 2018 1885 2040 ,
1899 2005 2068 2043 quatenus
2089 1996 2162 2045 ejus
2184 1994 2254 2032 loco
2269 1995 2358 2033 alius
2372 1993 2462 2043 sub·

394 2055 433 2080 ro
458 2055 536 2082 etur
561 2071 569 2080 .
1436 2064 1438 2066 v

395 2097 397 2099 ’
429 2057 456 2092 g
495 2089 577 2131 VII.
627 2091 670 2129 In
690 2091 742 2128 his
761 2089 874 2128 tribus
891 2090 1221 2139 Congregationibus
1234 2091 1437 2141 solummodo
1455 2089 1591 2130 licit'um
1610 2094 1680 2131 erit
1703 2092 1835 2141 aliquos
1858 2092 2042 2130 admittere
2069 2104 2147 2132 voce
2172 2102 2285 2130 tamen
2299 2090 2438 2139 ficretd
2448 2115 2461 2137 ,

391 2141 601 2190 quiquidem
623 2140 644 2179 ἃ
658 2138 892 2177 Βίνεδῖονίὸιις
910 2146 1144 2224 pr‘qponentur
1158 2162 1171 2184 ‚
1185 2140 1230 2189 stc
1248 2150 1360 2177 tamen
1371 2163 1385 2184 ‚
1400 2150 1442 2178 ut
1456 2143 1689 2180 admittantur
1713 2154 1788 2181 cum
1798 2140 1988 2192 Suffragh‘s
2006 2143 2146 2192 majoris
2157 2142 2272 2192 partis
2293 2137 2430 2176 illorum
2442 2149 2465 2186 ·‚

393 2190 455 2238 qui
478 2199 560 2227 tunc
574 2188 614 2225 in
637 2188 772 2235 Gangre
796 2188 910 2224 atione
931 2199 952 2223 a
969 2188 1135 2236 fuerint.

491 2235 593 2277 VIII.
641 2237 758 2283 Singu
772 2236 804 2270 is*
819 2237 921 2272 annis
940 2238 1054 2288 prima
1082 2236 1216 2289 Congre
1241 2236 1356 2274 atione
1379 2235 1551 2284 eligentur
1579 2237 1645 2274 duo
1674 2238 1878 2275 ‘Direfia'res
1908 2249 1990 2277 voce
2006 2238 2142 2286 secreta
2168 2265 2178 2281 ‚
2204 2240 2263 2276 cui
2281 2238 2325 2279 ὠ·
2347 2238 2463 2274 coeteri

392 2285 549 2323 obedient
571 2286 611 2323 in
630 2284 825 2321 executione
847 2293 985 2329 eorum,
1033 2296 1084 2322 uae
1112 2247 1369 2330 mandagbuntur
1389 2283 1530 2336 cefficnte
1552 2288 1643 2322 omni
1661 2286 1846 2335 privilegio
1866 2289 2114 2337 anteceffionis‚
2140 2287 2244 2335 idque
2260 2287 2300 2321 in
2322 2286 2465 2323 comde-

394 2335 561 2371 rationem
585 2332 791 2372 humilitatis
808 2331 960 2380 paffionis
979 2333 1012 2370 C
1033 2333 1106 2383 risti
1120 2333 1208 2384 ‘Jesu
1231 2334 1384 2382 crucifixi
1396 2360 1410 2378 ,
1434 2345 1534 2382 quam
1554 2334 1721 2384 pra-cipue
1756 2334 1823 2372 tali
1849 2336 1889 2369 in
1913 2337 2083 2380 occasione
2112 2345 2280 2373 tenentur
2299 2342 2344 2383 pr

395 2382 625 2431 Confratres;
650 2392 752 2428 eoque
766 2384 873 2427 magis
886 2406 897 2422 ,
923 2381 1012 2428 quod
1026 2382 1095 2430 sub
1114 2382 1318 2430 proteiiione
1333 2381 1521 2431 ‘Beatiffimi
1545 2395 1586 2420 ac
1601 2383 1784 2431 Serapbici
1805 2383 1847 2422 P.
1864 2380 2038 2432 Francisci
2061 2386 2234 2422 militent.

491 2429 558 2467 IX.
609 2429 652 2469 In
665 2428 816 2477 secunda
840 2437 953 2465 autem
967 2429 1241 2480 Congregatione
1256 2438 1378 2478 agetur
1397 2432 1439 2468 de
1452 2431 1596 2476 ordine,
1616 2433 1678 2480 qui
1689 2431 1862 2471 habendus
1882 2434 1953 2469 erit
1972 2435 2012 2469 in
2037 2433 2261 2471 celebratione
2275 2443 2334 2480 4⁰·
2359 2431 2464 2468 hora-⁴

394 2491 472 2516 rum
490 2505 499 2520 ‚
525 2477 610 2527 quid
632 2476 673 2513 de
684 2475 855 2526 parochiis
877 2476 1118 2524 disponendum
1133 2479 1206 2529 ἐπ’.
1234 2479 1316 2518 item
1337 2479 1492 2526 qualiter
1517 2479 1693 2529 officiafint
1715 2479 1917 2530 defignanda
1934 2494 1944 2521 3
1971 2483 2130 2530 quomodo
2154 2481 2241 2518 hora
2250 2480 2461 2531 partienda,

395 2528 439 2569 ᾤ’
461 2537 582 2565 caetera
605 2523 811 2573 disponenda
825 2549 834 2564 .
859 2524 898 2559 in
916 2536 1013 2572 quern
1017 2524 1122 2572 finem
1144 2528 1250 2564 etiam
1275 2527 1349 2567 ῬΡ.
1371 2529 1544 2577 Capacini
1562 2528 1797 2576 providebunt
1817 2530 1858 2566 de
1875 2530 2164 2568 Praedicatoribus
2182 2555 2193 2566 .

441 2625 451 2634 θ
494 2575 541 2612 Χ.
570 2624 579 2633 .
592 2571 868 2671 lefii'aliqui
880 2571 1037 2623 sumptus
1054 2574 1212 2626 faciendi
1221 2576 1292 2629 fint
1304 2602 1317 2623 ,
1341 2576 1521 2626 nullusque
1543 2577 1629 2615 velit
1648 2588 1700 2614 eos
1713 2578 1753 2613 in
1765 2579 1806 2627 se
1829 2579 1989 2631 affumere
2003 2580 2041 2614 in
2050 2579 2265 2628 particulari
2275 2603 2289 2624 ,
2314 2578 2458 2627 aqualis

395 2634 467 2663 erit
489 2635 636 2661 ommum
672 2633 688 2656 o
703 2632 799 2658 uno.

487 2671 552 2708 XI.
607 2669 838 2707 Orationibus
863 2668 950 2718 hisee
973 2670 1183 2709 durantibus
1208 2674 1410 2723 Confratres
1431 2673 1592 2725 Paffionis
1611 2673 1699 2725 &esu
1724 2674 1853 2729 Christi
1867 2677 2008 2714 Domini
2031 2672 2152 2726 Nostri
2186 2677 2296 2714 eodem
2316 2675 2459 2714 Habitu

388 2730 535 2759 utentur
547 2746 558 2761 2
583 2729 647 2765 (ΜΟ
667 2717 728 2754 10⁰0
755 2728 844 2774 1¹an
860 2742 873 2762 2
898 2717 1040 2775 Habitu
1049 2719 1186 2767 scilieet
1201 2722 1409 2772 Capucinico
1434 2734 1509 2760 cum
1526 2723 1615 2771 fune
1624 2722 1731 2774 graffo
1745 2748 1758 2768 ‚
1777 2725 1945 2776 gestantes
1964 2723 2124 2762 baculum
2147 2727 2187 2761 in
2203 2726 2364 2763 manibus
2378 2731 2459 2762 cru'-

391 2781 427 2806 ce
430 2766 676 2818 superextenta
689 2787 702 2807 ⁵
726 2763 881 2812 nullique
903 2765 1038 2803 licitum
1052 2769 1123 2807 erit
1140 2774 1364 2810 mutationem
1385 2770 1538 2819 aliquam
1559 2771 1723 2809 inducere
1737 2800 1745 2809 .

400 2852 403 2853 γ
489 2814 573 2854 Xll.
621 2813 886 2870 Procurandum
906 2813 952 2863 est
953 2814 1098 2862 singulis
1119 2820 1222 2855 annis
1247 2829 1326 2870 opus
1350 2819 1517 2870 quoddam
1527 2821 1625 2870 pium
1633 2819 1834 2868 singulare,
1860 2821 1971 2859 veluti
1992 2831 2185 2859 carceratos
2203 2820 2336 2872 aliquos
2365 2823 2462 2861 redi·

395 2877 484 2903 mere
500 2889 512 2909 ‚
537 2862 704 2910 orphanas
729 2869 900 2898 maritare
916 2862 990 2903 &a
1528 2872 1531 2874 ·

491 2910 593 2950 xm.
643 2910 684 2946 Si
710 2910 786 2967 quis
808 2919 853 2947 ex
862 2908 1034 2957 praedietis·
1056 2912 1305 2962 Confratribus
1331 2918 1372 2957 in
1388 2916 1535 2954 Domino
1555 2915 1785 2961 dormierint,
1807 2919 1923 2957 caeteri
1940 2899 2143 2969 finguldtim
2166 2927 2238 2955 tres
2251 2917 2372 2971 Msffn
2389 2928 2455 2970 ppo

391 2963 506 3001 anima
529 2957 680 3009 defunfit
715 2958 784 2996 dm
808 2958 1005 2997 curabunt.

2403 2334 2456 2371 m·

488 3057 542 3097 Εκ
562 3053 814 3106 Manuscriptis
835 3055 875 3095 in
890 3054 1065 3095 ‹Archtvo
1078 3057 1278 3108 Provincia
1289 3057 1495 3113 affervati'si

2284 3821 2409 3859 Menae
