2658 4256
318 388 404 427 tem
424 385 460 428 in
479 383 707 429 Palatinam
723 413 737 438 ,
760 386 799 428 &
812 398 934 429 unum
955 383 1130 428 Eustadii
1148 382 1236 427 loca
1251 386 1320 428 ha-

320 449 394 491 bet
409 472 424 495 ,
450 446 500 487 ad
523 444 760 498 Capitulum
782 443 989 488 Generale
1013 443 1187 498 ejusdem
1202 446 1321 486 Ordi-

319 508 382 549 nis
402 503 471 545 die
488 515 569 545 xvi
584 515 616 544 ι.
638 501 734 559 Maji
758 501 932 559 ejusdem
957 503 1048 544 anni
1070 502 1324 546 celebratum

320 560 628 608 examinandum
663 561 938 604 remififfemus
968 589 982 611 ,
1012 561 1146 618 ibique
1172 560 1321 603 auditis

320 625 414 666 hinc
444 619 536 663 inde
554 621 740 662 Fratrum
762 629 846 662 tam
869 624 1114 663 Bavarorum
1129 649 1142 672 ‚
1170 621 1320 676 quim-0

320 685 570 725 Francorum
593 676 705 733 super
731 678 924 722 divisione
938 676 1162 734 hujusmodi
1189 680 1238 720 ab
1261 682 1320 721 eis

317 737 519 796 postulata
539 737 824 792 petitionibuS,
855 737 1068 779 decretum
1090 735 1245 786 suisset,
1277 746 1323 780 ut

318 793 833 842 CommiffariusGeneralis
845 796 894 838 ad
904 793 985 837 dict
993 809 1055 836 arn
1068 797 1320 838 Provinciam

319 857 587 911 deputaretur
600 882 613 904 ,
630 855 696 910 qui
720 853 836 910 super
850 854 954 895 dieta
969 852 1165 896 divisione
1180 869 1320 897 omncs

318 914 500 972 ejusdem
531 911 751 955 Provinciae
767 909 990 966 Religiosos
1007 912 1190 965 audiret,
1206 915 1321 956 Prin-

320 978 459 1029 cipum
475 998 488 1020 ,
518 984 563 1013 ac
585 971 828 1026 populorum
846 969 973 1012 sensus
990 971 1219 1025 exploraret
1237 998 1251 1020 ,
1282 973 1322 1013 δι

315 1029 523 1075 divifionis
537 1027 760 1086 hujusmodi
777 1028 1043 1072 neceffitatem
1059 1030 1320 1081 examinaret,

315 1104 366 1134 ac
391 1116 406 1140 ,
436 1097 634 1145 quatenus
667 1100 713 1128 ea
742 1087 883 1130 evitari
908 1100 990 1129 non
1019 1088 1145 1143 poffet
1168 1116 1182 1140 ,
1215 1088 1322 1131 illius

317 1145 485 1191 modum
510 1144 733 1187 &formam
747 1175 762 1196 ,
790 1144 1046 1200 membraque
1070 1148 1109 1187 &
1122 1144 1292 1191 confinia
1305 1177 1321 1198 ,

316 1220 366 1251 ac
380 1204 517 1249 omnia
531 1203 580 1246 ad
594 1217 759 1256 pacem,
774 1204 1100 1260 charitatemque
1115 1204 1220 1247 inter
1233 1220 1320 1260 par·

316 1276 381 1309 tes
409 1259 553 1306 divisas
584 1258 820 1303 servandam
849 1260 1150 1315 conducentia,
1183 1263 1320 1308 sedulo

316 1323 544 1366 discuteret
557 1345 572 1368 ,
604 1318 847 1374 illorumque
861 1319 1102 1364 relationem
1116 1336 1208 1364 cum
1222 1332 1320 1364 voto

316 1381 387 1423 suo
399 1376 630 1421 consultivo
652 1377 703 1419 ad
730 1378 830 1419 hanc
848 1378 1006 1421 Almam
1025 1381 1176 1431 Urbem
1192 1380 1318 1424 trans-

315 1438 500 1482 mitteret
525 1464 542 1487 ,
571 1434 739 1478 dilectus
771 1435 892 1478 etiam
922 1437 1042 1480 Filius
1074 1439 1274 1481 Antonius
1295 1440 1319 1482 ὲ

314 1495 604 1549 Cramburgo,
633 1494 1010 1550 ProvinciaeStyriae
1025 1508 1120 1539 tunc
1138 1497 1318 1540 Minister

313 1552 610 1600 Provincialis,
640 1554 678 1593 &
707 1552 868 1595 actualis
890 1552 1089 1597 Definitor
1102 1555 1318 1598 Generalis

315 1610 609 1663 mestitudinis,
621 1609 672 1653 ad
686 1608 881 1665 ejusmodi
898 1612 1164 1655 Commiffarii
1180 1617 1318 1656 Gene-

315 1672 414 1715 ralis
443 1682 586 1711 munus
602 1698 616 1722 ,
644 1679 816 1724 utraque
843 1679 959 1725 parte
983 1669 1105 1725 ipsum
1122 1672 1318 1714 unanimi-

315 1741 379 1773 ter
394 1737 563 1784 petente
576 1730 616 1770 δι
629 1738 866 1782 acceptante
877 1756 891 1777 ,
917 1726 1202 1782 deputatus,ad
1222 1734 1318 1774 Pro-

255 1815 257 1818 .
315 1787 492 1832 vinciam
505 1786 731 1842 praedifitam
746 1784 878 1829 missus
894 1813 907 1837 ,
944 1788 1112 1840 peractis
1126 1790 1204 1838 ibi,
1232 1804 1319 1845 quae

311 1845 381 1904 ipsi
407 1844 629 1902 peragenda
657 1855 798 1895 erant,
827 1844 1046 1899 apertaque
1068 1848 1182 1902 super
1206 1847 1316 1901 ipsa..

311 1903 509 1948 divifione
530 1903 656 1947 animi
670 1901 723 1945 sui
745 1900 962 1950 sententia,
977 1917 1066 1945 eam
1089 1915 1172 1948 tum
1199 1919 1319 1961 prop-

312 1973 380 2006 ter
392 1963 507 2006 diaae
528 1961 750 2006 Provinciae
770 1959 1075 2016 amplitudinem
1090 1990 1105 2013 ,
1132 1965 1186 2005 ob
1203 1977 1321 2019 quam

311 2023 422 2065 illius
445 2020 619 2064 vifitatio
635 2021 784 2070 toties,
816 2018 975 2075 quoties
999 2020 1020 2061 ἃ
1051 2022 1322 2064 Constitutio-

312 2082 431 2124 nibus
455 2077 719 2135 praescribitur
742 2108 756 2128 ,
795 2078 865 2120 uni
891 2078 1077 2121 Ministro
1116 2081 1324 2124 Provinci-

311 2139 366 2181 ali
393 2137 502 2180 ultra
525 2137 687 2179 modum
716 2135 916 2187 difficilis,
940 2136 1023 2177 imo
1049 2140 1168 2181 etiam
1185 2138 1324 2194 impos-‘-

309 2196 436 2240 sibilis
462 2193 681 2245 redditur,
711 2205 798 2236 tum
822 2195 877 2236 ob
901 2195 996 2238 alias
1013 2211 1182 2252 graves,
1208 2200 1247 2239 δι
1263 2213 1324 2242 ra-

318 2254 536 2298 tionabiles
555 2250 688 2296 causas
703 2266 785 2294 non
801 2254 959 2295 tantum
974 2255 1320 2305 bonam&utilem,

310 2313 454 2359 verum
468 2313 590 2355 etiam
605 2309 769 2354 omnino
796 2309 1053 2356 necess‘ariam
1069 2315 1144 2358 esse
1160 2344 1174 2367 ,
1205 2314 1316 2358 ideo-

310 2386 391 2427 que
417 2370 619 2427 utriusque
638 2369 764 2424 partis
789 2379 871 2412 tam
899 2370 1100 2416 Bavaricae
1120 2403 1137 2426 ,
1163 2375 1321 2430 quartu

307 2427 568 2474 Franconicae
604 2427 821 2483 praecipuos
848 2428 1087 2484 Superiores
1110 2461 1124 2483 ,
1154 2434 1194 2474 &
1223 2435 1318 2475 Fra-

308 2498 398 2532 tres
421 2485 694 2542 collegialiter
721 2496 990 2542 congregatos
1024 2491 1318 2543 amicabiliter,

309 2549 353 2590 δε
380 2543 645 2590 concorditer
669 2542 899 2586 convenisse
914 2574 930 2597 ,
960 2557 1007 2588 ut
1032 2547 1193 2604 praefata
1216 2551 1319 2591 Pro·

309 2605 447 2649 vincia
461 2604 517 2646 ita
544 2602 583 2645 in
599 2600 697 2643 duas
722 2601 954 2656 dividatur,
981 2615 1026 2648 ut
1054 2621 1130 2650 una
1152 2608 1317 2663 quidem

308 2663 382 2708 sub
400 2661 556 2718 priori,
587 2660 626 2701 δι
651 2659 815 2714 pristino
837 2664 1000 2705 nomine
1029 2667 1205 2709 Bavariae
1225 2695 1240 2718 ,
1270 2680 1315 2707 ac

309 2721 438 2767 titulo
473 2720 512 2761 δι
539 2716 684 2771 sigillo
709 2718 937 2762 Beatiffimae
965 2722 1143 2779 Virginis
1177 2726 1316 2768 Maria:

309 2780 542 2832 Oetinganae
564 2778 1008 2832 nuncupatae‚quaedam
1040 2785 1315 2826 nominatim.)

308 2837 513 2892 defignata
526 2835 566 2876 &
577 2830 754 2889 expreffa
769 2834 913 2877 habeat
925 2864 941 2888 ,
962 2841 1003 2881 δι
1018 2841 1189 2884 retineat
1203 2846 1317 2886 Con·

271 2947 276 2951 ,
309 2909 479 2944 venum,
503 2893 685 2947 Hospitia
705 2920 720 2943 ,
745 2894 787 2934 δι
815 2892 1038 2939 Miffionum
1057 2899 1315 2951 loca,altera

310 2956 413 2998 vero
425 2952 492 2995 sub
505 2952 667 2994 nomine
683 2952 910 2994 Franeoniae
922 2980 936 3004 ,
960 2957 1000 2997 δι
1014 2957 1138 3000 titulo
1152 2987 1168 3008 ,
1193 2972 1241 3001 ac
1256 2959 1319 3000 Si·

313 3012 421 3071 gillo
434 3009 563 3054 Sancti
575 3006 733 3066 Josephi
758 3010 936 3065 quadam
958 3013 1065 3066 alia,
1095 3017 1218 3058 etiam
1245 3030 1317 3059 no-

311 3069 495 3116 minatim
525 3065 729 3125 defignata
747 3068 975 3126 &expressa
1002 3074 1155 3128 pariter
1178 3075 1319 3119 habeat

313 3134 585 3180 Conventus,
619 3129 905 3170 Conventuum
926 3131 1126 3186 fabricas,
1161 3136 1201 3176 δι
1224 3132 1320 3177 Mis-

311 3191 467 3232 ssonum
483 3188 598 3229 loca.
633 3185 761 3228 Porro
772 3186 935 3231 eosdem
958 3191 1164 3248 utriusque
1189 3193 1318 3235 Partis

312 3246 554 3302 Superiores
568 3274 584 3295 ‚
610 3245 652 3286 δι
666 3246 828 3288 Fratres
844 3274 860 3298 ,
878 3260 970 3291 cum
982 3251 1034 3293 de
1049 3253 1086 3293 &
1100 3252 1188 3294 aliis
1203 3254 1318 3294 Con·

312 3306 506 3351 ventibus
536 3303 728 3346 nimirum
757 3304 935 3350 Eustadii
961 3337 976 3359 ,
1007 3312 1319 3362 Donnawertae,

315 3368 358 3409 δι
369 3362 649 3418 Wembdingae
661 3362 864 3405 nonnullis
879 3366 1123 3411 obstantibus
1149 3369 1318 3412 rationi-

316 3425 393 3468 bus
406 3453 422 3475 ,
444 3437 529 3476 quae
544 3420 665 3478 usque
694 3420 743 3463 ad
760 3435 910 3467 novum
926 3427 1166 3482 Capitulum
1180 3431 1318 3471 Gene-

312 3483 403 3534 rale
426 3480 601 3538 ejusdem
628 3479 794 3523 Ordinis
829 3495 936 3525 anno
966 3487 1150 3540 proxime
1183 3484 1320 3530 futuro

314 3539 603 3587 celebrandum
615 3553 693 3582 non
704 3539 989 3593 obstiturae,seu
1002 3543 1028 3586 s
1019 3560 1040 3587 u
1045 3545 1228 3601 perandae
1241 3544 1266 3587 s
1257 3560 1322 3601 pe-

314 3609 460 3647 rantur
473 3628 486 3651 ,
514 3598 721 3642 conveniri
735 3626 750 3649 ,
775 3613 820 3641 ac
837 3599 1000 3645 decerni
1016 3617 1097 3647 non
1113 3604 1318 3660 potuerit,

315 3659 385 3704 eui
411 3673 462 3700 ex
485 3658 639 3701 duabus
653 3658 831 3715 partibus
857 3659 895 3702 in
910 3671 1026 3714 toto,
1054 3663 1118 3705 vel
1145 3663 1186 3705 in
1201 3672 1316 3718 parte

316 3716 571 3773 adjudicandi
587 3716 660 3760 fint
672 3743 688 3764 a
713 3717 1003 3764 resolutionem
1018 3720 1247 3776 hujusmodi
1261 3721 1314 3765 ad

314 3775 604 3821 Definitorium
621 3777 822 3820 Generale
836 3777 1012 3836 ejusdem
1027 3781 1120 3823 novi
1134 3781 1314 3837 Capituli

315 3835 546 3888 Generalis,
560 3833 708 3879 eisdem
733 3837 862 3880 tribus
880 3840 1164 3898 Conventibus
1191 3841 1230 3883 in
1244 3853 1314 3884 eo-

1051 247 1645 337 Provincia

1383 395 1470 424 rum
1496 380 1622 429 statu,
1651 381 1910 437 &subpriori
1936 380 2229 443 iurisdietione,
2259 392 2297 432 &
2325 403 2390 431 re-

1382 440 1530 495 gimine
1546 443 1806 495 ouperiorum
1823 440 1935 483 dieta
1952 444 2166 488 Provinciae
2181 449 2388 491 Bavarieae

1383 501 1534 541 interea
1562 500 1915 553 permanentibus,
1946 501 2134 557 utrinque
2168 507 2387 550 humiliter

1383 555 1564 600 remitiffe
1591 561 1766 608 retulit,
1795 558 1951 615 jamque
1981 572 2028 601 ea
2055 562 2188 604 omnia
2213 563 2260 606 fic
2278 562 2388 607 defi-

1382 627 1502 671 gnata
1515 642 1529 663 ,
1555 618 1595 657 &
1610 615 1792 672 dispolita
1815 618 2099 661 Definitoribus
2117 621 2383 665 Generalibus

1384 675 1477 715 dieti
1494 676 1656 717 Ordinis
1683 678 1719 717 in
1735 675 1838 718 dista
1856 678 1968 718 Urbe
1991 677 2250 720 existentibus
2275 693 2387 721 com-

1385 734 1612 784 municata,
1637 735 1676 774 &
1702 736 1751 774 ab
1764 736 1820 776 eis
1835 737 2054 790 approbata
2079 733 2274 786 suerunt,
2303 751 2388 793 qua:

1382 790 1544 835 uberius
1569 793 1828 835 continentur
1846 795 1883 834 in
1898 793 2069 849 quadam
2085 793 2292 848 Scriptura
2315 795 2388 837 de-

1382 848 1498 905 super
1517 849 1627 892 editfi
1652 849 1674 892 a*
1691 848 1860 905 praefrtis
1888 853 2095 907 utriusque
2114 853 2249 895 Partis
2267 856 2389 908 Supe-

1382 908 1556 950 rioribus
1584 911 1622 950 &
1639 910 1847 953 Fratribus
1870 909 2089 966 subscripta
2106 910 2290 960 tenoris,
2319 909 2390 967 qui

1382 964 1565 1023 sequitur
1583 996 1596 1019 ,
1624 967 1845 1011 videlicet:

1440 1054 1472 1077 „
1507 1027 1550 1067 ln
1580 1027 1753 1069 Nomine
1783 1029 1942 1070 Domini
1971 1029 2123 1071 Amen.
2152 1031 2239 1072 Nos
2268 1026 2393 1071 infra-

1381 1111 1413 1136 „
1448 1083 1580 1139 scripti
1602 1086 1740 1128 Patres
1759 1086 1926 1128 Ordinis
1943 1088 2143 1130 Minorum
2170 1091 2212 1131 S.
2229 1086 2395 1129 Franci-

1380 1168 1413 1194 „
1447 1141 1496 1185 sci
1522 1144 1823 1199 Capucinorum
1839 1173 1852 1195 ,
1866 1145 2084 1189 Provincias
2102 1148 2257 1188 Franco
2270 1169 2301 1180 -
2317 1147 2410 1205 Bag

1382 1227 1412 1250 „
1447 1201 1603 1252 varicae,
1619 1216 1667 1243 ex
1691 1203 1935 1246 Nationibus
1964 1203 2183 1252 Bavarica,
2215 1206 2395 1246 Franco-

1381 1285 1411 1308 „
1445 1258 1563 1307 nica,
1599 1261 1639 1302 &
1665 1258 1831 1303 Svevica
1862 1261 1909 1303 ab
1932 1263 1984 1304 A.
2014 1263 2066 1305 R.
2096 1264 2140 1306 P·
2163 1262 2342 1306 Antonio
2368 1262 2390 1303 a

1379 1344 1410 1367 ss
1443 1320 1701 1374 Cramburgo
1733 1317 1911 1375 ejusdem
1937 1321 2104 1364 Ordinis
2130 1319 2392 1364 Definitore...»

1379 1402 1408 1425 ‚7
1444 1377 1637 1420 Generali
1653 1407 1667 1428 ,
1695 1379 1735 1421 δι
1749 1391 1820 1434 per
1834 1378 2002 1422 eandem
2019 1379 2273 1422 Provinciam
2291 1380 2395 1420 vifi-

1378 1461 1408 1485 „
1445 1443 1578 1478 tatore
1593 1464 1608 1486 ,
1631 1437 1672 1478 &
1687 1434 1964 1481 Commissario
1977 1438 2169 1482 Generali
2181 1438 2220 1479 in
2236 1438 2312 1479 hoc
2329 1437 2392 1479 lo·

1379 1519 1409 1542 2,
1444 1507 1495 1535 co
1526 1494 1662 1536 nostro
1678 1493 1917 1538 Landishuti
1937 1495 1977 1538 in
2002 1495 2170 1540 Bavaria
2200 1498 2393 1550 Congre-

1378 1576 1409 1600 ῃ
1442 1551 1542 1608 gati,
1554 1567 1646 1596 cum
1662 1552 1814 1596 visitata
1827 1552 1903 1608 jam
1919 1568 1991 1607 per
2004 1555 2177 1599 eundem
2202 1555 2254 1595 A.
2273 1555 2326 1598 R.
2344 1557 2389 1597 P.

1378 1635 1408 1663 ,s
1442 1609 1764 1655 Comniiffarium
1791 1611 1879 1655 toti
1906 1613 2149 1666 Provincia,
2185 1613 2226 1654 δι
2254 1612 2390 1655 audita

1377 1693 1408 1716 ss
1440 1668 1557 1725 super
1588 1669 1674 1726 ejus
1703 1672 1898 1715 divisione
1923 1671 2105 1714 omnibus
2142 1671 2386 1722 Fratribus,

1377 1751 1407 1777 ss
1441 1729 1479 1770 in
1494 1742 1664 1784 eamque
1681 1730 1924 1773 unanimiter
1939 1728 2391 1781 consentientibus,No·

1376 1810 1407 1834 a>
1439 1787 1499 1828 bis
1521 1787 1795 1838 commiserit,
1811 1799 1855 1830 ut
1879 1787 2027 1832 tametfi
2044 1790 2124 1832 haec
2153 1787 2264 1832 causa
2286 1788 2391 1830 divi-

1376 1868 1407 1892 „
1442 1845 1554 1886 nonis
1571 1847 1878 1890 Provinciarum
1907 1848 2310 1903 mediantesuprema
2325 1845 2390 1887 su·

1380 1928 1413 1952 2,
1445 1904 1679 1960 perioritate
1696 1906 1923 1962 Religionis
1946 1905 2092 1961 spec‘let
2107 1907 2157 1950 ad
2176 1909 2388 1949 Summum

1381 1985 1412 2007 aa
1447 1961 1684 2005 Pontificem
1705 1993 1719 2015 ,
1753 1963 2014 2007 nihilominus
2040 1965 2090 2007 ad
2115 1978 2277 2006 omnem
2307 1978 2389 2005 me—

1384 2043 1415 2067 „
1449 2019 1591 2062 liorem
1626 2021 1747 2063 finem
1777 2024 1816 2064 δε
1847 2021 2031 2066 effectum
2073 2026 2159 2065 Nos
2187 2016 2389 2076 desuper,

1383 2101 1415 2126 9,
1446 2080 1486 2119 δι
1503 2077 1616 2133 super
1644 2080 1727 2136 ejus
1742 2083 1892 2132 modo,
1923 2094 2009 2136 quae
2033 2082 2222 2123 nimirum
2242 2084 2387 2122 Mona-

1382 2160 1414 2185 „
1447 2136 1592 2189 steria,
1626 2140 1665 2180 δι
1689 2139 1776 2181 loca
1802 2139 1897 2189 uni,
1927 2151 2013 2193 quae
2036 2138 2154 2181 alteri
2185 2138 2289 2193 parti
2313 2138 2390 2180 ob-

1381 2218 1412 2241 ss
1447 2195 1635 2245 veniant,
1656 2199 1761 2240 inter
1780 2201 1867 2241 Nos
1889 2196 1991 2250 ipsos
2006 2196 2297 2252 praevie,amice
2311 2224 2326 2247 ,
2349 2198 2391 2238 δι

1379 2276 1411 2301 ,,
1445 2255 1697 2298 charitative
1711 2285 1725 2306 ,
1738 2259 1775 2299 &
1790 2267 1982 2310 tanquam
1996 2257 2044 2296 ad
2060 2256 2228 2299 modum
2245 2254 2390 2297 hnmil-

1379 2335 1413 2358 ss
1444 2312 1529 2354 limi
1557 2313 1723 2367 projecti
1756 2315 2064 2358 conveniremus
2086 2342 2102 2366 ,
2136 2318 2223 2356 Nos
2262 2314 2383 2366 igitur

1379 2394 1411 2420 a,
1444 2371 1547 2415 bene
1577 2372 1833 2415 consideratis
1872 2374 2064 2428 utrinque
2097 2401 2113 2424 ‚
2151 2387 2195 2415 ac
2225 2370 2386 2413 matut-“e

1379 2453 1411 2481 ,‚
1444 2430 1642 2486 perpenfis
1656 2459 1670 2481 ,
1683 2430 1895 2475 &discuffis
1905 2434 2088 2474 omnibus
2100 2457 2115 2479 ‚
2131 2445 2203 2473 nec
2221 2443 2299 2472 non
2315 2443 2386 2472 au·

1377 2513 1409 2538 2,
1441 2489 1536 2531 ditis
1558 2488 1731 2545 ejusdem
1756 2493 1806 2535 A.
1832 2492 1885 2533 R.
1902 2488 2230 2532 P.commiffarii
2259 2503 2384 2543 opor-

1378 2571 1407 2595 υ
1441 2549 1551 2591 tunis
1575 2548 1744 2591 confiliis
1767 2577 1782 2601 ,
1813 2563 1859 2592 ac
1887 2547 2150 2603 dirigentibus
2180 2545 2379 2597 monitis,

1376 2631 1406 2654 ,2
1441 2605 1629 2650 invocata
1648 2606 1814 2663 Spiritus
1831 2609 1960 2650 Sancti
1986 2606 2144 2662 gratia,
2173 2609 2213 2648 δι
2230 2604 2382 2659 implo-

1378 2691 1410 2716 „
1441 2675 1532 2708 rato
1557 2667 1860 2715 Omnipotentis
1886 2667 1960 2708 Dei
1985 2665 2140 2708 auxilio
2171 2695 2186 2716 ,
2218 2665 2284 2718 qui
2311 2662 2383 2703 dat

1376 2748 1406 2774 ,‚
1436 2724 1622 2767 omnibus
1658 2725 1869 2769 affluenter
1894 2751 1909 2773 2
1944 2727 1981 2766 &
2007 2738 2084 2766 non
2107 2724 2383 2778 improperat,

1375 2810 1406 2834 „
1438 2782 1624 2826 dividens
1641 2783 1801 2841 fingulis
1815 2812 1830 2833 ,
1862 2794 1980 2835 prout
1995 2782 2102 2832 vult,
2117 2782 2222 2824 inter
2241 2793 2311 2821 nos
2327 2779 2382 2834 ip-

1377 2867 1409 2893 „
1441 2843 1499 2884 sos
1522 2842 1676 2889 amice,
1710 2840 2006 2885 &charitative
2034 2842 2072 2882 in
2094 2841 2199 2882 hunc
2215 2838 2380 2881 modum

1377 2925 1408 2950 ,2
1440 2901 1731 2950 convenimus,
1759 2912 1829 2951 ut,
1856 2901 1884 2940 fi
1901 2898 2142 2942 Sane'tiffimo
2163 2895 2381 2952 placuerit,

1376 2982 1406 3006 „
1439 2961 1479 3002 &
1504 2956 1693 3013 supremae
1722 2957 1996 3015 superioritati
2027 2956 2251 3012 Religionis
2281 2953 2382 2997 bene

1377 3041 1408 3066 ‚‚
1441 3017 1567 3059 visum
1592 3015 1742 3066 fuerit,
1777 3016 1987 3061 Provincia
2015 3016 2097 3057 haec
2126 3013 2252 3055 nostra
2277 3024 2377 3054 nunc

1378 3099 1408 3124 aa
1441 3078 1599 3119 Franco
1615 3098 1632 3107 -
1649 3077 1838 3119 Bavarica
1855 3076 1907 3117 ita
1922 3074 1958 3115 in
1977 3072 2074 3115 duas
2088 3071 2323 3121 dividatur,
2336 3077 2383 3111 ut

1377 3159 1409 3183 ‚2
1439 3148 1519 3178 una
1542 3133 1705 3189 quidem
1727 3132 1796 3176 sub
1822 3132 1945 3188 priori
1973 3134 2010 3174 &
2026 3131 2192 3186 pristino
2219 3130 2380 3173 nomine

1375 3218 1409 3242 2,
1441 3192 1643 3242 Bavariae,
1673 3206 1718 3233 ae
1747 3191 1889 3235 'ritulo
1913 3193 1951 3233 &
1983 3190 2126 3245 sigillo
2158 3186 2381 3232 Beatiffimae

1376 3276 1408 3300 υ
1444 3250 1624 3307 Virginis
1651 3251 1785 3294 Mariae
1808 3251 2044 3304 Oetinganae
2059 3249 2203 3292 habeat
2230 3245 2381 3288 &reti-

1379 3333 1410 3359 as
1442 3319 1539 3354 neat
1564 3307 1767 3365 sequentia
1788 3307 2030 3352 Monasteria
2055 3335 2070 3357 ,
2103 3306 2311 3363 Hospitis,
2341 3305 2380 3346 ἅτ

1377 3396 1410 3420 ,,
1444 3367 1857 3420 Miffionumloca,hic
1872 3367 1984 3425 juxta
2005 3366 2263 3423 alphabetum
2279 3362 2384 3419 ροῦ-

1377 3451 1408 3476 ‚s
1442 3437 1483 3470 ta
1498 3456 1513 3479 ,
1538 3427 1752 3471 videlicet:
1783 3442 1817 3470 ι.
1833 3426 2012 3482 Ardinga
2025 3454 2040 3476 ,
2060 3437 2101 3467 2.
2117 3423 2382 3472 Brunovium,

1378 3510 1410 3539 ,a
1444 3486 1704 3541 Burghufium
1730 3516 1746 3537 ,
1788 3482 2146 3540 Deggendorffium
2170 3510 2185 3533 ,
2224 3479 2384 3526 Laudis-

1378 3572 1412 3597 „
1443 3545 1610 3595 hutum,
1637 3546 1679 3587 6.
1712 3543 1971 3587 Monachium
1994 3571 2009 3594 ,
2056 3555 2095 3594 7.
2124 3538 2382 3590 Neoforum,

1377 3628 1408 3653 ,2
1443 3605 1484 3646 8.
1510 3603 1764 3652 Ratisbona,
1801 3616 1843 3658 9.
1873 3601 2033 3653 Rieda,
2075 3613 2138 3644 ιο.
2173 3597 2384 3643 Rosenhe-

1373 3687 1406 3713 ss
1438 3663 1614 3706 hemium
1637 3691 1653 3713 ,
1684 3673 1745 3703 ιι.
1771 3659 2049 3715 Schardinga,
2080 3671 2140 3702 12.
2170 3657 2383 3703 straubin-

1370 3747 1403 3775 „
1435 3735 1484 3777 ga
1499 3750 1515 3775 ,
1551 3734 1613 3776 13.
1629 3718 2003 3763 SchWandorffium
2020 3744 2034 3767 ,
2054 3731 2119 3770 14·
2141 3719 2378 3765 Traunium,

1375 3804 1406 3834 ‚,
1443 3777 2151 3829 15.⁰1'urckemium,16.Vilsh0vium
2166 3806 2180 3829 ,
2201 3775 2381 3828 17.Was-

1373 3863 1404 3892 ,2
1434 3837 1697 3899 serburgum,
1734 3835 2376 3894 18.Burglengenfelda,fabrica

2228 3900 2320 3940 Mo-
