2638 4204
995 196 1476 300 Polonia'e.

211 333 447 379 auctoritate
461 328 636 375 scienter
650 360 664 384 ,
698 330 762 375 vel
776 330 1009 387 ignoranter
1022 331 1211 384 contige-

212 400 264 437 rit
280 394 490 439 attentari,
502 393 759 434 decernimus
772 388 1073 432 &declaramus
1087 418 1099 430 .
1116 392 1208 431 Non

209 451 455 496 obstantibus
480 449 873 499 Constitutionibus‚
905 448 944 488 δε
963 446 1205 488 Ordinatio-

207 513 321 555 nibus
337 509 577 565 Apostolicis
591 540 606 561 ,
636 524 697 558 ac,
711 518 904 564 quatenus
919 518 1020 560 opus
1034 504 1080 546 fit
1097 532 1110 554 ,
1140 503 1204 544 di-

206 568 258 612 ὀὶὶ
280 569 444 610 Ordinis
458 597 474 619 ,
504 570 628 612 etiam
643 568 897 625 juramento,
928 561 1204 628 confirmatio-

203 640 253 669 ne
270 628 502 682 Apostolica
517 657 534 678 ,
566 627 629 670 vel
655 626 792 683 quavis
817 624 1010 666 firmitate
1035 620 1204 685 alla-ro—

204 686 360 728 boratis
387 687 570 739 statutis,
599 688 639 727 δι
666 681 1045 731 consuetudinibus,
1075 690 1202 734 privi-

201 743 318 799 legiis
332 759 493 801 quoque
506 774 521 797 ,
552 743 723 788 Indultis
735 743 775 782 &
795 741 926 783 literis
941 742 976 782 A
981 734 1201 802 postolici82

201 803 350 846 eisdem
365 804 571 847 fratribus
593 801 793 844 strictioris
816 797 1090 842 Observantiae
1103 824 1120 846 ,
1153 793 1205 834 11-

199 862 416 918 lorumque
433 861 711 918 Superioribus
731 861 770 901 δι
784 858 992 914 quibusvis
1018 854 1106 897 aliis
1133 849 1203 917 sub

200 919 517 978 quibuscumque
531 932 674 963 tenore
699 920 739 959 ὃς
755 915 891 959 formis
906 945 922 967 ,
953 929 1000 958 ac
1014 926 1104 956 cum
1119 924 1204 977 qu!-

198 978 330 1022 busvis
345 1006 359 1030 ,
389 980 510 1022 etiam
533 974 882 1033 derogatoriarum
905 970 1174 1026 derogatori1s
1188 993 1201 1016 ,

196 1036 362 1094 aliisque
390 1035 672 1080 efficacioribus
687 1059 702 1079 ς,
729 1034 766 1074 δι
792 1029 960 1074 insolitis
983 1026 1169 1071 clausulis
1185 1054 1200 1078 ,

195 1109 242 1138 ac
263 1095 540 1146 irritantibus,
571 1094 611 1134 &
637 1091 724 1134 aliis
746 1090 926 1134 decretis
953 1089 992 1131 in
1019 1100 1170 1143 genere
1185 1113 1200 1136 ‚

195 1153 263 1195 vel
277 1153 317 1195 in
332 1152 463 1209 specie
478 1180 493 1204 2
523 1166 570 1194 ac
586 1151 683 1194 alias
712 1151 751 1193 in
765 1148 1014 1193 contrarium
1028 1143 1202 1203 praemis-

199 1207 333 1254 sorum
345 1210 662 1268 quomodolibet
678 1208 865 1253 conceffis
877 1235 892 1258 ,
922 1203 1172 1250 confirmatis
1186 1231 1200 1254 ‚

193 1271 234 1312 δε
260 1270 491 1313 innovatis.
522 1270 681 1328 Qibus
707 1269 892 1312 omnibus
909 1297 925 1318 ,
955 1267 994 1307 δι
1022 1262 1196 1320 lingulis,

196 1341 339 1371 eorum
365 1330 545 1371 omnium
562 1340 724 1371 tenores
748 1326 1004 1382 praesentibus
1023 1336 1096 1379 pro
1109 1319 1199 1376 ple-

194 1386 247 1430 ne
261 1385 557 1430 &sufficienter
580 1386 766 1443 expreffis
782 1414 797 1437 ‚
824 1388 864 1428 &
887 1385 938 1426 ad
954 1383 1120 1427 verbum
1134 1380 1195 1422 in—

194 1444 312 1486 sertis
338 1447 532 1488 habentes
545 1475 562 1496 ,
588 1447 670 1489 illis
683 1446 780 1490 alias
800 1444 840 1488 in
855 1444 924 1487 suo
941 1442 1086 1485 robore
1099 1452 1193 1496 per-

194 1500 384 1544 mansuris
397 1530 412 1553 ,
445 1505 518 1547 hac
543 1505 630 1548 vice
644 1504 853 1547 dumtaxat
866 1500 1092 1557 specialiter
1107 1528 1123 1550 ,
1153 1498 1193 1538 &

167 1591 170 1594 Δ
193 1559 385 1615 expresse
412 1561 682 1619 derogamus,
711 1560 942 1618 caeterisque
975 1556 1191 1602 contrariis

191 1619 538 1677 quibuscumque.
570 1621 768 1666 Volumus
794 1631 955 1670 autem,
969 1616 1076 1674 quod
1094 1629 1192 1670 prae-

189 1677 360 1720 sentium
376 1679 631 1736 transumptis
645 1683 766 1723 etiam
781 1677 1105 1734 impreffis,manu
1121 1673 1193 1715 ali-

192 1735 307 1792 cujus
331 1739 494 1780 Notarii
530 1739 683 1791 publici
711 1737 936 1793 subscriptis
952 1763 967 1786 ,
997 1734 1037 1774 δι
1061 1730 1191 1786 figulo

190 1794 362 1852 alicujus
388 1796 566 1850 personae
592 1797 632 1839 in
660 1795 858 1852 dignitate
881 1790 1191 1837 Ecclesiastico...

188 1853 412 1895 constitutae
438 1855 628 1907 munitis,
644 1855 788 1898 eadem
815 1852 975 1911 prorsus
991 1850 1091 1892 fides
1121 1849 1192 1890 ad-

187 1909 374 1953 hibentur
387 1937 402 1959 a
430 1927 517 1968 quae
537 1913 686 1956 eisdem
702 1912 956 1970 praesentibus
971 1909 1189 1952 adhibere-

187 1977 256 2011 tur
270 1997 284 2020 ,
314 1970 340 2010 fi
354 1966 491 2014 forent
505 1974 692 2015 exhibitae
722 1973 788 2016 vel
803 1969 985 2015 ostensae.

245 2027 403 2069 Datum
421 2033 562 2073 Romae
575 2032 684 2086 apud
704 2034 749 2073 S.
760 2032 926 2073 Petrum
940 2027 1009 2071 sub
1023 2021 1190 2067 Annulo

187 2082 406 2128 Piscatoris
431 2087 500 2130 die
525 2089 752 2145 x.Januarii
775 2100 997 2132 mucxxtv.
1023 2080 1198 2127 Pontifi-

187 2153 305 2186 catus
322 2145 461 2188 Nostri
474 2161 582 2191 anno
592 2147 750 2203 primo.

244 2204 384 2261 Qare
416 2207 503 2248 Nos
529 2206 766 2249 eorumdem
781 2208 969 2249 Fratrum
990 2207 1031 2247 &
1055 2199 1198 2259 praeci-

188 2261 268 2318 pul:
293 2264 335 2303 in
366 2262 539 2307 Polonia
566 2265 799 2319 degentium
827 2265 944 2318 paci,
974 2267 1012 2306 &
1038 2259 1197 2319 quieti,

186 2321 384 2376 quantum
421 2336 515 2364 cum
544 2323 723 2364 Domino
756 2321 956 2377 postumus
982 2349 997 2373 ‚
1039 2332 1199 2375 peram-

187 2378 294 2434 plius
325 2376 537 2423 consulere
565 2380 783 2431 volentes,
824 2390 968 2431 motu,
1000 2379 1195 2427 sci-entia,

186 2435 488 2479 deliberatione
506 2465 521 2489 ,
545 2437 676 2492 deque
701 2437 905 2494 potestatis
934 2434 1194 2494 plenitudine

188 2493 381 2536 similibus
393 2522 410 2545 ,
441 2495 687 2550 praeinsertas
713 2495 875 2537 litteras
898 2497 1131 2546 ad’omnes,
1153 2495 1194 2535 δι

186 2551 359 2608 singulos
389 2553 484 2595 dieti
501 2554 667 2597 Ordinis
698 2553 906 2596 strictioris
933 2553 1195 2598 observantiae

186 2614 365 2660 Fratres,
376 2611 414 2652 in
431 2613 599 2655 Polonia
623 2612 850 2664 existentes,
866 2623 1012 2656 tenore
1025 2612 1194 2668 praesen·

187 2670 290 2712 tium
315 2670 572 2713 extendimus
595 2697 611 2718 a
638 2670 782 2727 eosque
803 2673 871 2715 sub
901 2671 1013 2713 dietis
1038 2669 1189 2714 litteris

185 2727 481 2782 comprehendi
503 2730 542 2771 δι
555 2729 864 2784 comprehensos
883 2728 962 2772 eise
978 2758 992 2782 ,
1023 2726 1068 2773 ac
1096 2742 1192 2771 cen-

186 2785 262 2829 seri
281 2785 467 2829 volumus
481 2788 521 2828 δε
533 2786 781 2830 declaramus
795 2816 806 2827 .
837 2792 1116 2830 Decernentes
1140 2789 1196 2827 ir-

188 2846 314 2887 ritum
327 2845 406 2886 &c.
422 2846 612 2887 attentari
626 2877 638 2892 .
672 2846 879 2900 Quocirca
897 2846 990 2888 Tibi
1005 2859 1077 2900 per
1093 2858 1195 2900 prae-

185 2905 319 2946 sentes
333 2903 623 2946 committimus
645 2903 685 2943 &
703 2902 937 2944 mandamus
950 2932 965 2953 ‚
995 2913 1193 2959 quatenus

185 2976 261 3018 per
281 2963 371 3012 Te,
397 2961 463 3004 vel
478 2962 601 3005 alium
615 2991 631 3012 ,
664 2959 732 3003 seu
755 2961 855 3004 alios
879 2960 1035 3004 easdem
1052 2960 1193 3013 praein-

187 3019 316 3064 sertas
339 3020 506 3070 literas,
544 3019 610 3061 ubi
646 3022 685 3061 &
709 3020 872 3075 quando
897 3033 998 3075 opus
1037 3017 1162 3061 fuerit
1181 3044 1195 3066 ‚

189 3094 234 3122 ac
249 3079 409 3135 quoties
436 3093 512 3134 pro
540 3088 656 3134 parte
682 3080 872 3121 Fratrum
896 3078 1194 3132 Capucinorum

189 3137 474 3196 praedictorum
507 3136 631 3180 fueris
672 3139 884 3193 requisitus
915 3165 930 3188 ,
977 3134 1195 3178 solenniter

189 3196 402 3253 publicans
424 3223 440 3246 ‚
467 3195 601 3252 eisque
624 3196 667 3237 in
693 3195 889 3249 praemisiis
919 3193 1093 3237 efficacis
1119 3194 1195 3237 de-

188 3253 378 3298 fensionis
401 3254 581 3311 praefidio
595 3253 789 3305 affistens,
811 3253 930 3297 facias
954 3254 1194 3296 auctoritate

193 3315 334 3357 nostra
359 3313 447 3356 illas
470 3313 520 3355 ab
541 3313 728 3355 omnibus
758 3314 798 3354 &
814 3312 973 3368 lingulis
990 3340 1004 3363 ‚
1030 3312 1080 3355 ad
1095 3326 1194 3366 quos

192 3371 339 3427 spestat
355 3401 369 3423 ‚
393 3373 432 3414 &
461 3373 499 3415 in
513 3370 688 3414 futurum
715 3370 1026 3427 quomodolibet
1046 3369 1192 3425 specta-

196 3430 284 3482 bit,
312 3428 481 3474 firmiter
501 3432 539 3472 &
568 3429 858 3473 inviolabiliter
887 3431 1125 3480 observari,
1153 3431 1193 3471 δι

197 3487 435 3543 adimpleri,
469 3503 550 3532 non
576 3488 815 3545 permittens
847 3487 1005 3530 eosdem
1035 3490 1193 3530 Fratres

199 3549 431 3599 Capucinos
446 3561 516 3602 per
528 3547 797 3604 quoscumque
811 3546 1118 3603 quomodolibet
1132 3547 1195 3589 in-

195 3603 336 3645 debite
349 3606 548 3648 molestari
564 3635 578 3658 ‚
606 3608 937 3650 Contradietores
960 3605 1167 3663 quoslibet
1180 3633 1195 3655 ‚

195 3664 235 3703 &
250 3661 422 3704 rebelles
437 3676 507 3718 per
522 3665 742 3707 sententias
757 3693 771 3715 ‚
798 3663 986 3710 censuras
1000 3666 1036 3706 &
1052 3678 1193 3719 poenas

195 3718 521 3771 Ecclefiasticas‚
543 3722 700 3780 aliaque
711 3726 788 3765 διε.
818 3724 1084 3779 legitimisque
1113 3725 1191 3772 διε,

196 3778 394 3821 saecularis
425 3807 437 3820 .
469 3782 562 3822 Non
586 3783 829 3827 obstantibus
855 3783 964 3828 felic.
981 3782 1190 3827 recordat.

1268 325 1464 372 Bonifacii
1487 322 1566 366 PP-
1592 319 1712 362 v111.
1737 315 2046 361 Praedccefforis
2077 327 2197 368 nostri
2221 330 2275 374 de

1267 402 1347 430 una
1360 388 1438 426 διε.
1453 380 1663 428 trahatur,
1692 375 1857 431 aliisque
1872 378 2060 420 omnibus
2081 381 2120 420 δι
2143 383 2270 437 singu.

1264 445 1395 502 gulis,
1426 453 1510 496 quae
1525 439 1565 479 in
1579 435 1725 479 eisdem
1740 434 1980 489 praeinsertis
2013 436 2165 480 litteris
2195 455 2274 482 vo—

1263 504 1409 546 luimus
1436 511 1515 541 non
1541 495 1698 539 obstare
1723 520 1739 544 2
1785 493 2019 551 caeterisque
2045 502 2271 542 contrariis

1264 559 1581 618 quibuscumque
1596 583 1609 595 .

1324 623 1475 662 Datum
1494 616 1633 657 Romae
1645 609 1753 667 apud
1769 613 1810 653 S.
1830 612 1999 654 Petrum
2016 611 2084 654 sub
2102 614 2266 656 Annulo

1259 675 1476 720 Piscatoris
1511 672 1578 715 die
1600 685 1666 712 xx.
1702 670 1944 711 Decembris
1984 685 2261 716 Mncxxv111,

1261 732 1531 780 Pontificatus
1547 727 1683 774 Nostri
1705 741 1814 771 anno
1827 728 1943 771 sexto
1961 758 1973 771 .
2032 778 2035 781 ¹

1725 847 1786 889 M.
1801 846 1854 887 A.
1869 846 2103 891 Maraldus.

1318 964 1566 1023 Autograph.
1588 965 1631 1005 in
1647 961 1819 1006 Archivo
1833 965 2065 1005 secretariae
2084 967 2271 1007 BrevIum

1378 1024 1684 1083 Apostolicorum
1709 1024 1805 1078 Reg.
1828 1020 1964 1078 mmsis
1991 1021 2039 1068 (3·
2053 1024 2147 1064 anni
2159 1035 2268 1079 pra..

1376 1085 1567 1129 ditiorum
1583 1082 1666 1141 sol.
1686 1093 1719 1122 1.

1259 1325 1340 1377 Ad
1365 1321 1596 1373 instantias
1615 1319 1813 1388 Joannis
1841 1318 1986 1387 Regis
2016 1319 2121 1367 ΙΙΙ.
2151 1314 2277 1369 Hos-

1321 1395 1489 1464 pitium
1529 1408 1676 1442 unum
1706 1395 1925 1440 Fratrum
1957 1390 2002 1437 in
2036 1388 2275 1438 Civitatm

1322 1460 1621 1518 Cracovienfi
1639 1498 1655 1521 ,
1687 1459 1736 1513 8(
1754 1460 1880 1511 aliud
1893 1461 1942 1509 in
1960 1456 2271 1515 Varsavienfi,

1321 1539 1460 1588 etiam
1495 1535 1694 1584 aliorum
1718 1532 2023 1602 Regularium
2054 1526 2276 1577 consensu

1318 1625 1410 1656 non
1433 1601 1776 1673 praerequifito,
1812 1599 2014 1649 construi
2040 1600 2275 1657 concedit,

1318 1679 1382 1727 ita
1402 1691 1553 1726 tamen
1569 1710 1585 1732 ,
1625 1686 1676 1736 ut
1707 1685 1957 1739 utrumque
1984 1671 2011 1719 ὲ
2033 1673 2278 1720 Provincia

1319 1742 1594 1797 Bononiensi
1625 1737 1879 1812 dependeat
1905 1778 1922 1800 ,
1960 1741 2017 1791 ab
2048 1744 2177 1790 omni
2202 1747 2275 1804 ju-

1319 1816 1587 1867 risdiffione
1605 1815 1971 1864 Ordinatiorum
1986 1826 2276 1879 exemptum,

1320 1887 1370 1940 ὅ(
1398 1887 1488 1937 fine
1523 1890 1571 1937 S.
1604 1884 1734 1935 Sedis
1766 1886 1952 1934 licentia
1980 1901 2063 1931 nec
2095 1880 2275 1940 deseri,

1320 1977 1404 2009 nec
1421 1960 1520 2007 aliae
1537 1962 1720 2007 Domus
1743 1955 1833 2006 fine
1860 1973 1913 2005 ea
1930 1956 2159 2022 acceptari
2174 1950 2276 2022 pos-

1323 2027 1413 2079 smt
1432 2065 1445 2078 .

1256 2161 1292 2204 A
1307 2166 1456 2211 tergo:
1490 2155 1647 2199 Dlleffio
1674 2140 1780 2199 Filio
1796 2181 1811 2205 ‚
1846 2151 2115 2210 Commtsshrio
2145 2154 2275 2195 Geta-⁴

1313 2219 1396 2261 rale'
1407 2245 1422 2270 ,
1435 2214 1595 2259 ordinis
1612 2215 1812 2258 Fratrum
1826 2217 1934 2256 Min.
1951 2215 1990 2253 S.
2007 2211 2217 2269 Francifit'

1441 2278 1730 2329 Capucinorum
1753 2281 2072 2328 nuncupatorum
2086 2299 2098 2312 .

1256 2465 1863 2519 INNOCENTIUS
1910 2461 2124 2513 PAPA
2177 2461 2275 2512 XI.

1339 2661 1497 2705 Ditefle
1523 2663 1608 2707 Fili
1620 2661 1803 2716 sulutem
1815 2688 1831 2708 ,
1861 2659 1910 2706 (β’
1923 2659 2184 2715 Apostolicam

1603 2715 1927 2773 Benediffionem.

1364 2906 1404 2946 X
1433 2903 1613 2959 injuncto
1647 2902 1768 2947 nobis
1799 2901 1995 2948 divinitus
2023 2905 2266 2962 Apostolicae

1255 2907 1351 3018 E
1384 2962 1591 3005 servitutis
1607 2974 1780 3006 munere
1805 2964 1854 3004 ad
1869 2978 1916 3004 ea
1938 2992 1952 3014 ,
1986 2979 2059 3019 per
2081 2979 2165 3020 quae
2186 2968 2270 3008 Re-

1255 3020 1413 3075 gularia
1427 3021 1518 3064 loca
1534 3023 1584 3063 ad
1609 3021 1752 3064 Divini
1771 3021 1936 3070 cultus,
1966 3026 2006 3066 &
2035 3025 2267 3081 Religionis

1256 3079 1554 3122 incrementum
1581 3080 1825 3136 ubicumque
1854 3082 2038 3124 locorum
2062 3083 2169 3138 erigi
2199 3097 2269 3124 va-

1256 3137 1370 3179 leant
1399 3168 1415 3189 ‚
1448 3138 1631 3182 libenter
1659 3138 1907 3183 intendimus
1929 3170 1944 3193 ‚
1970 3144 2028 3184 '&
2060 3141 2267 3196 pastoralis

1256 3194 1379 3239 officii
1407 3197 1528 3239 nostri
1543 3207 1675 3252 partes
1703 3199 1902 3253 peculiari
1929 3202 2132 3243 charitate
2148 3198 2268 3242 desu-

1255 3269 1327 3309 per
1353 3256 1648 3311 interponimus
1673 3283 1687 3306 ‚
1723 3257 1822 3299 sicut
1850 3258 1916 3314 pia
1941 3261 2265 3302 Catholicorum

1256 3314 1481 3369 Principum
1513 3325 1608 3357 vota
1633 3314 1832 3371 postulant
1848 3345 1862 3369 ,
1893 3318 1930 3358 &
1948 3321 2033 3360 Nos
2050 3319 2236 3362 locorum
2252 3345 2267 3370 2

1254 3371 1535 3428 Temporum‚
1567 3389 1734 3423 rerum,
1764 3376 1804 3416 &
1836 3375 2098 3419 Personarum
2122 3376 2261 3432 quali-

1254 3432 1403 3475 tatibus
1419 3433 1575 3476 mature
1590 3432 1794 3488 perpensis
1815 3430 2031 3478 salubriter
2059 3436 2100 3479 in
2117 3434 2264 3478 Domi-

1254 3504 1307 3532 no
1322 3490 1513 3546 expedire
1526 3493 1772 3534 arbitramur
1788 3521 1801 3531 .

1313 3550 1475 3605 Exponi
1508 3549 1699 3606 liquidem
1742 3551 1873 3594 Nobis
1921 3565 2053 3606 nuper
2094 3551 2222 3595 fecisti
2246 3581 2261 3604 ,

1253 3608 1361 3664 quod
1378 3635 1393 3658 2
1424 3623 1515 3651 cum
1530 3609 1777 3652 chariffimus
1805 3610 1847 3651 in
1865 3610 2030 3653 Christo
2045 3612 2168 3655 Pilius
2185 3626 2259 3653 no-

1252 3667 1537 3723 ster,Joannes,
1551 3668 1730 3710 Poloniae
1743 3669 1836 3710 Rex
1851 3667 2032 3722 illustris,
2046 3686 2119 3727 pro
2133 3673 2259 3723 singu-

1251 3725 1325 3768 lari
1345 3733 1409 3769 sua
1424 3726 1721 3781 ergaOrdinem
1737 3729 1917 3772 Fratrum
1933 3731 2142 3774 Minorum
2159 3734 2257 3770 San-

1250 3787 1304 3828 &ti
1343 3785 1544 3828 Francisci
1585 3787 1896 3843 Capucinorum
1934 3797 2259 3845 nuncupatorum

2083 3846 2211 3887 devo-
