2638 4204
956 191 1571 282 Rhenana.

231 333 538 377 concernunt&
557 334 805 375 concernens
823 329 860 371 in
877 322 1220 374 futurum,invio-

231 392 408 436 labiliter
431 392 660 443 observari,
686 390 812 445 ficque
834 398 906 442 per
919 383 1218 439 quoscumun

225 449 385 508 judices
399 450 640 492 ordinarios
663 451 701 490 &
721 448 962 500 Delegntos,
985 442 1106 483 etiam
1129 451 1222 481 cau-

228 509 358 551 sarum
387 508 528 551 Palatii
543 501 999 563 ApostoliciAuditores
1020 496 1219 560 judicari,

229 568 270 610 &
284 564 443 609 definiri
456 567 609 608 debere
622 593 637 617 ,
663 579 710 606 ac
725 563 877 606 irritum
889 557 1056 600 &inane
1071 583 1085 606 ,
1098 552 1221 608 liquid

228 625 337 667 secus
351 623 466 680 super
482 625 542 667 his
553 625 573 665 ἐ
584 636 778 679 quoquam
791 647 805 669 ,
817 617 952 675 quavis
967 613 1220 677 auctoritate,

225 682 398 726 scienter
417 681 482 725 vel
508 683 735 737 ignoranter
761 678 976 730 contigerit
1002 679 1218 736 attentari.

225 744 323 784 Non
338 740 584 784 obstantibus
597 734 978 784 constitutionibus,
994 727 1219 772 &Ordina-

223 802 401 845 tionibus
414 796 654 855 Apostolicis
674 821 690 844 ‚
717 808 763 838 ac
778 819 792 841 a
806 801 998 847 quatenus
1024 799 1123 841 opus
1150 785 1193 850 fit
1205 810 1220 833 ,

221 858 389 902 Ordinis
403 885 418 908 ‚
441 871 485 900 ac
502 855 686 898 Ecclesia:
709 851 818 894 dietae
837 851 879 893 B.
896 847 1028 889 Mariae
1040 847 1080 887 δε
1093 847 1216 910 Capt-

221 917 295 960 tuli
311 946 325 969 ,
339 917 550 958 domorum
565 921 630 954 aut
644 911 828 952 locorum
848 904 1086 960 hujusmodi,
1098 913 1218 944 etiam

220 976 447 1033 juramento
470 999 484 1022 ,
509 968 813 1013 confirmatione
843 962 1069 1017 Apostolica
1093 989 1109 1010 ,
1148 957 1216 1001 vet

221 1034 362 1091 quavis
390 1029 579 1073 firmitate
606 1026 682 1070 alin
719 1022 920 1066 roboratis
948 1018 1097 1062 statutis
1124 1042 1139 1063 2
1177 1016 1218 1057 δε

223 1086 572 1136 consuetudinibus
584 1114 595 1136 ,
609 1081 831 1139 privilegiis
845 1091 1006 1136 quoque
1022 1074 1213 1126 indultis,

2062 222 2218 302 333

1279 321 1412 363 sorum
1439 310 1742 372 quomodolibet
1756 310 1951 354 concessis
1966 340 1980 363 ,
2010 314 2251 362 confirmatis
2264 353 2280 375 ‚

1277 381 1316 421 δι
1333 375 1532 420 innovatis
1547 401 1560 414 .
1590 371 1746 428 Qibus
1762 373 1944 414 omnibus
1959 374 1996 413 &
2011 374 2188 428 singulis,
2209 390 2279 417 eo.

1282 451 1372 479 rum
1399 438 1562 478 tenores
1579 427 1832 485 praesentibus
1849 442 1924 484 pro
1938 431 2057 485 piene
2073 459 2087 481 ‚
2115 434 2154 473 δι
2173 430 2279 475 suffi-

1279 496 1435 538 cienter
1449 487 1634 545 expreffis
1648 486 1857 536 habentes,
1872 487 1947 529 illis
1960 490 2057 531 alias
2072 493 2109 531 in
2126 489 2191 530 suo
2203 505 2277 533 ro.

1282 554 1380 595 bore
1407 547 1693 606 permansuris,
1720 543 1769 586 ad
1796 545 2070 597 praemistorum
2096 547 2277 592 effectum

1279 609 1506 665 specialiter
1517 607 1557 648 &
1569 599 1750 661 expresse
1762 602 1998 657 derogamus
2009 635 2024 659 ,
2046 605 2275 664 cmm-isque

1280 668 1492 710 contrariis
1506 666 1623 720 quibu
1631 664 1831 717 stumque.

1336 728 1485 767 Datum
1509 725 1645 764 Romae
1672 719 1777 776 apud
1805 722 1844 761 S.
1858 720 2022 764 Petrum
2047 723 2117 765 sub
2141 725 2275 767 Annu-

1279 783 1320 826 lo
1346 780 1557 823 Piscatoris
1574 807 1588 830 ,
1618 779 1688 821 die
1705 792 1751 820 vt
1766 791 1779 820 ι
1795 792 1826 819 ι.
1855 779 1995 819 Mensis
2023 782 2158 824 Martii
2189 784 2276 830 An-,

1278 855 1330 884 no
1343 852 1530 883 Mocxnv.
1544 832 1810 880 pontificatus
1825 835 1949 877 nostri
1966 839 2087 882 Anno
2101 841 2246 895 primo.

1789 953 1849 996 M·
1870 953 1920 994 A·
1940 956 2160 997 Maraldus.

1332 1079 1457 1118 Breve
1466 1070 1695 1131 firmatum
1714 1071 1760 1113 in
1781 1070 1954 1115 Archino
1980 1069 2204 1113 Provincia.

222 1153 259 1194 δι
275 1146 438 1194 Litteris
453 1143 694 1201 Apostolicis
722 1143 760 1186 in
771 1137 1021 1185 contrarium
1045 1132 1216 1192 praemis·

965 1263 1520 1331 NOTA.

212 1387 269 1471 I
286 1436 548 1474 Nstrumentum
563 1433 772 1483 emptionis,
794 1432 829 1469 δι
842 1406 1049 1471 uenditionis
1073 1429 1190 1479 prima
1201 1432 1269 1467 tale
1281 1431 1328 1468 est
1347 1454 1361 1477 ‚
1385 1431 1487 1478 quale
1512 1429 1567 1468 hic
1584 1426 1800 1478 subjungitur
1815 1429 1828 1462 ζ

227 1554 350 1619 Ros
381 1554 583 1621 Georgius
615 1553 817 1602 Antonius
835 1587 852 1611 ,
871 1551 954 1601 Dei
984 1587 999 1609 ,
1035 1552 1091 1600 (5
1117 1550 1363 1618 Apostolicae
1392 1550 1512 1600 Sedis
1536 1554 1680 1619 gratia
1704 1548 1858 1599 elec‘lus
1877 1581 1895 1606 ,
1929 1551 1985 1596 fe
2016 1546 2277 1614 confirmatus

226 1621 236 1626 i
363 1623 580 1692 Episcopus
606 1622 914 1690 Wormatietfis
926 1657 942 1680 ,
958 1621 1004 1670 S.
1023 1621 1110 1684 Ἡ.
1127 1621 1166 1671 Ι.
1181 1620 1375 1688 Princeps
1392 1657 1409 1680 ‚
1441 1625 1596 1672 univer
1613 1639 1648 1670 ts
1668 1618 1909 1688 &fingulis
1925 1618 2137 1687 presentes

595 1696 743 1762 nostras
771 1695 937 1742 litteras
959 1691 1198 1758 inspeHuris
1212 1727 1229 1749 ,
1256 1691 1424 1742 latiaris
1439 1728 1455 1751 ‚
1478 1693 1556 1760 seu
1583 1691 1669 1760 legi
1697 1691 1905 1752 audituris

836 1762 1014 1829 salutem
1039 1764 1083 1810 in
1109 1765 1289 1811 Domino
1307 1763 1600 1831 fimpiternam
1617 1797 1631 1811 .

315 1903 492 1952 Religionis
503 1903 598 1940 zelus
609 1927 621 1944 ,
647 1900 817 1949 Regularis
836 1902 910 1948 vite
920 1901 1128 1946 observantia
1140 1926 1150 1942 ,
1170 1903 1278 1949 pietas
1291 1928 1301 1943 ,
1326 1903 1471 1938 charitas
1485 1928 1495 1944 ,
1521 1906 1565 1941 Θ·
1579 1903 1744 1951 patientia
1757 1927 1769 1943 ,
1793 1901 1925 1946 aliaque
1931 1899 2126 1948 spiritualia
2142 1903 2186 1938 Θ·
2201 1901 2274 1935 cor&⁴

213 1953 345 2002 Paralia
356 1961 451 1998 opera
466 1976 477 1992 ,
502 1952 580 1985 dona
594 1976 605 1992 ,
626 1952 769 1987 virtutes
780 1974 792 1990 ‚
818 1950 937 1997 quibus
950 1951 1033 1985 Ordo
1044 1955 1077 1985 S.
1091 1950 1251 1994 francisci
1275 1952 1502 1999 Capucinorum
1525 1961 1724 1998 nuncupatus
1734 1976 1746 1992 ‚
1766 1949 1876 1998 passim
1899 1949 2076 1996 praefitlget
2087 1974 2097 1989 ‚
2125 1957 2193 1983 tam
2208 1960 2272 1983 ma.

214 2014 296 2050 gnos
311 2003 344 2036 in
354 1999 486 2043 Ecclesia
494 1998 626 2042 frustus-
637 1999 767 2043 faciunt
780 2022 791 2038 ‚
815 2000 900 2046 quod
911 1997 993 2033 tales
1006 2005 1222 2044 cooperatores
1235 1999 1268 2034 in
1281 2002 1410 2035 vineam
1425 2001 1555 2035 Domini
1567 2001 1730 2035 divinitus
1750 1996 1852 2044 mzffos
1866 1997 1924 2043 effe
1937 2022 1948 2038 ,
1974 2008 2079 2032 omnes
2083 1997 2270 2040 fateantur3

220 2055 415 2096 quapropter
437 2049 469 2082 in
480 2049 629 2083 honorem
641 2047 831 2099 summae'&
846 2047 1016 2090 individue
1029 2046 1198 2081 Trinitatis
1213 2070 1223 2087 ,
1249 2046 1374 2090 consilio
1386 2047 1466 2082 inito
1479 2072 1491 2088 ,
1514 2057 1709 2095 maturaque
1720 2047 1954 2083 deliberatione
1968 2057 2039 2080 cum
2057 2052 2179 2081 occano
2187 2055 2273 2093 pree-

214 2098 333 2142 sertim
350 2119 361 2136 ‚
385 2098 428 2131 Θ
443 2093 585 2142 capitulo
605 2094 741 2138 Majoris
756 2093 894 2137 Ecclesia
921 2091 1028 2134 nostra:
1041 2118 1052 2134 ,
1077 2097 1120 2131 Θ
1141 2093 1217 2128 aliis
1235 2095 1274 2129 de
1288 2094 1375 2129 clero
1396 2093 1515 2132 ibidem
1529 2094 1760 2137 existentibus,
1786 2099 1829 2133 Θ
1843 2096 1874 2129 in
1892 2102 2022 2141 partem
2041 2093 2275 2136 sollicitudinis

223 2143 407 2191 Nobiscum
420 2143 568 2182 vocatis,
592 2152 729 2189 quorum
753 2144 892 2177 omnium
906 2143 1049 2182 animos,
1073 2153 1133 2177 non
1147 2144 1251 2177 minus
1273 2144 1315 2178 ad
1334 2145 1585 2190 promovendum
1609 2144 1667 2179 hoc
1677 2155 1841 2180 commune
1855 2167 1865 2183 ,
1891 2139 2111 2189 &publicum
2133 2140 2274 2176 bonum-2

219 2191 388 2242 propensos
397 2191 495 2227 valde
505 2215 515 2230 ,
541 2193 585 2228 Θ
598 2189 688 2237 quasi
704 2187 863 2230 astuantes
876 2190 1137 2237 deprehendimus
1150 2215 1160 2231 ‚
1179 2202 1238 2225 non
1254 2192 1303 2226 ita
1312 2191 1439 2238 pridem
1451 2215 1462 2231 ‚
1486 2203 1565 2228 anno
1574 2194 1728 2228 nimirum
1746 2195 1806 2236 163
1813 2204 1847 2226 ο.
1867 2191 1908 2225 ad
1922 2188 2107 2237 exemplum
2132 2189 2274 2223 aliorum

223 2241 478 2286 Principum‚ac
491 2245 640 2274 Statuum
655 2239 785 2285 imperii
797 2242 839 2275 Θ
851 2239 894 2273 ad
907 2237 1098 2279 instantiam,
1112 2238 1305 2287 litterasque
1315 2237 1578 2285 interceffbriales
1589 2241 1782 2277 Ferdinandi
1795 2245 1833 2274 tt.
1865 2239 2024 2276 memoria
2036 2236 2275 2284 gloriofiffimae‚

219 2295 291 2323 tam
303 2289 346 2322 ad
359 2290 432 2334 Nos
442 2310 452 2326 ‚
476 2297 572 2333 quam
585 2286 712 2332 infiaper
729 2287 770 2320 ad
782 2287 882 2332 ipsam
901 2288 1073 2322 Civitatem
1086 2285 1355 2331 Wormatienfi’m
1369 2312 1379 2327 ‚
1394 2288 1567 2335 Ratisbona
1578 2301 1620 2325 ex
1634 2289 1783 2336 generali
1798 2289 1988 2335 Principum
2005 2287 2187 2321 Etettorum
2203 2288 2278 2320 Con-

194 2351 199 2356 ·
221 2343 323 2371 ventu
340 2337 435 2392 <ln-no
448 2335 555 2369 eodem
570 2334 622 2369 die
641 2345 696 2376 29.
711 2332 906 2381 Septembris
909 2333 1082 2382 speciatim
1094 2336 1187 2370 datas
1199 2359 1210 2376 ‚
1234 2335 1409 2382 Religiosbs
1425 2335 1542 2379 nostros
1551 2339 1584 2373 in
1599 2336 1714 2379 chrzsto
1724 2338 1855 2373 dilectos
1868 2341 1988 2371 ‘Patres
2004 2358 2015 2373 ‚
2028 2339 2159 2369 Fratres
2168 2335 2277 2370 Mino·

223 2394 276 2418 res
289 2385 416 2439 Ordinis
429 2386 460 2417 S.
476 2382 634 2438 Francisci
648 2406 658 2422 ‚
683 2382 740 2429 qui
760 2381 858 2428 vulgo
870 2384 1019 2436 Capucini
1039 2391 1216 2424 vocantur,
1242 2387 1286 2421 Θ
1303 2383 1449 2430 indefesso
1466 2388 1607 2433 undique
1623 2385 1735 2423 labore
1747 2388 1871 2421 animas
1899 2390 1962 2419 Deo
1975 2383 2206 2426 lucrifaciendi
2231 2384 2275 2418 Θ

226 2431 396 2484 reducendi
411 2437 478 2485 tam
493 2429 658 2472 immensos
668 2432 811 2475 quotidie
824 2455 834 2470 ,
860 2431 1065 2477 &jucundos
1078 2431 1315 2478 manipulorum
1329 2444 1463 2469 acervos
1481 2435 1514 2470 in
1528 2435 1680 2471 horreum
1697 2434 1826 2470 Domini
1836 2430 2021 2478 inceffiznter
2034 2433 2192 2466 invehunt
2204 2454 2214 2470 ,
2240 2431 2275 2465 in

222 2478 411 2534 praedfstam
429 2478 599 2513 civitatem
613 2475 880 2521 Wormatiensem
895 2479 1095 2514 authoritate
1122 2478 1225 2519 nostra
1243 2481 1409 2516 ordinaria
1420 2505 1431 2521 ‚
1457 2491 1612 2530 tanquam
1619 2481 1764 2523 strenuos
1784 2485 1828 2520 Θ
1842 2480 2082 2528 imperterritos
2102 2477 2200 2514 verbi
2211 2478 2273 2512 Dei

228 2525 448 2560 buccinatores
463 2549 474 2565 ‚
481 2523 612 2617 squam
629 2524 667 2567 se
677 2526 853 2571 presertim
875 2527 907 2561 in
919 2525 977 2562 hoc
989 2526 1175 2571 calamitoso
1185 2528 1415 2575 persecutionis
1429 2532 1664 2566 catholicorum
1677 2533 1719 2567 Θ
1733 2529 1814 2566 belli
1833 2537 1977 2574 tempore
1989 2551 1999 2567 ‚
2030 2524 2186 2566 instabili
2201 2537 2273 2560 con-

226 2575 382 2630 tinuaque
395 2572 486 2615 defen
494 2584 566 2623 poue
582 2572 738 2607 catholici
748 2575 901 2610 exercitii
911 2598 922 2615 ,
939 2573 1082 2622 fideique
1095 2578 1139 2612 Θ
1152 2576 1310 2611 cathedra
1321 2574 1427 2617 nostrae
1444 2577 1568 2621 summi
1585 2577 1708 2626 Templi
1715 2577 1806 2622 salio
1821 2581 1864 2617 Θ·
1883 2575 2031 2623 exemplo
2046 2572 2280 2614 ostenderunt,-

226 2631 341 2668 vtgore
354 2620 662 2678 litterarumleodem
676 2631 755 2656 anno
766 2621 838 2669 ipfis
850 2624 1000 2665 datarum
1009 2647 1019 2663 ,
1043 2622 1224 2668 admisimus
1235 2627 1278 2662 Θ
1286 2624 1483 2673 suscepimus
1497 2649 1508 2661 .
1533 2627 1804 2678 Qandoquidem
1817 2634 1927 2661 autem
1942 2635 1984 2658 ex
2001 2632 2076 2657 tunc
2091 2620 2136 2656 ob
2139 2622 2272 2665 secutas

225 2681 302 2724 mox
312 2668 704 2725 Svecorumaltarumque
717 2678 905 2706 exterarum
918 2672 1081 2706 nationum
1089 2669 1221 2712 'hostiles
1233 2673 1265 2706 in
1278 2674 1462 2716 universam
1474 2676 1684 2710 Germaniam
1702 2675 1899 2718 irruptiones
1913 2693 1924 2708 ,
1948 2674 1993 2706 Θ
2006 2670 2073 2716 ipsa
2097 2669 2272 2711 intrinseca

227 2727 357 2762 imperit
371 2727 441 2750 cum
457 2715 523 2757 istis
536 2725 598 2763 per
610 2725 699 2751 certa
715 2717 839 2760 foedera
851 2718 1004 2762 adversus
1016 2724 1147 2754 Sacram
1170 2723 1193 2753 C
1190 2718 1336 2763 gfhream
1353 2718 1554 2766 Majeslatem
1568 2744 1580 2761 ,
1603 2721 1733 2755 unicum
1741 2718 1838 2761 suum
1846 2714 1914 2765 post
1929 2723 2032 2751 Deum
2058 2717 2090 2750 in
2106 2717 2206 2750 terris
2213 2717 2271 2759 fie-

223 2773 372 2819 premam
387 2772 484 2820 caput
497 2789 508 2805 ‚
532 2766 659 2799 counita
671 2764 790 2808 diffidia
803 2789 814 2805 ‚
839 2770 882 2803 Θ·
899 2767 971 2801 hinc
990 2766 1121 2809 causata
1137 2767 1370 2803 catholicorum
1384 2768 1542 2804 Fidelium
1553 2793 1565 2809 ‚
1589 2767 1721 2814 imperii
1736 2767 1925 2813 Principum
1937 2777 1974 2799 ac
1978 2762 2123 2804 statuum
2142 2763 2269 2805 exilia,

227 2812 475 2867 exspoliationes
488 2836 498 2852 ‚
523 2820 624 2858 atque
641 2811 813 2854 eversiones
823 2822 873 2848 tot
886 2815 1138 2849 Provinctarum
1153 2839 1164 2854 ,
1187 2816 1435 2861 'Principatuum
1450 2840 1460 2857 ‚
1484 2818 1653 2852 Ditionum
1666 2839 1679 2856 ,
1703 2818 1746 2853 Θ
1770 2815 2018 2862 Episcopatuum
2033 2837 2042 2853 ›
2068 2821 2104 2847 ut
2119 2824 2175 2847 nec
2200 2811 2271 2859 ''1³sss

226 2861 356 2906 quidem
363 2860 469 2902 saeris
478 2859 610 2905 parsum
618 2857 727 2901 fuerit
739 2883 750 2899 ,
771 2860 888 2905 quibus
900 2858 1142 2896 calamitatibus
1154 2864 1198 2898 Θ
1213 2861 1388 2904 furoribus
1402 2875 1462 2899 non
1483 2863 1589 2900 minus
1612 2866 1656 2900 Θ
1668 2861 1772 2904 nostra
1787 2861 1928 2905 Dioecesis
1959 2863 2000 2896 ad
2013 2868 2197 2896 extremum
2218 2859 2272 2903 us-

225 2919 290 2955 que
297 2909 440 2954 gradum
455 2907 662 2964 dilacerata,
680 2908 844 2953 praedic‘ils
859 2906 1019 2943 Patribus
1036 2917 1098 2954 pro
1116 2910 1278 2944 commoda
1306 2912 1350 2946 Θ
1364 2911 1504 2957 ipsorum
1520 2910 1663 2953 instituto
1682 2922 1823 2958 congrua
1835 2909 2056 2948 habitatione,
2083 2907 2270 2949 domicilio,

222 2956 283 3000 seu
297 2953 480 2995 Monaslern
498 2955 566 2990 loco
583 2979 593 2995 ‚
621 2967 654 2990 tn
679 2966 743 3002 quo
755 2959 798 2992 Θ
821 2955 917 2999 officio
932 2956 991 3000 suo
1005 2980 1015 2996 ,
1048 2958 1091 2992 Θ
1109 2957 1279 2992 intentioni
1299 2955 1406 2997 nostrae
1420 2959 1536 2995 melius
1547 2985 1557 3000 ‚
1583 2962 1626 2997 Θ
1649 2958 1780 2994 uberius
1786 2957 1978 3004 satisfacere
1993 2981 2003 2999 ‚
2030 2960 2073 2994 Θ
2087 2957 2120 2991 in
2135 2958 2270 2992 Domino

222 3002 426 3047 fruliificare
443 3001 641 3059 valuiffent3
661 3004 838 3050 providere
859 3016 918 3040 non
927 3004 1151 3051 potuerimus,
1174 3013 1232 3051 per
1248 3007 1310 3040 Dei
1326 3013 1434 3041 tamen
1451 3009 1682 3055 omnipotentis
1699 3006 1901 3043 clementiam
1912 3031 1923 3047 ‚
1947 3011 1990 3044 Θ
2013 3005 2186 3049 vilioriofiz
2211 3010 2271 3040 Sa·

228 3062 290 3087 crae
308 3051 450 3094 Caesareae
465 3049 645 3097 Majestatts
657 3062 749 3086 arma
757 3059 875 3097 pacato
887 3064 945 3087 non
955 3052 1040 3087 nihil
1050 3053 1182 3098 Imperii
1184 3050 1273 3092 statu
1283 3077 1293 3092 ‚
1319 3051 1340 3086 a'
1349 3055 1581 3101 quinquennali
1592 3055 1694 3091 exilio
1709 3057 1878 3096 revocati,
1892 3058 1936 3092 Θ
1949 3056 1991 3090 ad
2004 3052 2171 3094 devastata
2187 3055 2273 3087 01·oe-

228 3111 265 3134 ce
275 3111 303 3134 ts
319 3097 427 3139 nostra
441 3099 511 3134 loca
523 3098 664 3143 reversi,
693 3100 820 3134 dirutas
832 3099 1001 3144 Reli-fias,
1026 3105 1069 3137 Θ
1081 3100 1253 3147 profanata
1267 3101 1389 3147 templa
1405 3127 1415 3141 ,
1438 3106 1482 3140 Θ
1495 3105 1599 3139 onmia
1609 3128 1619 3144 ,
1646 3103 1735 3152 quasi
1748 3104 1780 3138 in
1794 3102 2044 3146 aliamformam
2057 3126 2066 3142 ,
2097 3105 2139 3138 Θ
2146 3100 2271 3144 faciem

228 3147 358 3203 redatfta
375 3148 640 3204 deprehendentes
653 3172 664 3188 ,
686 3144 775 3182 tanto
802 3147 955 3193 majorem
974 3157 1034 3195 pro
1040 3146 1136 3189 finali
1153 3150 1279 3184 tandem
1298 3147 1394 3188 nostri
1418 3151 1450 3185 in
1463 3151 1568 3194 solius
1585 3154 1664 3192 bei,
1692 3150 1984 3198 Sanitiffi'mumque
2008 3147 2077 3195 ejus
2097 3150 2270 3184 honorem

229 3205 322 3243 coeptr
336 3194 484 3242 propositi
498 3219 509 3234 ‚
526 3197 568 3231 Θ
584 3194 729 3237 desiderii
742 3196 968 3241 complemento
981 3197 1161 3231 invenimus
1170 3194 1353 3244 impulsum,
1369 3197 1487 3243 quanto
1503 3198 1768 3242 detestabiliorem
1790 3200 1971 3234 animarum
1982 3197 2272 3245 periclitationem,

230 3244 475 3289 &subreptum
485 3244 599 3290 gregis
614 3241 710 3282 nostri
721 3241 892 3288 depastum,
901 3252 961 3290 per
973 3241 1061 3283 istam
1077 3245 1148 3278 inde
1154 3244 1307 3291 fugatam
1322 3246 1584 3289 adversariarum
1599 3248 1745 3291 hereseon
1756 3245 1938 3293 (affumpta
1950 3247 1982 3281 in
1996 3245 2148 3289 occasione
2161 3246 2274 3290 depra-

229 3299 387 3348 vatorum
401 3298 581 3346 temporum
594 3290 754 3346 licentia)
775 3292 817 3324 ad
829 3291 949 3326 malum
962 3290 1182 3338 vigilantiam,
1198 3290 1410 3339 adstipulante
1425 3306 1589 3332 armorum
1603 3300 1646 3333 Θ
1660 3298 1713 3332 vis
1719 3294 1858 3343 publica
1875 3295 2087 3342 praepotentia
2101 3306 2152 3332 ‚co
2177 3293 2273 3328 novi-

233 3349 304 3395 mus
319 3351 351 3394 tn
363 3339 452 3374 ovile
462 3338 598 3380 nostrum
610 3337 735 3384 irrutffe
747 3362 758 3379 ‚
784 3341 828 3375 Θ
847 3340 1110 3386 impedimentum
1134 3351 1193 3374 non
1204 3348 1390 3387 propagata
1410 3346 1454 3379 Θ
1471 3341 1622 3383 restituta
1642 3343 1781 3380 ulterius
1797 3352 1857 3390 pro
1869 3343 1994 3376 ratione
2007 3343 2080 3377 voti
2099 3305 2195 3381 nosfri
2211 3347 2273 3385 Re-

232 3385 362 3433 hgioms
375 3386 542 3422 Catholicae
563 3398 622 3421 non
635 3388 789 3433 exiguum
802 3384 943 3431 attuliffe
963 3411 972 3426 ‚
983 3388 1174 3432 eandemque
1186 3387 1270 3422 hanc
1277 3397 1446 3434 paternam
1456 3389 1591 3430 nostram
1597 3393 1836 3435 solicitudinem
1852 3388 1942 3425 nobis
1954 3387 2186 3433 commtffizrum
2202 3389 2272 3423 am·-

234 3443 360 3470 marum
374 3459 384 3475 ,
404 3436 580 3491 acpiorum
603 3433 836 3470 catholicorum
852 3460 861 3475 ,
894 3433 1163 3477 dilet‘iiffimorum
1179 3433 1269 3469 nobis
1294 3438 1338 3472 Θ·
1342 3435 1490 3476 fidelium
1507 3438 1692 3486 superstites
1712 3440 1859 3486 reliquia
1882 3439 1913 3472 in
1933 3434 2035 3476 nostra
2047 3436 2178 3479 Dioecesi
2192 3462 2201 3477 ‚
2226 3439 2270 3474 Θ

236 3480 336 3536 adhue
355 3493 474 3538 exiguo
489 3493 621 3517 numero
641 3484 705 3529 pits
714 3483 865 3531 precibus
885 3489 1047 3516 auxerunt
1059 3505 1071 3522 ,
1099 3485 1141 3519 Θ
1161 3491 1222 3529 pro
1234 3490 1361 3518 maturo
1374 3485 1567 3522 imminentis
1581 3490 1733 3536 perpetui
1746 3486 2008 3530 conscientiarum
2025 3509 2036 3525 ,
2060 3496 2098 3518 ac
2113 3487 2203 3520 Fidei
2212 3498 2268 3521 no-

231 3525 293 3578 ,ᾷνι
304 3529 408 3584 damni
421 3553 433 3571 ,
454 3534 499 3567 Θ
514 3532 609 3565 ruina
624 3532 762 3566 remedio
779 3530 924 3566 dolenter
941 3529 1156 3576 implorarunt
1170 3543 1179 3563 z
1196 3530 1275 3573 ursit
1293 3534 1335 3567 Θ
1348 3531 1418 3578 ipsa
1436 3537 1485 3569 rei
1504 3535 1661 3578 neceffitas
1674 3561 1684 3576 ,
1696 3536 1845 3582 fallique
1857 3534 2023 3570 evidentia
2035 3558 2045 3573 ,
2071 3537 2114 3570 Θ
2129 3535 2268 3581 undique

230 3584 351 3631 Jamf'?
362 3584 439 3622 agro
456 3580 585 3615 Domini
591 3578 830 3625 supercrescens
843 3582 887 3615 Θ·
901 3577 1013 3613 multis
1036 3578 1138 3612 modis
1155 3577 1336 3624 prevalens
1344 3581 1479 3617 zizania
1491 3606 1502 3622 ,
1523 3584 1565 3617 ad
1574 3594 1671 3628 quam
1685 3583 1856 3618 eruendam
1868 3592 1950 3617 novo
1962 3581 2089 3624 rursum
2103 3591 2180 3628 opus
2195 3586 2267 3617 erat

237 3621 364 3677 auxum
374 3645 384 3661 ,
394 3633 477 3678 nova
488 3626 618 3661 cultura
631 3650 640 3666 ‚
657 3626 769 3661 bonam
782 3651 793 3667 ,
807 3630 862 3666 Θ,
875 3628 926 3661 uti
930 3626 1099 3671 speramus
1109 3649 1119 3664 ‚
1125 3624 1274 3667 fertilem
1281 3625 1420 3669 sementi
1431 3631 1552 3676 copiam
1557 3629 1779 3676 fiaeppetitante
1790 3629 1858 3665 loco
1871 3632 1914 3667 Θ
1930 3627 2063 3672 Ecclefia
2075 3636 2107 3665 s.
2121 3627 2268 3665 armandi

237 3681 270 3703 m
279 3667 438 3711 suburbio
450 3671 627 3726 collegiata
641 3675 735 3710 Diva
749 3677 863 3709 Μανία
889 3674 1032 3721 Virginis
1039 3672 1102 3715 sita
1113 3697 1123 3713 ‚
1146 3674 1248 3708 eidem
1274 3686 1312 3709 ue
1331 3687 1402 3711 cum
1410 3674 1541 3720 juribus
1558 3677 1630 3721 suis
1644 3680 1823 3714 attinente:
1852 3689 1922 3725 quae
1942 3688 2013 3712 cum
2026 3677 2115 3720 fatto
2128 3677 2265 3724 assensu,

237 3719 281 3752 Θ*
294 3715 519 3761 ‘Oml’laoent'a
535 3726 589 3755 Ma
612 3720 742 3761 istratus
754 3722 854 3757 civici
866 3747 876 3762 ‚
894 3731 956 3768 per
971 3725 1046 3767 ‘Nos
1059 3719 1178 3756 ibidem
1190 3684 1353 3760 ‘ospitati
1363 3747 1373 3763 ‚
1397 3726 1593 3760 demandata
1608 3725 1680 3772 jam
1695 3730 1738 3763 Θ
1753 3725 1921 3771 efficaciter
1933 3734 2058 3770 tentate
2070 3719 2268 3762 demolitioni

239 3765 329 3807 (non
340 3762 442 3799 minus
453 3777 491 3800 ac
503 3765 571 3811 alig
590 3769 694 3818 smiles
710 3772 743 3807 in
751 3769 1076 3816 suburbiisfunditus
1096 3769 1210 3814 eversis
1224 3769 1372 3817 Ecclesif,
1382 3773 1550 3821 Hospitale
1563 3779 1596 3810 s.
1612 3776 1753 3822 spiritus
1769 3800 1781 3818 ‚
1807 3787 1844 3811 ac
1859 3780 2011 3812 Fratrum
2032 3776 2071 3812 de
2083 3775 2271 3852 montelcar.

2137 3831 2185 3854 me
2202 3830 2220 3852 0
