2658 4256
490 289 652 372 106

1195 287 1328 373 Pr
1353 315 1393 370 o
1419 320 1469 373 v
1490 285 1592 374 i'n
1614 318 1656 375 c
1681 294 1774 377 ia

421 425 734 477 conversationibus
745 424 955 471 l'aeculara'um
977 423 1165 475 irreligiose
1175 435 1279 473 gerat
1291 426 1553 473 ,tenebiturque
1562 421 1669 461 dirius
1683 423 1918 463 provincialis
1929 424 2025 464 mum
2032 426 2351 482 punireseea'ndbni
2363 438 2509 487 excessus

424 474 616 523 verificatur
625 498 637 518 ‚
654 473 713 510 vel
720 476 895 522 probatos.

524 525 611 563 Haec
624 523 735 558 omnia
749 523 896 574 congesta
909 524 951 566 ὠ·
964 525 1109 573 confefiia
1126 525 1284 562 unanimi
1307 522 1464 571 consensu
1484 521 1839 566 PP.Provincialium
1853 523 1896 564 (θ’
1908 522 2088 572 Custodum
2099 530 2278 579 utriusque
2289 532 2509 582 Provrnciae,

427 585 503 610 cum
525 575 564 609 in
575 571 734 620 prasenti
754 572 914 621 capitulo
925 574 1090 610 Generalt‘
1113 571 1279 623 adeffent,
1307 568 1450 656 Nosgue
1459 572 1599 621 praefati
1625 571 1806 608 Generalis
1831 572 1874 613 (θ’
1888 571 2144 619 ‘Definitort'am
2165 579 2210 614 ad
2227 579 2363 617 illorum
2379 583 2507 633 instem.

427 624 511 659 tiam
526 620 784 669 approbavimus
795 644 807 663 ‚
827 621 1152 669 &confirmavimus
1170 649 1179 664 ‚
1191 631 1232 658 ut
1240 629 1382 670 perpetu

1411 620 1570 657 valeant.
1595 619 1638 656 Et
1657 620 1703 655 ad
1721 620 1830 668 majus
1847 621 1953 656 robur
1966 621 2044 659 Nos
2054 622 2092 658 in
2110 624 2172 662 hac
2180 626 2504 682 fihedasubfiripst.

427 668 732 708 musAnn01618.
757 668 827 707 Dte
843 680 899 716 24.
919 669 1052 720 Junii,
1077 672 1115 707 in
1137 669 1206 708 loco
1225 669 1339 720 nostrae
1357 668 1524 718 praedifiae
1537 667 1760 716 Definitionis
1772 667 1975 706 Generalis.

840 854 917 904 Fr.
947 852 1131 904 Clemens
1163 857 1190 903 ἃ
1222 851 1340 902 Noto
1378 850 1596 901 Generalis
1608 885 1625 908 ,
1661 867 1748 898 cum
1773 848 2028 916 Defihitorio
2054 851 2252 902 Generali
2262 888 2280 912 ,

985 927 1040 974 (θ’
1066 926 1275 993 utriusque
1312 921 1572 972 Provinciae.

521 1110 671 1161 Exempl.
694 1107 866 1150 Anthemu
890 1112 930 1149 ἱη
941 1111 1055 1150 Arch.
1069 1110 1232 1150 Generah'
1244 1108 1336 1147 Ord.
1351 1108 1534 1146 ‘Ammo
1547 1105 1742 1147 Provincia
1762 1106 1930 1143 Plandro·
1939 1108 2080 1156 Belgica
2090 1133 2100 1144 .

422 1310 913 1325 ———*-

418 1474 699 1524 Elestionem
722 1473 921 1524 duorum
941 1479 1172 1532 Fratrum,
1186 1476 1318 1523 unius
1336 1477 1429 1541 qui·

486 1545 594 1594 dem
622 1545 667 1591 in
692 1544 960 1594 Ministrum
981 1546 1314 1596 Provincialem
1335 1579 1350 1602 ‚
1377 1543 1426 1596 ἃ

487 1614 672 1664 alterius
700 1617 745 1662 in
776 1614 1118 1676 Definitorem‘,
1153 1618 1199 1663 in
1227 1615 1425 1664 eodem-2

485 1685 704 1754 Capitulo
735 1682 904 1735 fafiam
941 1684 1092 1735 sanat.

415 1873 963 1924 CLEMENS
1052 1873 1278 1921 PAPA
1351 1874 1417 1920 X.

597 2057 667 2102 Ad
677 2057 868 2116 futuram
895 2060 956 2102 rei
980 2059 1225 2100 memoriam.

521 2230 656 2286 Xponi
675 2231 803 2275 Nobis
819 2247 945 2288 nuper
959 2232 1145 2277 fecerunt
1159 2231 1295 2275 dilecti
1312 2231 1420 2281 Filii,

540 2295 699 2335 Fratres
733 2293 950 2334 Provinciae
974 2292 1189 2342 Walloniae
1208 2318 1223 2339 ,
1254 2289 1420 2332 Ordinis

410 2352 596 2393 Fratrum
612 2349 813 2391 Minorum
839 2355 877 2394 S·
899 2349 1096 2393 francisci
1116 2351 1419 2404 capucinorum

410 2417 737 2463 nuncupatorum
753 2435 766 2458 ‚
779 2408 887 2464 quod
904 2409 944 2449 in
958 2409 1158 2464 Capitulo
1173 2405 1419 2451 Provinciali

405 2467 517 2510 dietae
531 2467 752 2508 Provinciae
767 2467 968 2510 noviffime
982 2468 1208 2518 celebrato,
1223 2467 1306 2509 duo
1323 2468 1420 2508 Fra·

408 2534 492 2568 tres
511 2524 700 2568 Germani
715 2523 892 2580 ejusdem
911 2526 1132 2567 Prov‘inciae
1151 2523 1410 2573 Professores,

406 2598 506 2626 unus
523 2582 686 2639 quidem
701 2582 738 2622 in
755 2582 980 2625 Ministrum
998 2583 1296 2626 Provincialem
1311 2611 1325 2634 ‚
1351 2582 1411 2623 al-

405 2655 470 2685 ter
492 2644 590 2685 vero
607 2642 645 2682 in
663 2639 934 2683 Definitorem
959 2642 1072 2684 dlstae
1087 2643 1308 2683 Provinciae
1333 2639 1413 2682 res-

403 2701 562 2758 pective
591 2700 709 2741 elesti
726 2697 890 2741 fuerunt
905 2729 918 2752 ,
946 2708 1087 2742 contra
1107 2700 1312 2755 quoddam
1328 2701 1412 2741 De-

404 2768 566 2814 cretum
580 2783 592 2805 2
623 2759 646 2800 ὲ
661 2755 730 2799 fel.
749 2757 911 2800 record.
929 2757 1163 2801 Alexandro
1189 2762 1294 2814 Papa
1313 2760 1411 2799 VII.

403 2814 697 2863 Praedeceffore
723 2817 872 2859 Nostro
892 2817 1046 2861 editum
1064 2846 1078 2868 ,
1110 2831 1193 2872 quo
1219 2815 1412 2872 prohibe-

404 2889 472 2920 tur
488 2873 695 2930 expresse,
724 2888 772 2916 ne
797 2873 880 2916 duo
905 2878 1063 2917 fratres
1080 2876 1244 2918 Ordinis
1296 2874 1412 2917 raedi-

403 2937 454 2978 <sti
478 2936 607 2990 primo
626 2931 981 2987 consanguinitatis
998 2934 1125 2987 gradu
1141 2934 1246 2976 inter
1261 2891 1300 2975 se
1314 2947 1410 2974 con-

405 2995 528 3052 juncti
554 2991 708 3034 insu-nul
732 2992 857 3033 fintin
874 2990 1125 3034 Definitorio
1141 2991 1411 3034 provinciali.

461 3055 568 3095 Cum
585 3059 721 3093 autem
737 3077 751 3098 a
765 3049 860 3092 ficut
881 3052 1026 3094 eadem
1040 3050 1233 3106 expolitio
1250 3049 1411 3106 subjun-

407 3111 557 3167 gebat,
581 3111 621 3152 in
636 3109 832 3152 electione
853 3107 1077 3163 hujusmodi
1096 3110 1197 3151 bona
1218 3107 1298 3152 fide
1318 3122 1415 3163 pro-

406 3168 553 3213 cessum
594 3166 716 3210 fuerit
741 3194 755 3215 a
791 3177 953 3209 attento
977 3194 991 3216 ‚
1036 3167 1145 3224 quod
1176 3166 1398 3224 hujusmodi

406 3231 626 3273 Decretum
662 3228 700 3269 in
719 3227 932 3271 Provincia
963 3228 1146 3282 praedic‘ta
1177 3240 1410 3281 nunquam-

324 3277 328 3280 .
403 3288 480 3331 fuit
511 3285 782 3338 notificatum-1,
816 3285 944 3327 Nobis
962 3298 1176 3340 propterea
1203 3285 1298 3327 disti
1324 3286 1409 3326 Ex—

403 3355 606 3404 ponentes
626 3344 834 3388 humiliter
847 3341 1059 3399 supplicari
1080 3345 1291 3395 fecerunt,
1307 3344 1405 3385 utin

403 3403 598 3461 praemiffis
615 3404 844 3459 opportune
860 3403 1079 3458 providere
1092 3433 1107 3455 ‚
1136 3406 1176 3446 &
1191 3430 1204 3454 ,
1216 3412 1262 3445 ut
1286 3399 1405 3452 infra,

400 3464 612 3519 indulgere
629 3464 680 3506 de
706 3461 954 3520 benignitate
966 3463 1199 3519 Apostolica
1217 3461 1406 3516 dignare·

403 3539 492 3567 nlur
507 3551 519 3562 ο

460 3586 546 3625 Nos
561 3582 686 3637 igitur
699 3579 801 3638 ipsos
816 3581 1079 3634 Exponentes
1092 3607 1105 3631 ,
1120 3593 1166 3622 ac
1183 3578 1406 3621 Minissrurfi

400 3641 694 3686 Provincialem
709 3668 723 3691 ,
749 3641 788 3681 &
806 3638 1072 3682 Definitorem
1094 3637 1303 3693 praedizstos
1319 3638 1406 3691 spe-

399 3699 567 3743 cialibus
595 3701 670 3740 &c.
708 3699 891 3741 volentes
908 3727 921 3750 ,
953 3700 990 3739 δι
1013 3711 1159 3740 corum
1185 3696 1404 3751 singulares

399 3758 592 3800 Personas
609 3758 628 3798 zi
643 3757 847 3813 quibusvis
861 3759 937 3799 &c-
954 3756 1162 3799 censentes
1175 3783 1189 3805 2
1204 3754 1405 3812 hujusmo-

397 3817 439 3860 di
463 3816 811 3872 supplicationibus
839 3815 1053 3867 inclinati,
1085 3815 1326 3857 eleffionem
1350 3812 1403 3854 de

392 3874 569 3934 personis
583 3885 898 3919 memoratorum
914 3877 1100 3918 Fratrum
1119 3876 1157 3917 in
1175 3873 1398 3919 Ministrum

1437 1302 2501 1325 ——w——v———n—-D—

1488 1470 1788 1514 Provincialem
1824 1498 1838 1521 ‚
1886 1472 1924 1512 &
1965 1469 2230 1516 Definitorem
2271 1474 2499 1519 Provinciae

1489 1529 1684 1584 praedic‘tae
1710 1529 1927 1583 respestive
1956 1529 2097 1571 fastam
2122 1559 2136 1580 ‚
2181 1542 2225 1575 ut
2251 1534 2495 1589 praefertur,

1486 1588 1726 1646 auctoritate
1750 1588 2007 1641 Apostolica,
2036 1596 2181 1634 tenore
2209 1593 2499 1647 praesentium

1487 1646 1711 1689 validamus
1725 1671 1738 1694 2
1761 1647 1977 1701 omnesque
1990 1647 2027 1687 &
2043 1647 2216 1700 (iugulos
2231 1650 2332 1705 juris
2349 1652 2388 1691 δι
2406 1645 2496 1690 faffi

1479 1699 1682 1752 defeetus,
1698 1703 1722 1745 fi
1740 1703 1808 1758 qui
1823 1703 1995 1759 desuper
2010 1715 2176 1760 propter
2197 1707 2383 1761 praemiffa
2400 1721 2497 1762 quo-

1481 1763 1539 1805 vis
1565 1764 1687 1804 modo
1711 1763 2023 1805 intervenerunt
2038 1791 2052 1814 ‚
2081 1763 2312 1819 supplemus
2329 1767 2366 1807 &
2383 1764 2497 1811 sena-⁸

1480 1833 1595 1872 mus;
1614 1835 1660 1862 ac
1677 1819 1907 1876 predictum
1924 1820 2190 1865 Definitorem
2204 1825 2253 1865 ad
2270 1829 2380 1867 aetus
2394 1850 2407 1872 ‚
2420 1823 2489 1879 qui

1480 1881 1519 1923 in
1558 1880 1744 1934 proxime
1767 1876 1903 1921 futuro
1930 1880 2123 1934 Capitulo
2157 1882 2398 1925 Provinciali
2431 1881 2497 1922 di-

1475 1943 1542 1982 &ae
1558 1937 1776 1985 Provinciae
1798 1939 1834 1980 ei
1862 1946 2063 1993 tamquam
2083 1938 2300 1983 Definitori
2327 1954 2494 1995 compe-

1477 2007 1567 2040 tent
1581 2026 1594 2048 ‚
1619 1996 1857 2039 auooritate
1875 1998 1913 2038 δι
1929 2005 2074 2039 tenore
2092 1999 2289 2051 praedicftis
2308 2028 2321 2051 ‚
2346 2008 2494 2055 quate-

1482 2070 1555 2099 nus
1582 2069 1682 2109 opus
1712 2054 1790 2107 fit,
1817 2055 2102 2098 habilitamus:
2135 2055 2181 2098 ea
2207 2067 2340 2104 tamen
2367 2057 2456 2112 lege
2474 2084 2489 2108 ,

1442 2128 1445 2130 ’
1482 2124 1527 2157 ut
1545 2113 1777 2169 praedistum
1790 2113 2010 2156 Alexandri
2026 2112 2323 2158 Praedecessoris
2339 2118 2492 2156 Decre-

1481 2183 1568 2215 tum
1590 2173 1631 2213 in
1658 2170 1880 2226 supradicta
1912 2172 2126 2214 Provincia
2145 2174 2356 2215 Walloniae
2382 2172 2492 2227 posto

1480 2233 1555 2274 hac
1587 2229 1874 2272 inviolabiliter
1904 2230 2144 2275 observetur
2159 2259 2170 2272 .
2204 2234 2488 2275 Decernentes

1481 2289 1581 2344 ipsas
1597 2288 1809 2343 praesentes
1826 2288 1964 2330 literas
1987 2288 2118 2331 firmas
2133 2316 2147 2338 a
2172 2291 2324 2334 validas
2337 2317 2350 2339 ,
2376 2292 2416 2331 δι
2429 2287 2491 2331 ef-

1479 2347 1624 2391 ficaces
1641 2347 1810 2388 existere
1829 2349 1867 2389 &
1883 2346 1972 2389 fore
1985 2376 2001 2397 ,
2034 2347 2200 2402 suosque
2217 2349 2417 2403 plenarios
2440 2349 2482 2389 &

1480 2407 1660 2461 integros
1678 2405 1838 2447 effeuus
1853 2405 2010 2456 sortiri,
2026 2407 2066 2446 &
2080 2407 2265 2449 obtinere
2278 2437 2293 2458 ,
2323 2421 2370 2449 ac
2387 2406 2487 2459 illis,

1478 2465 1527 2508 ad
1543 2478 1641 2521 quos
1656 2463 1835 2519 speetat,
1863 2463 2080 2518 plenissime
2097 2463 2321 2519 suffragari:
2348 2466 2483 2521 licque

1473 2524 1514 2566 in
1540 2522 1733 2579 praemiffis
1760 2536 1832 2578 per
1854 2521 2122 2578 quoscumque
2143 2525 2306 2578 Judices
2321 2524 2488 2567 ordina·

1471 2583 1551 2637 rios
1564 2612 1579 2633 ,
1593 2583 1629 2623 &
1648 2581 1886 2636 Delegatos‚
1904 2581 2025 2623 etiam
2041 2583 2118 2622 ἃς.
2136 2583 2359 2624 Auditores
2376 2581 2485 2636 iudi-

1477 2643 1560 2683 cari
1577 2671 1592 2692 ,
1619 2642 1658 2682 δι
1681 2638 1841 2681 definiri
1863 2642 2037 2691 debere,
2065 2655 2109 2681 ac
2127 2641 2289 2683 irritum
2314 2643 2392 2682 &c.
2419 2651 2485 2682 at-

1476 2699 1655 2742 tentari-
1678 2701 1775 2741 Non
1791 2700 2038 2741 obstantibus
2059 2699 2254 2753 praemiffis
2271 2729 2284 2750 ‚
2309 2714 2353 2740 ac
2369 2702 2482 2741 Con-

1475 2756 1742 2801 stitutionibus
1760 2785 1772 2809 ,
1794 2759 1834 2798 &
1849 2758 2183 2800 Ordinationibus
2204 2756 2452 2812 Apostolicis
2465 2784 2482 2807 ‚

1472 2831 1548 2858 nec
1569 2830 1665 2866 non,
1677 2827 1871 2869 quatenus
1888 2831 1986 2872 opus
2012 2815 2055 2856 fit
2072 2843 2085 2865 2
2100 2817 2267 2857 Ordinis
2283 2846 2296 2866 ‚
2328 2817 2367 2856 δι
2384 2817 2486 2857 Pro-

1475 2875 1612 2917 vinciae
1633 2873 1856 2927 hujusmodi
1876 2876 1994 2917 etiam
2011 2875 2089 2913 &c-
2117 2873 2271 2917 statutis
2289 2903 2302 2925 ‚
2327 2875 2364 2916 Sc
2381 2886 2482 2915 con-

1473 2932 1749 2975 suetudinibus
1763 2963 1778 2983 ,
1794 2933 2017 2988 privilegiis
2031 2935 2106 2972 &c-
2126 2934 2324 2975 innovatis
2341 2962 2352 2972 .
2375 2931 2480 2991 Qi-

1471 2991 1547 3032 bus
1561 2991 1746 3034 omnibus
1763 3019 1776 3042 ‚
1793 2993 1833 3032 δι
1849 2990 2008 3046 lingulis
2032 2990 2197 3032 illorum
2217 3001 2383 3032 tenores
2399 2994 2479 3031 &c.

1474 3049 1716 3105 derogamus
1744 3077 1758 3101 ,
1797 3050 2029 3104 caeterisque
2060 3048 2273 3091 contrari1s
2317 3046 2481 3104 quibus-

1474 3122 1566 3149 cum
1597 3122 1645 3150 ue
1659 3137 1671 3148 .

1532 3124 1678 3213 Dgtum
1692 3167 1830 3207 Romae
1843 3165 1948 3220 apud
1960 3165 2175 3212 S-Mariam
2191 3164 2388 3222 Majorem
2405 3164 2475 3208 sub

1469 3224 1634 3268 Annulo
1652 3222 1866 3266 piscatoris
1884 3223 1952 3264 die
1969 3239 2088 3267 xv11-
2112 3223 2218 3278 Junii
2245 3238 2476 3268 MDchxl.

1469 3282 1730 3327 Pontificatus
1750 3282 1885 3325 Nostri
1900 3283 2021 3324 Anno
2044 3282 2244 3325 secundo.

2053 3460 2086 3500 1.
2109 3460 2161 3500 G.
2180 3455 2328 3500 slufius
2343 3486 2355 3498 .

1527 3640 1670 3692 Autog.
1695 3635 1740 3677 in
1757 3634 1877 3677 Arch.
1893 3636 2034 3675 Secret.
2052 3636 2170 3676 Brev.
2187 3633 2314 3692 Apost.
2328 3632 2470 3690 regesto

1580 3693 1698 3753 mensi
1714 3693 1762 3742 δ’
1776 3695 1870 3735 anm·
1888 3692 2014 3749 praed·
2034 3693 2115 3751 sol.
2131 3706 2198 3749 29.

2251 3927 2286 3968 A
2315 3927 2414 3967 Pro·
2459 3901 2461 3904 ι
