2638 4204
736 263 1173 354 stauriaco
1204 297 1260 328 =
1295 258 1776 374 Hungarica.
2043 292 2198 370 231

329 401 456 448 Dum
491 396 538 449 &
568 399 686 449 idem
719 403 975 466 Imperator
1007 395 1195 446 salutare
1218 391 1574 443 Reformationis
1604 407 1718 457 opus
1758 391 1802 438 in
1834 394 2052 450 Boemia,
2086 393 2135 445 &
2167 400 2262 446 Au.

197 467 299 519 stria
317 503 334 527 ‚
358 472 456 518 zelo
476 474 617 519 Patris
644 469 708 520 sui
741 468 1007 518 Ferdinandi
1031 470 1107 515 ΙΙ.4
1131 465 1293 515 ἀαέὶαε
1320 463 1572 514 continuari
1600 463 1829 518 decrevit,
1861 481 1951 511 non
1974 463 2123 513 solum
2152 470 2258 515 Fra.

198 553 287 588 tres
312 540 483 589 nostros
519 543 564 589 in
596 556 739 609 partes
781 536 864 587 suae
894 534 1206 584 sollicitudinis
1235 571 1249 593 ,
1290 533 1338 584 <St
1377 531 1831 583 DD.·Par0ch0rum
1860 531 2109 583 subsidium
2140 535 2257 584 dele-

195 611 267 678 git
284 644 300 666 ,
327 606 401 659 sed
435 609 621 678 ipsemet
645 612 784 659 etiarn
813 623 920 656 cum
946 606 999 653 iis
1017 604 1277 661 Fratribus,
1306 605 1383 668 qui
1407 607 1506 672 lege
1524 599 1911 652 Constitutionurn
1935 605 2127 654 Ordinis
2151 609 2255 654 No-

195 680 270 728 stri
313 683 369 730 ad
398 683 535 730 vineae
560 683 737 729 cultum
773 680 895 727 exire
930 675 1124 725 necdum
1153 688 1398 741 poterant,
1444 669 1687 739 dispensari
1728 673 2069 725 clementissime
2103 677 2259 743 requi-

196 748 299 801 fivit
323 786 342 811 ,
387 750 501 800 datis
533 750 591 800 ad
619 750 778 799 Emin.
802 752 861 797 D.
879 747 1170 796 Cardinalem
1197 744 1428 794 Columna
1462 743 1646 792 Litteris
1676 743 1738 792 ita
1766 740 2026 793 sonantibus
2046 783 2059 796 .

450 907 1277 980 FERDINANDUS
1345 900 1823 972 TERTIUS
1890 904 2015 974 &a

328 1074 481 1124 Rn’iam
498 1070 792 1120 Paternitatem
825 1070 1005 1136 Vestram
1034 1071 1166 1119 celare
1187 1088 1265 1118 non
1281 1069 1488 1137 poffiaemus
1501 1104 1517 1126 ‚
1554 1062 1649 1121 Nos
1672 1082 1750 1134 pro
1782 1065 2015 1135 singulari,
2044 1067 2121 1138 quil
2151 1089 2253 1138 erga

189 1142 327 1194 Deum
341 1178 357 1201 ,
385 1141 545 1211 ejusque
568 1142 614 1191 S.
633 1141 847 1209 Ecclesiam
857 1139 1042 1208 ferimur
1058 1178 1074 1201 ,
1101 1145 1278 1208 pietatis
1301 1159 1349 1188 ac
1378 1142 1614 1208 Religionis
1654 1139 1768 1186 cultu
1805 1143 1850 1186 in
1881 1138 1932 1186 id
1952 1158 2056 1188 nunc
2070 1141 2254 1207 studium

189 1213 438 1273 incumbere,
463 1229 511 1263 ut
543 1217 714 1262 omnium
728 1213 942 1279 nostrorum
956 1212 1217 1280 ‘Regnorum
1231 1248 1246 1271 ,
1286 1212 1689 1279 Provinciarumque
1700 1209 1869 1273 subditi
1891 1246 1907 1268 ,
1939 1213 1994 1259 Θ·
2024 1231 2156 1260 eorum
2182 1212 2254 1260 ad-

189 1287 266 1335 huc
299 1288 325 1335 ἃ
354 1289 436 1336 via
450 1285 608 1351 salutis
631 1283 864 1333 aberrantes
892 1282 1052 1332 Am'mae
1080 1284 1138 1333 ad
1152 1301 1301 1335 veram
1333 1282 1626 1332 Orthodoxam
1657 1281 1801 1330 fidem
1827 1282 1969 1330 reduci
1995 1299 2171 1349 queant:
2202 1283 2258 1330 <9²

187 1356 340 1404 idcirco
363 1371 449 1404 tam
475 1360 519 1404 in
536 1354 720 1405 ‘Boemia
736 1389 752 1412 ,
777 1357 898 1421 quam
913 1355 1079 1422 Austria
1094 1355 1284 1421 fiilutare
1300 1352 1658 1421 ‘Reformationis
1689 1366 1784 1418 opus
1801 1353 2014 1420 instituiffe
2030 1390 2045 1412 ,
2082 1372 2127 1402 ac
2150 1358 2261 1401 inter

191 1427 297 1474 alios
325 1430 449 1474 etiam
474 1426 620 1475 Patres
648 1425 873 1491 Capucinos
898 1429 941 1472 eo
968 1425 1124 1494 requisi
1127 1425 1228 1493 off
1251 1461 1267 1483 ,
1299 1440 1345 1473 ut
1379 1439 1538 1491 operam
1552 1425 1674 1492 fitam
1705 1425 1785 1472 buc
1808 1423 2062 1492 conferrent,
2101 1427 2155 1473 ὢ·
2187 1426 2260 1472 hu·

178 1499 261 1559 jus
282 1499 413 1560 operis
438 1496 612 1561 affidui,
642 1514 691 1543 ac
703 1494 932 1563 ftrventes
956 1496 1077 1563 efflat
1108 1496 1379 1561 Coadjutores
1396 1532 1411 1554 ,
1445 1494 1809 1563 ‘Promotorestquffi

332 1565 390 1614 Et
426 1570 524 1633 quia
554 1585 630 1614 non
661 1565 895 1615 dubitamus
912 1567 1042 1616 didos
1067 1568 1213 1616 Patres
1236 1569 1314 1616 hac
1340 1572 1385 1615 in
1425 1566 1554 1616 Vinea
1584 1564 1760 1612 Domini
1782 1577 1943 1629 operam
1960 1564 2081 1631 fitam
2098 1563 2262 1613 sirenue

190 1651 423 1685 navaturos
447 1638 501 1684 ὠ·
523 1651 601 1702 pro
617 1637 728 1703 pff
752 1637 1035 1686 laboraturos:
1061 1639 1164 1686 Cum
1194 1641 1301 1688 vero
1335 1655 1398 1684 eos
1422 1636 1481 1685 ad
1499 1634 1764 1684 excolendam
1788 1638 1960 1684 vineam
1975 1671 1990 1693 ,
2019 1637 2070 1683 (¹5
2101 1650 2261 1702 promo·

190 1706 371 1756 vendam
399 1707 503 1754 hanc
525 1707 610 1754 Dei
632 1707 788 1772 causam
805 1707 1028 1772 sufficienti
1052 1710 1345 1773 Operariorum
1369 1706 1429 1755 ad
1442 1708 1518 1755 boc
1540 1704 1845 1773 necfftriorum
1863 1725 2027 1755 numero
2050 1707 2261 1773 destitutos

189 1778 470 1843 intelligamus
484 1812 500 1835 ,
534 1779 606 1845 qui
628 1791 751 1841 porro
785 1776 963 1843 destc‘lus
997 1779 1092 1827 inde
1119 1778 1309 1844 suppleri
1341 1777 1471 1844 pfft
1489 1813 1504 1835 ,
1523 1776 1580 1843 st
1599 1775 1866 1827 Provinciali
1889 1777 2064 1826 Boemiae
2089 1779 2143 1826 &⁶
2169 1780 2261 1828 Au·

187 1845 302 1894 Hriae
327 1849 500 1904 liceret,
528 1862 681 1895 certum
708 1866 912 1896 numerum
951 1848 1203 1897 Clericorum
1242 1849 1421 1897 Ordinis
1455 1846 1730 1915 Prcfiſjbrum
1747 1883 1762 1905 ,
1800 1852 1873 1915 qui
1910 1852 2225 1916 quinquennium
2244 1885 2262 1907 ,

187 1931 259 1964 aut
284 1919 408 1964 etiam
423 1917 665 1983 fixennium
690 1925 734 1965 in
750 1918 997 1986 ‘Qlt'gione
1024 1919 1294 1986 absolverunt
1309 1954 1326 1977 ,
1355 1919 1409 1967 Θ
1433 1919 1542 1967 alias
1559 1918 1693 1967 idonei
1707 1917 1802 1984 stnt
1819 1954 1835 1976 ‚
1870 1921 1929 1968 ad
1947 1917 2264 1970 Sacerdotium...

180 2000 426 2052 promovere
442 2023 457 2045 ,
493 2006 639 2036 necnon
665 1987 870 2054 studiosos
893 1988 1134 2040 Conventus
1164 1988 1371 2046 Lincenfi's
1389 2025 1404 2046 ‚
1439 1987 1586 2058 quibus
1603 1988 1662 2036 ad
1667 1989 1800 2057 studii
1815 1990 2144 2056 complementum
2158 1996 2266 2055 jux-

189 2071 246 2104 ta·
259 2057 319 2104 01
327 2056 435 2104 dinis
465 2057 776 2122 Constitutiones
799 2077 902 2106 unus
929 2076 1054 2108 annus
1082 2060 1199 2109 dee-,fl
1211 2098 1226 2122 ,
1258 2061 1316 2110 ad
1336 2059 1513 2127 officium
1537 2058 1878 2110 Concionatorum
1907 2061 2128 2111 admittere
2145 2098 2163 2121 ,
2188 2065 2262 2132 qui

190 2139 355 2190 capaces
380 2131 432 2173 &²
462 2126 597 2175 idonei
631 2128 690 2175 ad
715 2129 828 2177 illud
838 2129 957 2195 sint.

332 2193 483 2265 Qare
497 2231 512 2255 ,
539 2215 589 2245 ne
612 2197 793 2248 nostrum
815 2200 1009 2266 salutare
1029 2199 1278 2269 propofi'tum
1307 2201 1357 2250 ob
1384 2200 1582 2270 deset‘ium
1608 2202 1904 2268 operariorum
1934 2203 2024 2251 ulla
2059 2221 2114 2251 ex
2141 2218 2266 2270 parte

193 2266 467 2331 impediatur,
498 2271 676 2335 quinimo
700 2273 744 2316 eo
775 2273 907 2336 magis
922 2284 1222 2333 promoveatur
1236 2309 1252 2331 ,
1287 2272 1378 2322 ideo
1395 2274 1549 2323 Rniam
1570 2273 1870 2323 Paternitatem
1897 2272 2089 2322 Veft'ram
2114 2276 2267 2341 impen-

193 2338 236 2383 .ςέ
264 2338 444 2400 cupimus
475 2338 710 2405 requfitam
726 2375 741 2397 ,
766 2341 881 2390 velit
902 2339 1098 2408 Ministro
1113 2343 1312 2393 Generali
1345 2344 1521 2394 Ordinis
1549 2346 1816 2393 intentionem
1841 2343 2022 2394 nostram
2037 2375 2052 2401 ,
2079 2362 2127 2392 ac
2153 2361 2266 2396 ‘vota

188 2405 377 2471 pluribus
402 2407 611 2472 explicare
626 2445 642 2467 ,
680 2415 735 2458 δέ
759 2411 886 2460 modis
917 2413 1099 2461 omnibus
1130 2414 1338 2464 elaborare
1353 2450 1368 2472 ,
1393 2430 1439 2463 ut
1472 2413 1518 2465 Is
1539 2417 1796 2481 permittat,
1816 2433 1862 2464 ac
1879 2415 2080 2472 Boemiae,
2101 2421 2154 2464 c&
2174 2416 2267 2464 Au-

183 2478 298 2542 striae
330 2475 595 2528 Provinciali
618 2480 843 2546 expreffitm
869 2483 1077 2533 licentiam
1099 2520 1115 2542 ,
1145 2487 1199 2534 &⁵
1212 2484 1466 2553 facultatem
1496 2488 1762 2551 impertiatur
1775 2520 1792 2543 ‚
1818 2501 2016 2555 quatenus
2041 2486 2118 2535 ille
2153 2491 2262 2536 circa

196 2543 376 2594 Clericos
397 2545 595 2617 Profeſj'bs
608 2585 623 2608 ,
663 2558 716 2601 &
730 2549 936 2619 Studiosos
953 2554 1160 2623 Lincenfis
1187 2554 1453 2616 Conventus,
1468 2555 1679 2626 fieppqfi'ta
1696 2591 1712 2614 ,
1738 2571 1786 2605 ut
1809 2557 1940 2624 supra
1958 2593 1974 2616 ,
2004 2558 2230 2606 idoneitate
2246 2593 2264 2616 ,

194 2615 243 2664 de
271 2634 349 2663 non
373 2621 570 2684 completo
599 2639 791 2671 annorum
820 2641 980 2673 numero
1006 2625 1230 2694 dispensare
1255 2664 1270 2686 ,
1322 2628 1459 2696 eosque
1493 2626 1726 2694 rffet‘iive
1759 2628 1818 2676 ad
1847 2626 2126 2677 Sacerdotium
2153 2664 2170 2688 ,
2207 2635 2260 2678 &2¹

196 2685 499 2738 Concionatoris
526 2710 668 2740 munus
694 2692 887 2743 adhibere
904 2695 1030 2761 poffit
1045 2731 1061 2754 ,
1093 2704 1145 2746 ἐφ’
1170 2698 1321 2747 valeat
1339 2734 1352 2747 .

333 2753 470 2825 de
494 2763 537 2806 eo
565 2766 695 2827 magis
718 2764 819 2828 jore
853 2766 1088 2829 confidimus
1105 2801 1119 2824 ‚
1156 2769 1247 2815 citm
1277 2768 1328 2816 id
1357 2767 1415 2816 ad
1446 2766 1683 2833 Religionis
1709 2771 1726 2824 ,'
1757 2764 1957 2832 causaque
1990 2766 2075 2814 Dei
2099 2780 2260 2830 promo-

198 2827 347 2872 tionem
366 2858 382 2882 ,
410 2826 464 2873 (Y
487 2831 532 2875 in
555 2829 679 2895 ipstus
699 2834 822 2878 etiam
849 2834 1023 2882 Ordinis
1051 2836 1194 2885 bonum
1223 2839 1277 2886 &⁰
1302 2852 1557 2903 augmentum
1587 2835 1702 2882 cedat
1718 2872 1730 2884 .
1766 2835 1903 2901 ‚Quod
1914 2851 2153 2904 pergratum
2186 2840 2260 2888 ha·

194 2893 349 2952 bituri,
366 2894 488 2944 Rn'ioe
517 2897 784 2947 ‘Paternitati
809 2900 952 2964 Vestrae
966 2902 1259 2953 benevolentiae
1274 2907 1422 2954 nofirae
1445 2904 1636 2972 affiffum
1658 2908 1704 2953 in
1734 2923 1846 2954 omne
1868 2921 2025 2973 tempus
2039 2910 2255 2976 confirma-

194 2982 310 3013 mus.
347 2964 510 3016 Datum
543 2968 686 3037 Pragae
725 2969 792 3017 die
818 2990 868 3031 9.
888 2969 1139 3036 Septembris
1171 2975 1292 3022 Anno
1318 2985 1465 3036 1652.

338 3103 619 3173 Dispensatio
649 3122 701 3158 ut
718 3108 884 3159 certius
915 3109 1254 3177 subsequeretur
1270 3146 1286 3170 ,
1311 3111 1439 3162 dedit
1463 3109 1513 3164 ἃ
1537 3112 1596 3163 ad
1624 3117 1674 3165 P.
1691 3114 1956 3166 Ministrum
1981 3122 2258 3171 Generalem

197 3172 356 3224 fimilis
388 3177 555 3227 tenoris
584 3180 754 3229 litteras
771 3215 788 3238 ‚
817 3179 864 3231 ὅ(
889 3179 1119 3249 sequentes
1139 3218 1150 3230 .

497 3338 679 3405 NOS
727 3339 1369 3410 FERDINANDUS
1423 3341 1791 3415 TERTIUS
1840 3347 1965 3418 &a

340 3535 482 3586 Celare
511 3557 595 3589 vos
622 3539 822 3588 noluimus
838 3574 853 3596 ,
881 3535 977 3586 Nos
1001 3551 1078 3603 pro
1104 3538 1255 3585 eximio
1281 3538 1418 3588 nos‘iro
1443 3542 1488 3589 in
1500 3539 1673 3599 Deum,
1697 3542 1858 3609 ejusque
1887 3540 2106 3611 Ecclefi'am
2127 3547 2259 3600 deve,-

205 3604 328 3650 tionis
355 3605 486 3654 §ludio
505 3645 521 3667 ,
555 3614 599 3658 in
626 3610 784 3677 Regnis
808 3610 863 3657 &¹
895 3608 1136 3659 Provinciis
1172 3608 1311 3673 nostris
1330 3644 1346 3666 ,
1381 3627 1428 3658 ac
1454 3615 1499 3660 in
1523 3609 1707 3660 ‘Boemia
1737 3614 1789 3659 (θ’
1813 3612 1979 3677 Austria
2001 3617 2254 3682 praefirtim,

192 3672 382 3738 salutare
397 3674 745 3746 ‘Qftrmationis
772 3693 867 3745 opus
892 3679 1107 3747 prosequi,
1139 3695 1184 3726 ac
1207 3682 1232 3726 ἃ
1263 3696 1371 3727 vera
1400 3680 1559 3747 salutis
1591 3685 1673 3731 via
1710 3681 1943 3730 aberrantes
1957 3684 2151 3749 subditos
2187 3709 2256 3737 no·-

203 3741 311 3790 siros
326 3779 340 3799 ,
365 3745 423 3794 ad
444 3747 585 3797 fidem
601 3750 890 3799 orthodoxam
905 3785 920 3808 ,
946 3768 1169 3816 verumque
1197 3749 1318 3798 ovile
1346 3749 1501 3816 Christi
1524 3749 1773 3802 salvatoris
1806 3752 1927 3817 nostri
1953 3758 2136 3807 reducere
2164 3778 2254 3807 con-

203 3811 383 3880 s'iitmffi
412 3851 429 3874 ‚
471 3834 520 3866 ac
543 3821 652 3868 inter
676 3822 853 3889 reliquos
888 3839 1039 3889 quoque
1073 3820 1246 3886 Patrum
1280 3817 1572 3891 Capacinorum
1609 3819 1733 3891 operti
1761 3827 1827 3873 uti
1852 3823 2081 3896 decrevffl
2095 3850 2108 3877 :
2138 3848 2256 3877 non-³

2095 3897 2206 3940 dubi-
