2638 4204
497 217 665 333 306
1181 212 1316 303 Pr
1346 240 1456 302 ov

435 347 598 395 dabitur
612 375 626 397 ,
639 360 684 391 ea
701 343 811 389 fimul
827 350 913 392 tota
926 356 1175 401 nequaquam
1189 342 1323 388 danda
1339 348 1433 400 erit,

435 407 505 454 sed
529 419 599 459 pro
615 403 803 461 cujusque
827 405 1090 457 necestitate,
1122 405 1161 447 &
1185 405 1402 449 commodo
1418 435 1433 461 ,

435 477 507 511 aut
522 464 681 524 singulis
695 462 1010 508 hebdomadibus
1024 489 1039 512 ,
1058 472 1127 505 aut
1144 462 1305 516 singulis
1322 477 1430 510 men·

435 526 539 571 sibus
554 552 568 575 ,
598 521 802 567 autetiam
814 521 1062 569 bimestribus
1075 531 1144 567 aut
1159 520 1276 567 certe
1290 524 1430 570 trime·

436 585 576 632 stribus
594 611 605 624 .

496 643 568 683 Vl.
602 635 791 682 Afferent
819 637 1088 684 testimonium
1117 639 1207 683 vitae
1232 665 1247 689 ‚
1277 652 1322 684 ac
1353 640 1434 686 fre-

435 696 707 757 quentationis
734 693 1071 741 sacramentorum
1091 724 1107 747 ,
1134 698 1293 754 quoties
1315 700 1433 747 Elee-

434 758 614 809 mosynas
630 753 850 810 recipient,
864 769 913 799 ac
925 766 1120 813 praeterea
1136 755 1294 816 quoties
1317 758 1359 804 id
1382 760 1431 804 ab

433 816 490 863 eis
513 814 721 871 exigetur·

659 976 968 1022 CAPUT
1052 977 1193 1021 XXII.

499 1117 569 1172 De
592 1120 842 1188 corrigendis
861 1154 876 1177 ,
912 1121 985 1188 qui
1010 1122 1219 1190 degeneres
1237 1157 1254 1184 ,
1295 1135 1366 1172 auc

703 1192 954 1267 negligentes
955 1188 1128 1263 fierem
1139 1230 1151 1246 .

482 1348 516 1391 1.
547 1346 753 1406 Quoniam
792 1348 1035 1392 Confratres
1081 1350 1257 1392 omnium
1300 1343 1426 1391 oculis
1454 1353 1461 1361 ‘

426 1404 549 1460 mag-is
575 1407 741 1459 expositi
758 1403 874 1455 sunt,
904 1408 1031 1462 magis
1058 1406 1323 1452 laborandum
1340 1407 1424 1456 est,

426 1474 472 1510 ut
499 1465 684 1507 omnibus
712 1465 915 1521 singularis
939 1479 1038 1522 erga
1065 1468 1198 1510 Deum
1234 1465 1426 1522 pietatis,

428 1535 527 1579 erga
550 1524 774 1575 proximum
788 1525 1025 1575 charitatis,
1057 1524 1253 1579 vitaeque,
1278 1537 1324 1567 ac
1339 1537 1428 1565 mo·-

429 1594 519 1625 rum
538 1581 782 1642 integritatis
799 1580 926 1624 facem
951 1580 1195 1638 praeserant:
1232 1582 1339 1624 idem
1357 1596 1429 1637 po-

427 1639 547 1685 stulat
563 1641 804 1693 appellatio:
842 1643 1129 1685 Frater-nitatis
1146 1641 1334 1699 Crucifixr’
1350 1644 1430 1681 Do-

427 1695 528 1744 mini
552 1698 672 1754 nostri
696 1698 794 1757 §leste
823 1698 967 1750 Christi
992 1713 1004 1744 ε
1038 1699 1155 1742 Idem
1183 1699 1429 1756 propositum

428 1758 738 1811 convertendi,
768 1757 1003 1815 corrigendi
1034 1787 1049 1811 ,
1079 1758 1301 1803 aedificandi
1333 1758 1433 1803 alios

428 1813 552 1874 juxta
566 1815 668 1859 illud
683 1827 698 1866 3
1365 1836 1367 1838 >

496 1876 622 1928 Turpe
657 1872 710 1934 est
733 1872 880 1917 doctori
908 1902 923 1927 ,
959 1887 1045 1916 cum
1079 1876 1195 1931 culpa
1227 1872 1436 1932 redarguit

429 1935 446 1978 ἱ
489 1945 580 1975 um.

438 1931 543 2034 psl}-
588 1988 649 2033 Ab
673 1989 719 2034 iis
740 1990 980 2044 potillimum
1019 1989 1126 2034 vitiis
1150 1991 1430 2044 abstinebunt,

427 2050 648 2107 quae‘magis
664 2049 702 2089 in
725 2050 864 2092 oculos
880 2064 926 2093 ac
938 2061 1007 2090 ora
1021 2049 1232 2094 hominum
1246 2049 1428 2093 incurre-

432 2122 506 2158 re,
532 2120 575 2150 ac
597 2105 775 2161 pluribus
790 2106 978 2154 scandalo
1003 2105 1081 2151 effe
1099 2106 1261 2160 solent,
1293 2108 1432 2165 qualia

432 2165 520 2212 sunt
547 2165 826 2220 impudicitia,
864 2166 1151 2212 incontinentia
1176 2197 1189 2219 ,
1226 2168 1430 2217 ebrietas,

430 2235 577 2280 apertae
605 2224 976 2274 inimicitiae2-lusus
990 2227 1252 2278 chartarum,
1264 2227 1305 2272 ὅ(
1318 2227 1431 2278 aleae,

429 2283 683 2329 consuetudo
697 2281 853 2337 jurandi
871 2311 886 2335 ,
907 2286 948 2329 δε
973 2283 1293 2339 blasphemandi,
1332 2299 1430 2328 con·

430 2339 606 2382 versatio
631 2339 784 2383 infamis
806 2368 821 2391 2
851 2354 919 2386 aut
945 2338 1114 2397 suspecta
1131 2371 1145 2394 ,
1174 2346 1251 2386 διε.
1280 2345 1319 2387 Si
1342 2343 1430 2400 quis

430 2398 540 2449 istis,
572 2399 849 2442 autfimilibus
875 2402 1074 2445 obnoxius
1088 2402 1430 2457 deprehendatur,

433 2471 508 2502 nec
523 2456 560 2501 se
573 2461 774 2500 correctus
788 2459 1064 2503 emendaverit
1077 2486 1091 2509 ,
1117 2462 1142 2503 e
1158 2463 1434 2519 Fraternitate

430 2513 692 2570 excludetur,
710 2515 794 2571 &‚li
809 2516 1004 2559 Alumnus
1017 2515 1431 2577 fuerit,Eleemosyna‘i

430 2573 678 2636 privabitur·
704 2602 709 2604 f

491 2631 567 2676 111.
611 2629 756 2676 Modus
794 2630 835 2675 in
878 2633 1128 2689 corrigendo
1166 2633 1390 2679 servabitur
1417 2665 1429 2688 ,

434 2703 554 2744 quem
570 2692 739 2734 verbum
758 2690 835 2730 Dei
849 2691 1105 2746 praescripsit,
1138 2704 1182 2736 ut
1207 2696 1276 2750 qui
1296 2697 1431 2751 priva-

421 2748 504 2792 *tim
519 2747 718 2802 deliquit,
749 2748 826 2792 hoc
841 2747 896 2794 est
911 2777 923 2798 ‚
956 2763 1088 2792 coram
1103 2765 1207 2802 unu,
1243 2754 1308 2796 vel
1326 2755 1432 2797 alte-

430 2820 479 2851 m
501 2833 516 2857 ,
546 2807 740 2860 privatim
766 2807 1009 2859 corripiatur
1034 2837 1048 2859 ,
1079 2808 1298 2854 secundum
1331 2812 1433 2855 illud

432 2864 582 2910 Christi
616 2863 768 2909 dietum
794 2876 809 2916 3
850 2865 892 2906 Si
911 2868 1135 2920 peccaverit
1167 2873 1210 2910 in
1237 2879 1276 2912 te
1291 2871 1434 2927 frater

432 2933 551 2973 tuus,
580 2923 677 2967 vade
702 2926 724 2973 ,'
758 2923 811 2973 (φ
836 2925 987 2976 corripe
1021 2940 1107 2971 eum
1137 2925 1244 2970 inter
1268 2941 1308 2975 te
1341 2959 1354 2981 ,
1387 2930 1436 2977 &¹

432 2981 718 3037 ipfhmsblum:
751 2982 775 3023 fi
793 2984 891 3025 vero
906 2983 1065 3037 publice
1082 3014 1096 3037 ,
1127 2987 1165 3029 &
1179 3001 1315 3033 coram
1328 2988 1434 3029 mul-

431 3039 483 3082 tis
497 3039 671 3093 deliquit
685 3068 699 3092 ,
716 3040 875 3092 publi-ce
892 3056 1053 3097 quoque
1068 3045 1329 3099 corripiatur,
1344 3047 1434 3102 jux-

431 3109 473 3143 ta
490 3098 606 3142 -illud
624 3099 806 3152 Apostoli
834 3113 846 3142 ε
881 3101 1076 3145 Ριιιαηῑις
1095 3113 1230 3151 coraim
1253 3105 1431 3148 omnibus

431 3170 555 3212 argue
578 3184 590 3197 .
627 3159 730 3201 Item
755 3187 768 3209 ,
799 3167 845 3200 ut
872 3159 996 3211 prima
1026 3162 1112 3204 vice
1137 3164 1339 3206 correnio
1367 3163 1438 3207 fiat

433 3229 526 3258 cum
554 3214 753 3266 lenitate,
783 3215 1002 3267 modestia,
1036 3220 1075 3263 &
1101 3222 1362 3273 humilitate,
1393 3234 1438 3267 ut

434 3275 475 3319 δε
491 3273 586 3315 vere
610 3287 660 3317 ex
679 3275 836 3326 amico,
862 3276 1172 3334 Christianoque
1192 3282 1326 3325 animo
1343 3294 1438 3338 pro-

433 3331 637 3379 ficiscatur
653 3362 669 3383 ,
694 3335 733 3377 δε
759 3333 808 3375 ab
822 3334 955 3379 altero
979 3337 1031 3378 fic
1046 3340 1295 3393 accipiatur:
1326 3341 1435 3396 quod

435 3389 460 3437 fi
478 3390 610 3433 lenior
622 3394 821 3438 correfflo
834 3404 900 3435 aut
915 3408 993 3436 non
1010 3396 1166 3448 prodest
1180 3427 1193 3449 ,
1213 3409 1281 3443 aut
1296 3414 1435 3456 parum

433 3450 649 3504 profutura
675 3452 880 3501 creditur,
906 3452 1122 3507 usurpetur
1145 3455 1313 3508 durior,
1342 3459 1434 3501 dile-

433 3506 597 3557 &imita
624 3523 698 3552 non
712 3512 872 3555 ultionis
897 3514 1050 3554 animo.
1081 3516 1204 3573 Qod
1233 3515 1256 3559 si
1285 3531 1356 3560 nec
1382 3520 1434 3562 fic

434 3566 635 3621 resipiscat
659 3595 674 3617 ,
710 3581 794 3613 tum
829 3570 940 3613 velut
979 3571 1121 3615 inutile
1151 3574 1385 3618 membrum·
1411 3579 1433 3623 a

434 3638 607 3679 corpore
631 3629 914 3674 fraternitatis
936 3632 1091 3684 prorsus
1106 3631 1364 3676 abscindatur
1379 3664 1391 3676 .

495 3685 570 3727 IV.
604 3687 648 3727 ln
689 3687 969 3731 minutioribus
1010 3688 1166 3734 dehetis
1196 3693 1438 3738 Confratres

434 3741 640 3792 fraterne,
670 3758 716 3787 ac
739 3745 909 3790 candide
922 3747 1149 3792 seinvicem
1164 3762 1350 3805 arguent,
1374 3763 1439 3796 at-

434 3817 514 3865 que
540 3812 586 3851 ut
598 3803 695 3859 alios
711 3817 909 3865 monere,
934 3805 1067 3870 ficipfi
1084 3823 1246 3871 quoque
1270 3813 1434 3859 moueri

1481 212 1764 302 incia

1492 355 1619 399 parati
1645 353 1789 390 erunt,
1823 350 1910 385 tum
1933 341 1982 386 ad
1999 343 2282 390 declarandam
2304 347 2502 403 majorem

1493 402 1784 447 submiffionem
1799 432 1815 454 ‚
1843 414 1942 444 >tum
1964 406 2012 443 ad
2030 403 2256 446 faciendum
2273 408 2504 450 uberiorem

1491 459 1735 518 spiritualem
1752 460 1981 518 profe-etum
1996 476 2010 517 3
2026 463 2187 507 demum
2202 461 2252 505 ad
2266 467 2500 521 ampliorem

1489 520 1510 562 a
1528 523 1706 565 recidiva
1723 521 1979 565 securitatem
1997 549 2009 561 .

1550 581 1600 622 V.
1633 583 1923 624 Abstinendum
1955 594 2200 636 magnopere
2225 581 2248 624 ὶ
2279 584 2504 626 temerariis

1489 633 1646 692 judiciis
1661 668 1674 690 ,
1698 639 1735 681 &
1761 637 2069 692 suspicionibus,
2095 654 2171 682 nec
2187 638 2433 683 deferendus
2450 642 2501 684 ad

1491 697 1725 742 Concilium
1741 697 1868 751 lapsus
1887 698 2057 752 proximi
2073 727 2087 750 ,
2103 697 2169 742 nili
2186 700 2230 740 sit
2248 698 2503 753 exploratus,

1488 767 1564 798 uec
1582 754 1830 812 supra,quam
1846 771 1917 812 par
1933 758 2003 804 eli,
2017 758 2348 813 exaggerandus:
2378 759 2418 799 ἃ.
2432 758 2504 802 iti-a

1490 812 1579 870 ips&
1618 814 1870 858 correctione
1887 816 2069 858 habenda
2093 817 2227 859 debita
2255 818 2359 859 ratio
2374 817 2507 872 perso-

1493 886 1635 917 narum
1655 900 1670 925 ‚
1702 866 1808 927 ju‘xta
1837 875 1936 920 illud
1968 877 2099 919 Sancti
2117 874 2341 931 Gregorii:
2373 875 2508 919 Aliter

1493 931 1722 975 admonendi
1743 933 1839 986 fi‘m
1855 933 2018 990 juvenes
2033 961 2047 984 ,
2083 945 2202 990 atque
2229 931 2351 976 aliter
2364 933 2479 992 senes
2494 964 2507 976 .

1497 992 1607 1046 Quia
1632 991 1714 1032 illos
1733 993 1966 1048 plerumque
1966 994 2166 1050 severitas
2183 993 2438 1036 admonitom's
2453 993 2510 1035 ad

1482 1046 1703 1106 profestum
1716 1051 1860 1105 dirigi!
1877 1080 1890 1103 ,
1925 1053 2012 1108 Istos
2027 1052 2116 1094 verb
2133 1052 2188 1095 ad
2194 1053 2358 1094 meliora
2375 1055 2507 1108 Opera

1488 1106 1702 1161 deprecatio
1727 1109 1870 1151 blanda
1895 1114 2113 1165 componit:
2142 1111 2347 1170 seriptum
2364 1114 2506 1166 quippe

1488 1166 1541 1220 est
1554 1195 1567 1216 ,
1585 1166 1779 1223 finierem
1808 1179 1855 1209 ne
1881 1172 2142 1225 increpaveris
2155 1197 2170 1221 ,
2192 1169 2272 1228 fid
2286 1168 2443 1229 obst-cra
2457 1178 2503 1212 ut

1493 1226 1650 1267 Patrem
1665 1253 1676 1265 .

1549 1283 1622 1324 Vl·
1654 1283 1716 1325 Ad
1733 1286 2086 1341 Congregationes
2114 1284 2331 1341 generales
2363 1300 2504 1330 omnes

1488 1341 1683 1391 venient,
1712 1355 1843 1399 neque
1870 1344 1949 1387 sine
1970 1343 2084 1400 gravi
2112 1343 2231 1387 causa
2260 1343 2505 1401 quisquam.»

1486 1400 1649 1443 aberit.
1694 1402 1734 1443 si
1773 1405 1862 1460 quis
1887 1414 2025 1446 autem
2059 1404 2243 1458 legitime
2280 1404 2503 1460 impeditus

1487 1472 1724 1511 comparere
1741 1474 1821 1503 non
1842 1463 2024 1518 poterit,
2055 1464 2234 1506 excusari
2261 1461 2302 1505 se
2315 1463 2499 1506 curabit:

1489 1518 1555 1574 qui
1571 1515 1808 1571 frequenter
1836 1521 1976 1565 absens
2000 1519 2146 1568 fuerit,
2179 1535 2312 1577 neque
2329 1521 2383 1564 de
2399 1522 2507 1576 legi·

1489 1578 1587 1619 tima
1615 1583 1885 1630 occupatione
1905 1581 2003 1627 alias
2030 1580 2287 1630 constiterit,
2318 1593 2506 1623 commu-

1493 1637 1606 1679 nibus
1631 1636 1847 1691 suffragiis‚
1879 1639 2042 1695 aliisque
2059 1639 2328 1694 spiritualibus
2345 1636 2505 1680 benefi-

1492 1694 1592 1744 ciis,
1623 1697 1660 1735 &
1686 1699 1828 1750 gratiis
1854 1699 2103 1752 privabitur:
2134 1699 2242 1754 quod
2272 1696 2296 1739 fi
2325 1707 2506 1739 contem-

1492 1763 1581 1808 ptus
1604 1764 1672 1795 aut
1688 1758 1944 1800 contumacia
1963 1767 2186 1812 appareat,
2223 1756 2403 1801 Praefecti
2420 1783 2436 1808 ,
2465 1757 2506 1799 δι

1495 1811 1763 1854 Affistentium
1778 1814 1951 1856 arbitrio
1978 1816 2238 1860 dimittetur.

1553 1874 1658 1914 Cum
1673 1882 1806 1914 autem
1821 1901 1834 1924 ,
1849 1873 1946 1916 sicut
1971 1873 2111 1918 eadem
2126 1872 2322 1930 expolitio
2336 1872 2504 1930 subjun-

1493 1929 1612 1984 gebat
1631 1955 1645 1977 ‚
1679 1929 1885 1974 Praefectus
1921 1947 1966 1975 ac
1997 1932 2229 1982 officiales,
2258 1934 2298 1975 δε
2322 1931 2504 1976 Confra-

1492 1999 1577 2031 tres
1601 1988 1775 2041 praedisti
1795 2004 1870 2045 pro
1886 1989 2068 2035 firmiore
2085 1999 2338 2036 statutorum
2357 1989 2502 2047 hujus-

1492 2046 1600 2088 modi
1616 2047 1855 2092 i‘ublistentia
1873 2050 1912 2091 &
1929 2051 2135 2093 validitate
2153 2077 2167 2098 ,
2197 2051 2267 2092 illa
2282 2047 2498 2103 Apostoli-

1490 2106 1696 2148 caenostrae
1729 2105 2048 2151 confirmationis
2073 2110 2221 2152 robore
2252 2105 2498 2151 communiri

1493 2164 1713 2219 plurimum
1737 2165 1995 2217 desiderent,
2037 2171 2122 2213 Nos
2151 2165 2385 2211 Praefectum
2411 2193 2426 2217 ,
2456 2177 2503 2206 ac

1491 2222 1728 2273 officiales,
1755 2223 2052 2269 &Consi-atres
2081 2227 2292 2281 praedictos
2307 2222 2502 2280 speciali-

1492 2283 1566 2324 bus
1583 2279 1783 2324 favoribus
1797 2283 1838 2322 δι
1850 2285 1989 2338 gratiis
2004 2285 2198 2339 prosequi
2215 2285 2402 2327 volentes
2417 2310 2432 2334 ‚
2463 2282 2503 2323 δι

1491 2353 1631 2382 eorum
1647 2341 1863 2396 singulares
1879 2343 2065 2397 personas
2077 2344 2096 2383 a
2112 2343 2319 2398 quibusvis
2334 2353 2500 2383 excom-

1491 2399 1774 2442 municationis
1809 2420 1830 2431 -
1859 2420 1878 2431 -
1912 2398 1951 2442 ’ὃς
1977 2401 2180 2443 absolutas
2217 2398 2303 2443 fore
2328 2401 2503 2442 censen-

1494 2467 1557 2498 tes
1574 2483 1588 2505 ,
1615 2455 1978 2512 supplicationibus
2000 2460 2169 2501 illorum
2196 2460 2360 2502 nomine
2372 2458 2502 2501 Nobis

1493 2513 1612 2570 super
1635 2516 1713 2558 hoc
1734 2516 1949 2560 humiliter
1963 2521 2156 2571 porrectis
2173 2517 2382 2568 inclinati,
2411 2516 2504 2562 dea

1491 2571 1658 2615 consilio
1684 2575 1996 2619 Venerabilium
2015 2580 2209 2620 Fratrum
2235 2575 2503 2621 nostrorum...

1491 2636 1532 2675 S·
1564 2634 1615 2677 R¹
1647 2633 1832 2677 Eccleliae
1860 2635 2167 2686 Cardinalium,
2195 2633 2376 2678 Concilii
2404 2635 2502 2676 Tri-

1491 2689 1645 2734 dentini
1663 2692 1940 2744 lutei-precum
1958 2721 1971 2743 ,
1994 2695 2139 2749 quibus
2168 2694 2314 2736 statuta
2344 2693 2499 2749 praedi-
2542 2691 2566 2702 ·’

1494 2751 1553 2791 ἂι
1575 2750 1859 2799 examinanda,
1878 2753 1917 2793 &
1933 2753 2058 2795 Nobis
2081 2751 2296 2795 referenda
2320 2764 2454 2793 comm
2470 2750 2502 2792 i-

1497 2807 1636 2856 simus,
1660 2808 1802 2851 eadem
1820 2810 1989 2858 statuta,
2015 2811 2250 2866 Apostolica
2266 2809 2502 2854 Auctoritas

1497 2877 1538 2908 te
1552 2895 1566 2917 ,
1590 2877 1733 2910 tenore
1748 2867 1995 2919 praesentium
2016 2870 2289 2924 approbamus
2303 2899 2320 2921 ,
2346 2871 2503 2911 &con-

1497 2924 1693 2966 firmamus
1707 2954 1720 2977 ‚
1738 2926 1894 2982 illisque
1911 2928 2153 2974 inviolabilis
2171 2927 2414 2985 Apostolicae
2429 2924 2500 2968 fir-

1495 2985 1647 3031 mitatis
1669 2986 1792 3027 robur
1817 2985 2028 3039 adjicimus
2047 3015 2063 3037 ,
2088 2989 2355 3031 decernentes
2379 2985 2501 3042 quin-

1493 3054 1606 3089 tum,
1630 3041 1808 3093 textum,
1837 3045 1877 3085 δε
1908 3044 2119 3099 septimum
2155 3046 2314 3102 Capitis
2343 3052 2500 3087 xvtu.
2556 3035 2582 3046 ”

1498 3101 1623 3143 etiam
1641 3100 1709 3143 sub
1722 3104 2152 3146 excommunicationis
2181 3104 2270 3149 latae
2287 3103 2499 3158 sententia

1500 3173 1619 3214 poena
1633 3189 1649 3210 ,
1675 3174 1719 3201 ac
1737 3170 1816 3202 tam
1834 3160 1903 3203 illa
1917 3189 1932 3211 ,
1957 3167 2078 3217 quam
2098 3162 2175 3205 alia
2199 3164 2334 3205 omnia
2347 3163 2495 3206 statuta

1499 3217 1695 3275 ejusmodi
1723 3217 1762 3260 in
1779 3219 1961 3273 praedieta
1977 3221 2443 3264 Archiconsraternitate
2471 3219 2496 3261 ὲ

1500 3275 1706 3321 modernis
1723 3305 1737 3328 ,
1767 3279 1803 3319 3(
1827 3293 1902 3333 pro
1915 3289 2100 3334 tempore
2111 3282 2369 3323 existentibus
2385 3277 2497 3320 illius

1497 3334 1783 3379 Confratribus
1799 3340 1996 3392 perpetuo
2010 3340 2215 3382 observari
2239 3340 2396 3381 debere
2411 3363 2425 3387 ,
2453 3348 2498 3377 ac

1496 3395 1659 3441 irritum
1679 3424 1693 3447 ‚
1715 3396 1754 3438 &
1781 3396 1896 3439 inane
1913 3424 1927 3446 ,
1959 3396 1983 3437 fi
2012 3396 2120 3441 secus
2137 3397 2250 3451 super
2269 3397 2328 3438 his
2356 3398 2379 3438 a
2395 3408 2501 3448 quo·
2574 3414 2577 3415 ⁷

1497 3468 1656 3510 cunque
1667 3483 1684 3506 ,
1697 3455 1836 3511 quavis
1850 3455 2282 3509 auctoritatesscienter
2295 3452 2360 3495 vel
2383 3454 2502 3507 igno·

1496 3523 1635 3557 ranter
1649 3513 1867 3567 contigerit
1881 3515 2075 3557 attentari
2090 3542 2101 3554 .
2135 3519 2228 3558 Non
2245 3511 2499 3554 obstantibus

1494 3571 1862 3614 Constitutionibus
1877 3596 1891 3620 ,
1915 3573 1954 3613 &
1968 3573 2301 3617 ordinationibus
2320 3571 2499 3624 Aposto-

1494 3628 1832 3691 licis,caeterisque
1852 3632 2068 3675 contrariis
2080 3630 2382 3690 quibuscunque
2394 3658 2407 3672 .

1559 3751 1710 3793 Datum
1738 3750 1879 3791 Romae
1903 3748 2009 3804 apud
2037 3755 2079 3794 S.
2098 3749 2266 3792 Mariam
2291 3747 2494 3804 Maiorem
2550 3732 2561 3755 ³

1495 3807 1565 3854 sub
1589 3806 1750 3855 Annulo
1773 3808 1987 3853 Piscatoris
2015 3837 2030 3862 ‚
2065 3809 2133 3853 die
2162 3822 2186 3850 x
2202 3822 2224 3851 v
2247 3823 2282 3852 ι.
2311 3811 2494 3910 Ωἰῑιίτςῐη-
