2658 4256
248 274 427 361 ufque
483 271 643 336 diem
690 268 1063 354 Friburgum
1110 265 1488 333 Nuithonum
1524 261 1734 328 cellam
1770 308 1786 334 ‚
1834 266 1902 326 in
1948 284 2072 349 qua
2090 269 2310 348 forma

250 363 557 432 Fraterni
597 361 819 448 Gregis
839 358 1060 446 fadus
1101 383 1168 425 ex
1215 361 1426 426 animo
1465 404 1481 430 ‚
1541 355 1876 421 bonitatem
1918 357 1995 424 ἑὲ)
2039 357 2316 441 Discipli-

247 479 400 522 nam
422 456 791 546 Regularem
814 452 1215 519 Guardianus
1241 447 1510 534 docuisti:
1568 444 1727 513 Vidit
1755 445 2041 515 Lucerna
2074 447 2153 515 Te
2171 450 2316 514 bina

247 551 383 616 vice
413 547 678 639 Capituli
696 546 1119 613 Provincialis
1145 545 1444 615 Vocalem,
1458 537 1673 626 prima
1694 538 1935 624 quidem
1967 546 2095 609 vice
2108 592 2125 619 ,
2128 545 2317 626 juxta

142 665 143 668 ’
246 644 490 709 tabulas
537 641 626 709 ibi
675 639 868 704 adhuc
904 637 1288 728 affervataS,
1329 631 1526 717 Miffis
1578 631 2010 715 insttrvientem
2039 685 2056 711 ,
2112 634 2188 705 ἑὲ)
2221 636 2319 719 Je-

247 737 446 801 cundd
501 729 683 817 officio
735 726 1016 797 Ledoris
1076 730 1165 795 ad
1214 728 1485 813 mensam
1513 725 1941 812 fungentem:
1979 728 2120 812 fuit
2168 727 2321 794 Asa-

248 829 340 893 ris
371 856 427 883 =
469 825 664 890 Stella
698 871 715 897 ‚
775 824 956 908 vulgo
1024 821 1380 908 Wettingen
1414 867 1430 892 ‚
1469 818 1751 885 inclitum
1799 818 2069 885 Ordinis
2110 820 2323 907 Cister-

246 916 456 999 ciensts
517 914 859 982 Coenobium
903 962 919 989 ‚
971 912 1227 999 selectus
1281 915 1436 978 locus
1474 958 1493 984 „
1551 910 1620 973 in
1681 931 1796 997 quo
1864 909 2152 998 Diploma
2208 912 2324 976 Le-

237 1011 526 1095 gationis
569 1007 658 1072 ad
698 1004 1044 1090 slsiffi’onem
1100 1004 1324 1092 Rhetig
1368 1001 1443 1068 ab
1482 1001 1809 1088 Apostolico
1852 1006 2117 1091 recepisti
2156 1004 2324 1069 Nun-

243 1103 331 1166 tio
368 1148 382 1162 .
439 1098 524 1166 Et
584 1098 833 1166 localem
896 1099 1056 1164 hanc
1108 1098 1348 1182 sortem
1411 1097 1588 1180 longe
1633 1096 1895 1182 superat
1955 1096 2273 1189 hereditas
2305 1143 2323 1172 ,

245 1214 436 1280 quam
499 1191 697 1259 Filius
757 1189 977 1257 Matri
1033 1189 1334 1276 reliquisti
1380 1237 1393 1253 .
1465 1187 1721 1255 Exhibet
1777 1190 1979 1276 nostra
2038 1190 2324 1276 Lucerne

243 1284 512 1361 Ecclesia
582 1299 878 1371 argenteo
962 1284 1223 1375 cornicio
1299 1281 1655 1347 decoratam
1731 1277 2041 1368 paginam
2096 1334 2113 1362 ‚
2206 1283 2323 1348 ins

243 1399 369 1465 qua
398 1379 592 1461 juxta
631 1375 899 1442 Ordinis
930 1377 1192 1440 Statuta
1235 1391 1338 1462 tue
1366 1373 1663 1458 solemnis
1702 1372 2080 1459 Profiffonis
2116 1373 2322 1440 abtum

235 1472 487 1558 proprie
542 1469 765 1535 maniis
814 1464 1167 1534 charactere
1214 1465 1486 1548 signasti
1524 1488 1539 1523 τ
1582 1459 1791 1544 'fulget
1834 1461 1912 1529 (ὲ)
1964 1463 2052 1531 ibi
2091 1466 2160 1531 in
2213 1467 2323 1529 Al-

241 1564 377 1628 tari
427 1584 488 1626 os
536 1563 826 1649 foemoris
860 1608 877 1632 ,
936 1580 1049 1644 quo
1105 1556 1258 1640 eque
1301 1602 1317 1629 ‚
1381 1575 1455 1616 ac
1505 1574 1695 1616 manu
1751 1569 1860 1618 tua
1919 1554 2015 1620 illi
2065 1557 2322 1643 subjun-

242 1651 342 1719 aba*
354 1655 548 1736 juxta
591 1654 870 1737 antiqua?
899 1648 1084 1734 Legis
1121 1646 1288 1732 ustam
1325 1647 1503 1733 quasi
1520 1644 1763 1731 jurasti
1775 1646 2000 1732 facere
2024 1649 2321 1737 nobili-um

242 1743 730 1830 misericordiam
781 1756 1010 1806 tuam:
1076 1740 1309 1806 exhibet
1371 1735 1449 1807 ἑὲ)
1500 1739 1589 1805 ibi
1645 1738 2030 1809 Monialium
2089 1745 2319 1830 nostra-

242 1861 381 1903 rum
435 1834 526 1900 aa'
573 1830 875 1901 Sandam
934 1836 1189 1899 Annam
1251 1832 1647 1898 Parthenone
1697 1831 2102 1900 Breviarium
2134 1886 2149 1913 ,
2205 1859 2320 1926 quo

235 1930 485 2018 pensum
551 1927 781 1995 Divini
842 1925 1046 2012 Officii
1101 1925 1439 2015 persolvisti
1490 1973 1503 1989 .
1571 1924 1759 1990 Nulla
1819 1930 1898 2016 est
1967 1928 2319 1996 Fratrum.)

239 2028 309 2090 in
366 2021 702 2088 Provincia
764 2018 1021 2105 Ecclesia
1063 2069 1078 2095 ‚
1127 2042 1259 2108 quoe
1322 2021 1507 2086 cultui
1561 2020 1796 2104 publico
1855 2023 1926 2089 de
1970 2026 2095 2088 tuis
2148 2044 2319 2087 non-o

245 2130 502 2204 exponat
541 2114 754 2178 Sacris
787 2113 1081 2197 Lipsanis
1111 2161 1126 2187 ‚
1180 2111 1257 2182 ἑὲ)
1317 2112 1481 2200 quod
1534 2110 1779 2178 Zelotes
1828 2117 2034 2202 pietas
2094 2115 2164 2182 de
2217 2132 2319 2182 tuo

246 2204 566 2272 Cadavere
627 2226 750 2270 non
833 2205 1114 2289 dytraxit
1151 2254 1167 2280 ,
1250 2206 1603 2271 concludant
1670 2226 1984 2294 argenteae
2053 2208 2316 2282 tabulae,

242 2302 313 2365 in
362 2299 778 2384 subterranea
848 2296 1153 2364 Fratrum
1225 2299 1562 2387 nostrorum
1619 2297 1864 2386 Capella
1919 2299 2106 2388 Curi?
2186 2322 2320 2366 con-

268 2409 451 2458 ervat
512 2441 526 2457 .
950 2410 953 2413 ’

223 2394 285 2478 s
423 2417 526 2571 Egst
561 2485 800 2551 demum
846 2483 925 2554 ἑὲ)
968 2487 1088 2572 ipse
1125 2502 1322 2552 tomus
1354 2536 1371 2561 ‚
1435 2486 1547 2575 qui
1579 2485 1702 2551 tuis
1742 2487 1860 2574 fiib
1916 2486 2200 2573 auspiciis
2250 2486 2320 2556 in

234 2577 536 2664 publicum
589 2578 841 2665 prodire
898 2581 1149 2652 ambit3
1217 2579 1569 2645 Germanus
1636 2578 1735 2645 ille
1790 2580 1869 2667 cst
1920 2627 1937 2654 ,
2013 2576 2090 2647 ἑὲ)
2131 2579 2316 2666 fron-

241 2686 363 2735 tem
411 2673 600 2753 suam
658 2670 970 2739 Germani
1029 2668 1252 2736 Sancti
1293 2723 1310 2748 ,
1377 2668 1454 2740 ἑὲ)
1509 2667 1857 2739 FIDELIS
1917 2674 2165 2738 nomine
2223 2675 2317 2736 in·

219 2759 466 2846 stgniri
528 2780 673 2829 avet
710 2812 723 2828 .
793 2764 1147 2831 Germanus
1210 2765 1288 2850 cst
1319 2814 1336 2839 ,
1396 2761 1473 2831 ἑὲ)
1533 2769 1804 2831 continet
1873 2777 2316 2829 monumentas

241 2849 768 2914 Germanicarum
812 2857 1296 2923 Provinciarum.
1330 2904 1347 2930 ,
1412 2878 1678 2942 quar-um
1725 2854 1809 2914 Tu
1845 2872 1907 2915 es
1937 2851 2150 2938 gloria
2171 2902 2187 2929 ‚
2235 2857 2314 2944 ἶς-

241 2943 396 3007 titia
433 2988 450 3015 ,
486 2937 564 3008 ἑὲ)
601 2939 1102 3023 honorificentia,
1154 2946 1232 3009 ἑὲ)
1281 2971 1402 3030 auge·
1434 2946 1785 3013 liberaliore
1834 2940 2313 3029 Renefac‘lorum

219 3035 382 3123 stipe
427 3033 644 3120 sacros
710 3033 964 3098 honores
1042 3027 1177 3095 Tibi
1237 3031 1479 3097 decerni
1541 3035 1888 3101 curarunt:
1976 3032 2309 3123 compledi-

243 3142 348 3192 tur
413 3126 747 3191 commixta
803 3121 1178 3190 Theutonum
1235 3122 1598 3210 Principum
1645 3128 2042 3213 Diplomata‚
2091 3132 2308 3215 quibus

245 3219 576 3286 Fratribus
644 3217 781 3305 edes
822 3268 838 3294 ‚
913 3215 991 3285 ἑὲ)
1050 3215 1257 3303 edibus
1293 3217 1485 3302 Odea
1527 3240 1601 3283 ac
1656 3217 1902 3308 Templa
1966 3219 2254 3291 addixere
2288 3273 2305 3300 ‚

245 3312 547 3378 Fratrum
599 3313 764 3395 jura
824 3308 1327 3375 commendarunt
1357 3358 1373 3384 ‚
1451 3330 1772 3402 eorumque
1837 3314 2184 3401 operarium
2234 3319 2305 3383 in

247 3406 438 3473 Vinea
496 3403 754 3471 Domini
807 3405 996 3468 zelum
1026 3450 1042 3476 ,
1115 3400 1195 3470 ἑὲ)
1251 3402 1527 3491 religios}
1590 3409 1719 3494 vite
1775 3407 2104 3492 exemplum
2143 3457 2159 3484 ‚
2224 3411 2302 3475 ab

245 3498 382 3583 ipsis
417 3519 647 3588 quoque
687 3496 1060 3562 Acatholicis
1108 3496 1331 3560 cultum
1372 3541 1391 3569 ‚
1451 3498 1630 3584 usque
1685 3497 1775 3563 ad
1828 3501 2061 3565 Solium
2110 3503 2172 3567 S.
2202 3505 2303 3568 Se-

245 3589 338 3653 dis
380 3592 775 3659 exaltarunt:
821 3591 1086 3680 epilogat
1123 3588 1297 3676 gesta
1348 3586 1649 3656 Fratrum
1671 3640 1687 3666 ,
1736 3595 1845 3680 qui
1878 3607 1980 3657 tuo
2020 3598 2300 3661 animati

2006 3708 2075 3751 ex
2089 3709 2210 3753 em-
