2658 4256
720 275 1255 361 Anterioris
1318 264 1747 353 Austriae.

209 401 396 447 Decretis
413 403 574 445 minime
590 405 792 447 contraria
816 406 865 445 ab
879 404 1095 446 Ordinario
1111 402 1206 444 Loci

208 460 467 503 examinanda
491 463 530 502 δι
550 462 807 517 approbanda
830 462 1006 503 condere
1020 459 1205 513 ,illaque,

207 530 329 574 prout
343 519 559 573 expediens
578 520 793 572 videbitur,
808 528 980 569 mutare,
994 519 1211 571 corrigere,

205 575 431 619 reformare
443 579 482 618 &
497 580 696 626 alterare,
708 578 776 620 seu
789 578 866 620 alia
879 577 931 619 de
946 591 1073 625 novo,
1089 578 1210 617 etiam

205 636 227 676 ἃ
243 636 353 677 dieto
366 637 586 678 Ordinatio
599 637 860 678 examinanda
875 664 889 686 ‚
902 637 939 676 &
953 633 1210 689 approbanda

206 692 343 736 facere
361 693 487 737 liberi:
502 697 541 736 &
558 694 667 736 licite
689 694 863 741 valeant,
876 692 1021 734 eisdem
1036 691 1208 734 auetori-

206 762 292 794 tate
304 780 318 803 ‚
344 754 383 793 &
401 763 540 795 tenore
554 750 812 794 concedimus
826 777 840 798 a
871 751 1180 805 &indulgemus
1194 776 1205 788 .

205 814 299 853 Non
320 811 560 852 obstantibus
575 807 771 864 praemissis
786 835 799 857 ,
833 822 878 848 ac
896 808 948 850 fel
981 823 1069 850 rec.
1086 807 1205 850 Boni-

206 869 299 911 sacii
325 870 402 910 ΡΡ.
419 870 538 911 Vm.
561 869 682 909 etiam
713 864 1014 907 Praedecefforis
1048 866 1178 908 Nostri
1191 890 1204 912 a

203 941 279 982 qua
292 937 481 975 cavetur,
495 927 600 980 quod
618 924 893 966 Mendicantes
906 938 1010 966 nova
1026 925 1113 965 loca
1129 925 1201 964 mi-

203 984 314 1027 nime
339 983 564 1037 recipiant,
588 981 729 1034 absque
755 980 870 1022 Sedis
894 982 1132 1036 Apostolicae
1154 980 1205 1021 li-

203 1043 336 1085 centia
350 1070 364 1091 ,
388 1040 552 1094 aliisque
568 1039 932 1082 Constitutionibus
946 1064 959 1086 a
982 1042 1020 1079 &
1034 1039 1203 1080 Ordina-

202 1100 377 1141 tionibus
401 1097 668 1152 Apostolicis,
701 1111 773 1139 nec
802 1109 880 1138 non
913 1097 1008 1137 dit‘ti
1039 1096 1202 1138 Ordinis

201 1160 385 1200 Fratrum
400 1157 694 1210 Capucinorum
710 1182 724 1204 ,
741 1154 862 1197 etiam
892 1153 1115 1209 juramento
1128 1157 1203 1197 διε.

201 1214 401 1257 roboratis
421 1214 573 1255 statutis
589 1242 601 1263 ,
623 1215 662 1255 ἃ
675 1213 1027 1256 consuetudinibus
1042 1242 1057 1263 ,
1085 1225 1202 1255 caete-

201 1272 334 1328 risque
349 1274 568 1315 contrariis
583 1270 894 1327 quibuscumque
905 1302 914 1310 .

259 1334 410 1373 Datum
432 1331 588 1373 Tusculi
611 1329 679 1373 sub
696 1331 860 1372 Annulo
876 1331 1081 1372 piscatoris
1095 1331 1200 1374 die)

198 1404 248 1432 xr
264 1405 296 1431 ι.
323 1390 509 1432 Οᾶοῑπὶς
536 1405 691 1433 mncxa·
708 1403 809 1431 anno
827 1388 1090 1432 Pontificatus
1116 1389 1198 1432 No·

200 1448 267 1490 stri
292 1448 430 1490 sexto.

1268 397 1303 438 A
1322 406 1467 451 tergo:
1505 392 1718 440 Venerabili
1735 395 1905 446 Fratri,
1921 396 2069 446 ‘joanni
2085 401 2265 453 chrt‘co,

1549 450 1728 507 episcopo
1755 454 1985 509 Bffteenst·

1272 561 1735 617 URBANUS
1809 563 2022 613 PAPA
2076 565 2263 614 VIII.

1303 660 1533 705 Venerabilis
1550 661 1694 702 Frater
1704 657 1880 714 salutem
1906 662 1951 708 ἐς·
1969 661 2227 718 Apostolicam

1599 715 1904 758 Benedifi'ionem
1914 749 1925 759 .
2164 759 2167 761 ,

1388 805 1478 848 Aud
1503 807 1605 861 aegre
1621 808 1796 849 Paternae
1809 806 1992 849 charitati
2010 810 2160 852 Nostrae
2177 807 2266 851 sua-

1414 865 1544 906 serunt
1557 865 1681 906 enixae
1697 865 1978 906 fraternitatis
1998 870 2090 909 Tuae
2108 882 2265 920 preces,

1265 937 1351 966 tum
1377 924 1496 964 etiam
1529 922 1951 976 praesentis-temporis
1977 923 2264 974 difficultates,

1263 993 1384 1036 atque
1399 981 1502 1022 istius
1519 981 1704 1022 Eccleliae
1725 980 2006 1031 incommoda,
2019 992 2060 1022 ut
2074 981 2265 1024 dilectum

1263 1038 1721 1088 Filiumssolumbanum
1745 1037 2266 1093 Rottenbutgensemfflm—

1264 1099 1402 1141 vinciae
1414 1098 1640 1139 Helveticae
1657 1097 1911 1151 Capucinum-
1925 1125 1937 1147 ,
1962 1098 2010 1139 ad
2026 1098 2131 1141 sacra
2147 1099 2265 1139 Prin-

1263 1158 1362 1212 cipis
1379 1155 1659 1210 Apostolorum
1685 1156 1824 1199 limina
1852 1158 1942 1198 Tuo
1966 1157 2145 1198 Nomine
2163 1157 2266 1198 invi-

1263 1214 1383 1256 senda
1405 1214 1718 1257 admitteremus
1732 1243 1744 1254 .
1776 1213 1878 1255 Sane
1892 1243 1905 1264 ,
1933 1228 2024 1256 cum
2051 1228 2130 1256 non
2147 1214 2265 1258 fine)

1263 1273 1418 1328 ingenti
1439 1275 1561 1315 animi
1578 1272 1818 1329 aegritudine
1834 1300 1848 1322 ‚
1879 1286 2055 1328 quaenam
2072 1273 2269 1317 Bafileen-

1261 1331 1307 1373 fis
1334 1332 1593 1387 Episcopatus
1617 1334 1861 1376 detrimenta
1890 1330 2090 1385 perpessus
2117 1328 2268 1380 fuerit,

1262 1405 1313 1432 ex
1333 1390 1479 1432 eodem
1498 1392 1704 1445 Religioso
1719 1391 2030 1445 cognoverimus
2045 1418 2059 1440 ,
2089 1404 2165 1434 non
2182 1403 2270 1446 par-

1262 1463 1352 1491 vam
1381 1449 1502 1491 etiam
1535 1452 1786 1506 percepimus
1819 1447 2107 1490 consolationis
2141 1459 2269 1490 mate-

1261 1509 1390 1558 riam,
1422 1509 1530 1563 quod
1554 1511 1613 1550 Te
1636 1505 1827 1550 Pastorali
1860 1505 2069 1559 vigilantia
2101 1521 2147 1547 ac
2177 1507 2270 1548 zelo

1258 1566 1428 1607 mirifice
1446 1565 1668 1620 insignitum
1685 1563 1785 1605 nihil
1803 1563 2011 1616 praeterire
2026 1564 2270 1615 audivimus,

1252 1623 1370 1678 quod
1397 1622 1446 1662 ad
1471 1624 1709 1665 Animarum
1727 1621 1952 1676 proseffiium
1967 1647 1981 1669 ,
2010 1623 2058 1663 ad
2077 1622 2268 1678 Religio-

1260 1683 1319 1723 nis
1348 1679 1595 1736 praelidium,
1624 1683 1673 1724 ad
1690 1679 2060 1721 Ecclefiasticorum
2086 1679 2268 1735 jurium,

1261 1740 1430 1782 tutelam
1455 1738 1644 1782 conferre
1676 1750 1824 1794 queat.
1859 1742 1987 1792 Perge
2004 1768 2016 1787 ,
2043 1741 2269 1781 Venerabi-

1262 1798 1311 1841 lis
1328 1800 1495 1845 Frater,
1520 1813 1684 1854 operam
1701 1826 1714 1848 ,
1741 1812 1858 1854 quam
1876 1797 2076 1839 Altiffimo
2097 1798 2269 1840 devovi—

657 1567 794 1620 Scipio
808 1565 1074 1609 Cobellutius
1089 1597 1100 1607 .

256 1751 554 1807 Autographum
573 1755 615 1793 in
631 1753 801 1795 Archivo
826 1753 1057 1793 Secretariae
1081 1756 1198 1793 Brev.

309 1809 610 1864 Apostolicorum
623 1811 776 1868 Regtsto
792 1810 921 1867 menfir
938 1809 984 1856 θ’
997 1814 1091 1851 anni
1098 1821 1200 1864 prae-
1234 1850 1236 1852 .

305 1867 495 1913 dianam
510 1866 708 1926 fil,.203,
751 1888 753 1890 -
797 1900 799 1903 ,
866 1897 870 1901 ,
1261 1858 1332 1907 sti,
1358 1857 1499 1900 sedulo
1523 1857 1758 1912 impendere
1774 1887 1788 1907 ‚
1819 1871 1864 1900 ac
1880 1870 1953 1910 pro
1969 1867 2085 1898 certo
2102 1858 2266 1908 habeas,

231 1912 233 1914 ’
316 1912 320 1913 ’
1258 1917 1412 1958 nullum
1439 1917 1459 1957 ἐ
1486 1918 1613 1959 Nobis
1639 1915 1815 1957 officium
1849 1914 2155 1970 praetermiffum
2187 1916 2264 1966 iri,

1256 1991 1336 2032 quo
1353 1975 1472 2030 plane
1494 1970 1739 2031 perspetfftum
1757 1973 1803 2015 fit
1821 2002 1832 2023 ‚
1861 1987 2003 2016 omnes
2023 1975 2132 2016 istius
2149 1976 2265 2029 Epis-

198 2078 311 2092 -
543 2080 771 2095 -—
1005 2079 1197 2095 ,——
1255 2031 1425 2090 copatt‘is
1440 2035 1617 2077 rationes
1633 2034 1682 2076 ad
1699 2030 1950 2075 Pontificiam
1967 2032 2265 2075 solicitudinem

1257 2094 1466 2150 pertinere
1482 2120 1493 2132 .
1526 2092 1796 2148 Apostolicam
1821 2091 2148 2134 benedictionem
2165 2095 2264 2133 Fra-

1260 2152 1446 2195 ternitati
1475 2153 1568 2193 Tuae
1599 2161 1782 2192 amanter
1816 2150 2069 2205 impertimur
2093 2178 2108 2200 ‚
2145 2150 2259 2205 cujus

1251 2211 1336 2265 -piis
1354 2210 1565 2252 conatibus
1590 2213 1639 2253 ab
1661 2221 1817 2252 aeterno
1834 2210 1995 2251 Pastore
2008 2208 2259 2263 praesidium,

1259 2272 1298 2312 δε
1315 2268 1552 2312 felicitatem
1569 2283 1775 2325 precamur
1791 2297 1802 2308 .

1298 2359 1299 2362 ,
1319 2331 1467 2370 Datum
1491 2331 1630 2370 Romae
1654 2329 1758 2382 apud
1785 2331 1825 2370 S.
1843 2329 2010 2368 Petrum
2033 2323 2102 2367 sub
2118 2327 2262 2368 Annu-

1250 2387 1297 2436 lo
1313 2386 1531 2429 Piscatoris
1551 2387 1618 2428 die
1638 2385 1828 2440 v1.Junii
1855 2398 2133 2427 mncxxxxur.
2153 2386 2261 2426 Pon-

1259 2443 1430 2488 tificatfis
1453 2446 1588 2489 Nostri
1604 2449 1724 2489 Anno
1739 2458 1801 2485 xx.

201 2250 246 2295 A
262 2250 360 2305 „Fa
376 2246 684 2308 Columbano3
693 2247 719 2294 ὲ
733 2245 1052 2315 Rottenburgo
1067 2281 1084 2304 ,
1107 2263 1200 2311 ino·

261 2318 383 2365 mine
406 2317 598 2382 Joannis
626 2317 818 2367 Henrici
837 2353 852 2375 ‚
879 2315 1092 2384 Episcopi
1113 2319 1198 2365 Ba·

265 2383 457 2444 fileenfis
471 2404 499 2444 -,‘
518 2391 652 2442 Sacra
671 2386 1004 2455 Apostolorum
1042 2389 1198 2436 limina

252 2453 510 2523 invisente,
533 2459 807 2507 calamitates
835 2455 1094 2507 Dioeceseos
1113 2458 1138 2504 ἓι
1156 2455 1198 2505 se

239 2560 241 2562 >
261 2525 611 2593 ample-auditas
638 2525 720 2576 effe
744 2526 947 2577 rescribit
964 2546 991 2584 ‚·
1007 2527 1055 2578 ὅ(
1075 2525 1199 2595 Epis-

263 2612 434 2663 copum
464 2597 519 2648 de
558 2596 771 2648 Pastorali
803 2600 1040 2668 vigilantia
1068 2617 1197 2648 vcom·

263 2666 474 2717 mendat.

1461 2561 1592 2616 Julius
1611 2559 1903 2618 Rospigliofius
1918 2560 2175 2603 secretarius
2191 2589 2202 2602 .
2252 2584 2260 2591 ·

1314 2680 1612 2735 Autograpbum
1634 2679 1675 2720 in
1693 2682 1837 2721 Secret.
1853 2681 2036 2721 Brevium
2066 2677 2116 2718 ad
2143 2677 2259 2718 Prin-

1370 2739 1480 2793 cipes
1504 2737 1657 2794 Regcsso
1679 2737 1807 2797 mensis
1822 2736 2007 2792 praedim
2020 2736 2102 2793 fol.
2120 2748 2166 2789 23
2179 2748 2216 2784 7.

939 2857 1503 2922 NOTA.

194 2977 198 2981 ”
220 2989 225 2993 ⁴
248 2978 357 3017 'Preto
377 2978 522 3026 nuptiali
539 2981 714 3023 thalamo,
728 2978 971 3029 lachrymisque
988 2981 1170 3016 Parentum
1190 2982 1354 3025 neglee'tis
1366 3005 1379 3024 ,
1390 2983 1442 3017 Fr.
1457 2981 1694 3017 Columbanus
1710 2983 1730 3016 a
1746 2981 2010 3025 Rottenburgo,
2024 2991 2068 3016 ex
2082 2979 2261 3026 praenobili

211 3047 214 3051 ⁴
275 3028 508 3065 Prechriorum
531 3029 644 3075 Stirpe
662 3029 829 3064 Habitum
855 3030 899 3063 D.
921 3026 1083 3064 Francisci
1102 3028 1268 3074 affumplit
1284 3053 1296 3070 ,
1321 3030 1354 3064 &
1374 3026 1565 3074 juventutis
1585 3030 1705 3065 florem
1735 3031 1829 3066 varia
1854 3030 1979 3065 virtute
1999 3028 2135 3064 ornavit
2154 3054 2162 3062 .
2190 3028 2262 3064 Sti-

191 3077 321 3117 mulum
347 3076 457 3114 carnis
471 3103 482 3119 ‚
505 3077 567 3124 qui
589 3089 666 3113 eum
686 3078 798 3114 acrius
822 3075 1080 3120 colaphizavit,
1106 3077 1188 3112 dum
1208 3088 1268 3112 mec
1291 3077 1472 3118 oratione,
1498 3087 1559 3111 nec
1573 3076 1730 3124 jejunio,
1754 3090 1813 3114 nec
1833 3079 1943 3125 flagro
1964 3076 2173 3121 compescere
2196 3088 2260 3121 po-

192 3127 256 3161 tuit
270 3148 279 3163 ,
307 3127 398 3161 ferro
420 3126 546 3161 brachii
563 3137 686 3161 venam
706 3125 826 3168 scidit,
853 3125 886 3160 &
904 3123 1065 3167 sanguine
1090 3125 1244 3161 molestas
1269 3125 1418 3160 flammas
1431 3124 1576 3160 extinxit
1595 3150 1605 3161 .
1632 3127 1773 3162 Diutius
1795 3138 1921 3162 narurae
1944 3123 2117 3165 denaus,
2145 3123 2260 3168 terlio·

193 3173 237 3209 ris
258 3172 389 3220 eloquii
417 3173 575 3220 impediit
600 3173 815 3219 libertatem,
841 3172 1056 3219 reddiditque
1081 3172 1229 3219 linguam
1256 3174 1329 3220 ejus
1358 3174 1533 3209 tremulam
1554 3185 1567 3213 3
1598 3175 1759 3211 invocato
1779 3177 1815 3211 S.
1835 3174 1998 3210 Cordulae
2019 3172 2173 3215 Virginis
2202 3184 2260 3216 pa·

195 3222 341 3258 trocinio
354 3222 527 3258 vinculum
540 3222 586 3256 ita
598 3220 662 3256 fuit
675 3222 826 3258 solutum
838 3244 850 3264 ‚
870 3231 907 3256 ut
922 3221 955 3255 in
970 3220 1141 3257 Cathedra
1158 3224 1254 3258 velut
1274 3224 1360 3258 alter
1373 3222 1635 3269 Chrysostomus
1661 3223 1846 3259 haberetur
1859 3235 1872 3262 3
1898 3221 2028 3265 rigidus
2038 3220 2259 3264 suimetipsius

192 3270 312 3306 censor
331 3294 342 3314 ,
363 3269 533 3306 affabilem
554 3270 591 3304 in
612 3270 798 3306 Provinciae
823 3269 990 3315 gubernio
1011 3269 1078 3305 sese
1102 3270 1264 3306 omnibus
1277 3271 1433 3305 exhibuit
1451 3270 1644 3308 Ministrum
1658 3295 1668 3306 .
1695 3273 1762 3308 Per
1778 3280 1882 3306 terras
1905 3269 2079 3305 haereticas
2102 3268 2257 3311 gradiens

191 3319 212 3352 a
234 3319 408 3365 petulante
433 3316 668 3361 bubulconum
690 3319 868 3364 manipulo
893 3317 967 3363 post
992 3317 1171 3354 sarcasmos
1196 3319 1231 3354 &
1250 3319 1435 3365 opprobria
1465 3319 1628 3364 perticis,
1655 3320 1688 3355 8<
1708 3319 1872 3362 oblongis
1894 3317 2012 3353 ferulis
2036 3316 2126 3353 circa
2153 3316 2256 3363 pedes

191 3366 233 3401 ad
255 3366 448 3411 sanguinem
466 3367 571 3413 usque
595 3366 705 3402 coesus
714 3390 727 3408 ,
756 3367 942 3402 tristantem
963 3364 1106 3411 desuper
1130 3367 1270 3402 Socium
1292 3367 1455 3402 animavit
1478 3378 1555 3402 cum
1583 3369 1694 3405 verbIs
1708 3392 1719 3410 ‚
1746 3366 1926 3404 Patientia
1948 3374 1988 3401 ex
2009 3364 2170 3412 vepribus
2195 3364 2254 3400 de-

192 3415 299 3461 cerpit
321 3415 436 3463 rosa's.
464 3417 734 3459 Energumenum
755 3414 849 3459 {igno
877 3412 1002 3449 Crucis
1026 3415 1045 3447 a
1071 3413 1224 3459 maligno
1249 3415 1380 3461 hospite
1400 3414 1583 3460 liberavit,
1609 3418 1642 3452 &
1665 3417 1745 3452 dum
1770 3415 1933 3461 Coquum
1962 3423 2008 3449 ex
2032 3425 2076 3448 eo
2092 3437 2105 3457 ,
2129 3412 2224 3460 quod
2240 3434 2254 3455 ‚

191 3463 282 3543 ῗιιίιία
294 3474 357 3512 pro
380 3464 521 3510 prandio
540 3473 675 3510 pararet
692 3488 707 3507 ,
730 3475 798 3505 non
820 3462 980 3514 haberet,
1003 3473 1287 3507 conquerentem,
1303 3463 1414 3499 verbis
1428 3462 1522 3499 Deus
1537 3465 1736 3512 providebit
1759 3462 1884 3498 solatus
1899 3486 1912 3506 ‚
1938 3472 2056 3497 contra
2080 3462 2252 3497 omnem...

209 3512 445 3555 penta-Lacu
461 3511 662 3549 Attoniano
682 3511 781 3560 piscis
805 3510 1043 3558 prehensusest
1056 3533 1068 3551 ,
1083 3510 1254 3548 Fratribus
1274 3511 1450 3560 opiparam
1472 3512 1615 3548 mensam
1642 3514 1813 3559 praebens.
1840 3509 1972 3556 Saepius
1995 3509 2124 3546 Fratres
2148 3508 2183 3543 in
2204 3510 2256 3543 lo-

194 3556 245 3592 cis
261 3559 451 3608 longinquis
473 3561 694 3604 moribundi,
721 3560 852 3598 blande,
867 3560 986 3605 aperta
1007 3560 1114 3594 Cellae
1137 3561 1234 3605 porta
1262 3561 1303 3596 ad
1328 3568 1474 3595 mortem
1501 3561 1574 3607 ejus
1591 3560 1866 3598 Benediffionem
1893 3557 2020 3605 petiere
2038 3580 2051 3600 ‚
2076 3558 2227 3597 dicentes
2240 3566 2259 3589 ι.

194 3602 397 3645 ‘Benedroite
417 3608 618 3646 Reverende
638 3609 747 3647 Pater
761 3634 772 3653 ‚
799 3619 912 3656 quos,
938 3605 1016 3643 licet
1038 3607 1095 3643 ille
1119 3618 1187 3642 non
1208 3607 1339 3645 videret
1354 3631 1366 3651 ,
1389 3620 1466 3644 cum
1489 3619 1604 3646 tamen
1624 3620 1742 3645 eorum
1765 3606 1918 3642 nosceret
1942 3617 2060 3642 vocem
2075 3628 2088 3649 ,
2110 3605 2249 3640 illorum

194 3664 342 3690 mortem
354 3656 454 3694 libere
466 3655 646 3703 vulgavit.
663 3659 749 3694 Non
768 3656 924 3693 solumiu
937 3655 1029 3692 atriis
1051 3655 1185 3691 Domus
1200 3657 1339 3691 Domini
1353 3657 1589 3696 Columbanus
1604 3657 1685 3694 ficut
1699 3655 1836 3691 Cedrus
1851 3653 1967 3692 Libani
1981 3654 2096 3689 floruit
2109 3678 2123 3698 ‚
2149 3651 2203 3687 sed
2215 3650 2249 3685 δε

194 3700 230 3736 ἶῦ
248 3702 535 3752 aulis‚Principes
559 3707 685 3743 virtute
706 3705 911 3747 aedificavit,
934 3705 970 3740 &
985 3705 1105 3739 horum
1118 3715 1267 3740 amorem
1280 3703 1472 3750 captivavit
1487 3716 1497 3738 ε
1524 3706 1672 3741 tenerius
1692 3704 1790 3738 illum
1805 3701 2010 3738 Cellissimus
2025 3701 2187 3747 Princeps
2210 3698 2246 3733 &

193 3749 383 3798 Episcopus
406 3752 594 3791 Balileenlis
611 3754 764 3802 Joannes
794 3753 970 3791 Henricus
992 3752 1138 3795 dilexit,
1163 3763 1308 3800 eumque
1329 3776 1342 3796 ‚
1370 3761 1412 3787 ut
1437 3751 1497 3786 suo
1520 3754 1655 3789 nomine
1680 3751 1798 3788 limIna
1825 3750 2067 3796 Apostolorum
2090 3749 2246 3788 invisat,

193 3798 333 3843 selegit·
361 3801 475 3836 Annis
490 3805 522 3840 ,δι
542 3806 666 3842 meritis
691 3805 812 3852 plenus
832 3803 865 3840 6.
888 3801 1056 3840 Ostobris
1083 3799 1182 3845 ¹643-
1208 3801 1344 3838 mortali
1370 3799 1447 3838 vitae
1471 3799 1570 3838 finem
1597 3801 1716 3843 dedit,
1740 3800 1774 3835 8<
1793 3798 2019 3843 immortalis,
2043 3807 2080 3834 ut
2103 3797 2158 3845 pie
2177 3805 2244 3830 cre·

191 3848 327 3891 dimus,
351 3847 486 3884 initium
508 3851 629 3899 coepit,

312 3901 414 3940 Tom.
429 3902 449 3940 1
458 3900 495 3941 V·
622 3898 624 3900 ’
1466 3901 1482 3939 1
1509 3912 1529 3939 2
1991 3895 2194 3937 MEDIA-
