2638 4204
441 375 519 405 nec
546 346 779 416 aperietur,
796 342 863 394 nifi
878 353 930 394 de
954 350 1149 394 consensu
1165 350 1371 403 Praefecti,
1395 353 1434 394 &

441 417 709 462 Affistentium
725 441 738 462 ,
769 412 808 451 &
823 411 1013 465 praesente
1030 411 1260 452 secretario
1275 410 1406 465 primo
1422 440 1434 451 .

503 480 554 519 V.
587 479 644 516 Ex
661 468 839 525 pecuniis
852 469 1135 510 fraternitatis
1146 468 1258 511 nulla
1273 469 1436 511 omnino

445 542 685 592 quocunque
701 526 786 569 casu
804 556 818 578 ,
847 526 993 579 causa,
1015 537 1212 583 praetextu
1239 527 1439 583 parabun-

443 604 512 636 tur
529 587 713 633 convivia
729 613 744 637 ,
770 584 1156 629 nullaeinstituent'ur
1168 586 1442 643 compotatio-

442 665 536 694 nes-

500 708 574 748 VI.
606 703 729 764 Qod
742 710 787 746 ut
801 703 933 748 exaste
948 706 986 746 &
998 704 1291 748 inviolabiliter
1303 700 1441 747 obser-

440 777 557 810 vetur
573 791 586 814 ,
603 762 824 819 graviffime
839 763 1095 818 praecipitur,
1126 759 1194 805 sub
1211 774 1330 807 reatu
1346 778 1437 820 pec-

442 825 521 867 cati
538 821 747 874 mortalis,
773 824 813 863 &
828 821 894 863 sub
912 834 1032 875 poena
1053 823 1439 866 excommunicatio-

438 884 499 925 nis
516 882 606 924 latae
623 880 827 923 sententia:
843 908 858 929 ,
874 880 914 919 δι
926 879 1190 923 restitutionis
1204 882 1243 922 in
1257 881 1437 936 quadru-

438 941 549 997 plum
565 967 580 991 ,
613 954 663 982 ne
677 953 724 981 ex
742 941 858 982 rebus
876 939 1155 981 Fraternitatis
1168 939 1383 994 quidquam
1399 938 1436 979 in

437 1000 558 1053 cibo,
590 1009 716 1053 potu,
746 1013 790 1040 ac
807 995 996 1037 similibus
1020 999 1068 1039 ab
1085 998 1132 1038 iis
1149 1025 1162 1047 ,
1187 1010 1308 1050 penes
1335 1010 1434 1052 quos

435 1072 574 1101 earum
588 1056 642 1099 est
656 1054 943 1099 administratio
955 1080 970 1101 ,
992 1053 1238 1098 insumatur:
1253 1053 1332 1110 quii
1346 1068 1433 1110 poe-

435 1116 488 1160 na
501 1115 822 1168 constringentur
847 1126 987 1155 omnes
1000 1113 1218 1169 complices
1232 1142 1247 1163 ,
1284 1114 1323 1154 δι
1337 1127 1432 1155 con·

431 1175 501 1218 scii
519 1204 533 1226 ,
563 1171 964 1229 consentientesque,
988 1171 1256 1216 etiamsinihil
1271 1171 1433 1228 partici-

429 1233 617 1290 paverint
633 1260 649 1274 .

491 1294 587 1333 VH.
619 1290 701 1335 Sub
716 1290 855 1335 eadem
871 1288 991 1345 poena
1009 1289 1245 1341 mandatur,
1273 1304 1321 1332 ne
1343 1287 1432 1331 ullae

431 1351 697 1406 eleemosynae
710 1381 726 1402 ‚
755 1361 821 1393 aut
837 1351 899 1405 pia
913 1350 1041 1404 legata
1059 1350 1127 1392 sub
1142 1348 1214 1390 tali
1227 1347 1432 1391 conditio-

429 1404 513 1458 ne,
540 1419 608 1452 aut
622 1412 660 1451 in
680 1411 802 1452 talem
820 1410 930 1451 usum
957 1409 1228 1463 recipiantut.

491 1469 610 1508 V111.
641 1469 681 1510 Si
695 1469 782 1523 quis
799 1477 907 1523 petat
925 1465 1233 1520 Eleemosynam
1247 1494 1262 1515 ,
1288 1461 1430 1506 offeret

434 1524 622 1570 libellum
637 1524 854 1580 supplicem
870 1554 884 1576 ,
910 1539 993 1581 quo
1019 1527 1057 1566 in
1073 1523 1432 1580 congregatione-2

434 1581 612 1629 Praefecti
634 1610 648 1631 ,
677 1585 716 1624 δι
742 1584 1007 1625 Affistentium
1037 1583 1141 1624 leno
1167 1607 1182 1629 ,
1217 1581 1434 1636 diligenter

432 1643 661 1699 petentium
676 1643 818 1684 merita
839 1645 877 1683 δι
893 1638 1142 1685 necessitates
1157 1639 1429 1693 exploraban-

432 1713 500 1744 tur
515 1730 528 1752 ,
558 1715 640 1757 quae
654 1700 677 1742 fi
694 1713 771 1741 non
790 1699 863 1742 sint
879 1709 1088 1753 compertae
1101 1728 1117 1750 ,
1152 1700 1433 1740 committetur

431 1759 667 1815 quibusdam
682 1787 696 1809 ‚
724 1768 767 1799 ut
794 1758 1000 1814 inquirant
1026 1772 1071 1799 ac
1100 1754 1303 1805 referant,
1330 1758 1367 1797 δι
1384 1755 1433 1797 fic

432 1818 596 1860 tandem
614 1845 628 1867 ,
642 1827 832 1871 quantum
847 1815 995 1873 cuique
1009 1814 1150 1858 donari
1173 1813 1341 1868 debeat,
1358 1827 1436 1856 ma-

432 1876 525 1917 tute
545 1875 737 1917 statuetur
753 1903 765 1916 .

489 1935 565 1976 lx-
599 1930 948 1987 Eleemosynarius
976 1931 1077 1976 nulli
1106 1930 1432 1987 eleemosynam

429 1992 544 2034 dabit
558 2021 572 2043 ,
598 1994 666 2033 nisi
678 1992 892 2034 decretum
908 1990 1269 2035 Confraternitatis
1284 2018 1298 2041 ,
1315 2003 1431 2031 manu

429 2051 650 2094 Secretarii
685 2050 876 2105 scriptum
892 2049 1049 2096 adferat
1075 2080 1091 2104 ,
1122 2050 1232 2109 quod
1254 2050 1294 2091 in
1320 2061 1432 2091 com·

429 2110 642 2166 putatione
656 2107 864 2154 exhibebit
885 2135 896 2148 .

660 2288 968 2332 CAPUT
1057 2288 1201 2330 XIX.

498 2463 570 2512 De
599 2463 714 2513 modo
749 2465 897 2528 agendi
923 2484 1011 2514 cnm
1025 2464 1332 2517 Con-vertendis
1348 2500 1362 2515 .

489 2640 525 2681 1.
555 2638 913 2698 Qemadmodum
926 2653 1021 2694 erga
1035 2653 1130 2692 eos,
1155 2639 1282 2696 quiex
1301 2637 1431 2684 haerefi

427 2696 479 2741 ad
507 2696 630 2740 fidem
645 2698 899 2740 Catholicam
922 2699 1119 2746 redeunt,
1149 2701 1316 2742 maxima
1334 2701 1430 2742 cha·

428 2756 556 2808 ritas,
583 2756 862 2799 benevolentia
879 2784 894 2807 ,
919 2769 965 2799 ac
994 2757 1249 2809 humanitas,
1282 2760 1335 2800 ita
1353 2771 1431 2800 non

429 2827 552 2872 parva
567 2814 760 2870 discretio
774 2842 788 2864 ,
811 2829 856 2857 ac
883 2814 1075 2868 sagacitas
1100 2815 1331 2859 adhibenda
1346 2814 1401 2859 est
1415 2844 1430 2866 ,

429 2887 480 2915 ne
493 2873 653 2928 quando
666 2870 772 2928 fraus
783 2870 857 2915 fiat
873 2901 887 2924 ‚
919 2870 959 2914 &
972 2872 1040 2916 sub
1057 2873 1188 2928 specie
1201 2875 1429 2930 Religionis

430 2931 574 2987 vulpes
599 2933 752 2974 vineam
772 2933 934 2973 Domini
959 2932 1207 2975 demolitura
1231 2932 1431 2989 ingredia-

431 2999 526 3040 tur,
555 3004 600 3032 ac
616 2987 781 3046 serpens
810 2989 951 3046 (quod
966 2990 1047 3033 dici
1065 2990 1201 3051 solet)
1219 2997 1258 3036 in
1274 2993 1358 3036 finu
1370 2990 1429 3032 fo—

429 3059 572 3090 veatur
589 3077 600 3089 .
784 3101 794 3106 κ

487 3108 543 3148 11.
575 3108 741 3163 Itaque,
752 3116 964 3163 antequam
981 3109 1172 3154 in-curam
1191 3110 1433 3155 Frater-nita-

428 3163 482 3207 tis
503 3163 777 3219 recipiantur,
803 3166 1025 3223 diligenter
1050 3170 1330 3218 examinandi,
1359 3183 1432 3210 un-

429 3224 512 3272 de,
530 3224 658 3278 &qua
677 3225 864 3268 veniant:
899 3228 1180 3283 inquirendum
1212 3229 1266 3271 de
1293 3242 1432 3281 paren-

429 3282 567 3333 tibus,
593 3293 739 3335 aetate,
775 3284 966 3340 ingenio,
995 3286 1261 3342 proseffione,
1290 3285 1373 3330 vita
1387 3301 1430 3328 ac

428 3342 635 3394 moribus3
663 3354 783 3399 atque
800 3345 943 3386 horum
958 3345 1135 3388 omnium
1148 3373 1162 3397 ,
1195 3345 1222 3389 fi
1237 3344 1327 3389 fieri
1343 3342 1430 3401 pos·

426 3399 473 3443 fit
488 3429 503 3452 ,
532 3401 756 3460 testimonia
773 3403 970 3456 exigenda
987 3433 998 3445 .

485 3461 564 3501 111.
600 3459 853 3516 Explorindi
868 3462 990 3504 etiam
1006 3488 1020 3510 ,
1044 3461 1123 3518 qua
1138 3463 1367 3507 intentione
1379 3461 1431 3505 ad

425 3517 651 3560 Ecclefiam
669 3519 839 3562 redeant
853 3549 867 3571 ‚
892 3535 970 3578 qua
988 3523 1218 3565 occafione:
1236 3537 1320 3579 quae
1335 3535 1432 3565 cau-

425 3576 473 3620 sae
487 3588 558 3617 eos
587 3577 822 3634 impulerint
847 3593 861 3624 ε
885 3593 931 3621 ac
952 3578 1099 3638 singula
1126 3579 1349 3637 diligenter
1362 3593 1432 3623 an-

425 3635 631 3679 notanda.
1352 3635 1355 3637 i

484 3695 559 3735 1v.
590 3695 672 3755 Qi
701 3701 926 3747 converti,
961 3711 1006 3741 ac
1039 3697 1251 3742 informari
1288 3698 1433 3748 volet,

427 3751 664 3796 Ptaefestum
682 3784 695 3806 ,
726 3768 795 3800 aut
812 3755 1123 3813 Propraesetstum
1140 3757 1305 3802 accedet
1320 3771 1336 3811 3
1361 3767 1432 3800 aut

426 3810 453 3855 fi
469 3810 578 3871 forte
593 3812 633 3856 in
649 3813 822 3871 aliquem
835 3816 961 3860 alium
983 3829 1035 3871 ex
1049 3815 1334 3873 confratribus
1349 3816 1433 3874 pri'·

1108 215 1746 307 Provincia

1496 359 1564 394 mo
1578 352 1768 394 inciderit
1782 381 1796 404 ,
1822 354 1871 395 ab
1887 365 1937 394 eo
1950 350 2000 392 ad
2016 350 2244 394 Praefectum
2257 353 2500 408 adducetur,

1495 413 1535 452 ἃ.
1550 411 1812 455 servabuntur
1826 425 1973 467 ea-,quae
1988 408 2100 465 supra
2118 423 2187 467 cap
2204 413 2310 461 2.§.1
2325 428 2355 455 ι.
2370 414 2497 461 &12-

1499 470 1603 511 ἀίἐὶα
1619 469 1705 512 sunt
1720 500 1731 511 .
1918 470 1921 472 ’
2379 476 2381 478 ’

1559 530 1611 570 V.
1645 528 1841 571 Absentes
1858 529 1950 583 ,qui
1964 529 2088 584 opera
2108 529 2388 571 Frater-nitatis
2401 541 2499 574 con-

1500 589 1606 630 verti
1629 589 1769 629 volent
1783 613 1795 631 ,
1825 586 1848 626 sl
1879 588 1914 627 in
1932 587 2027 631 loco
2045 588 2305 630 habitationis
2323 600 2499 632 eorum„

1501 647 1644 703 aliquis
1668 642 1936 688 Confratrum
1965 675 1978 697 ,
2014 661 2074 687 cui
2100 648 2297 689 committi
2325 643 2498 701 poffint,

1501 706 1642 754 vivat,
1674 703 1732 746 illi
1761 704 2160 746 commendabuntur
2181 734 2194 756 ,
2227 706 2294 759 qui
2320 705 2502 748 observa-

1501 763 1587 814 bit,
1612 763 1719 816 quod
1755 763 1830 804 hoc
1856 764 2001 805 eodem
2024 763 2147 817 πφδ
2179 775 2216 804 2.
2245 762 2294 810 θ’
2310 777 2347 815 3.
2369 763 2499 809 item..

1499 823 1603 878 quod
1633 822 1745 876 supra
1770 835 1799 860 c.
1827 834 1885 862 ia.
1910 822 2002 871 §.5.
2034 821 2304 877 praescriptum
2329 820 2416 862 est:
2447 819 2501 863 fin

1500 882 1656 928 minus,
1693 880 1996 934 deputabuntur
2026 880 2181 935 aliqui,
2217 880 2282 922 hic
2315 877 2502 921 Coloniae

1497 937 1738 988 habitantes,
1754 942 1821 993 qui
1837 953 1997 987 eorum,
2016 944 2084 981 eth
2102 938 2345 988 absentium,
2359 951 2500 980 curam

1494 995 1728 1051 suscipiant,
1759 998 1795 1037 8(
1813 996 1947 1039 habita
1974 997 2185 1039 sufficienti
2209 995 2499 1039 informatione

1494 1069 1636 1097 eorum
1651 1083 1664 1105 ,
1689 1056 1898 1109 dequibus
1925 1057 1961 1105 θ.
1981 1069 2016 1096 2.
2031 1059 2068 1098 &
2084 1068 2125 1108 3.
2152 1059 2307 1108 astum,
2335 1068 2404 1109 per
2427 1055 2502 1097 lit-

1495 1125 1603 1154 teras
1618 1113 1806 1154 instruant
1823 1127 1838 1166 3
1867 1114 1914 1156 ad
1929 1126 2030 1167 quos
2045 1117 2239 1157 Converti
2258 1114 2295 1157 in
2311 1113 2496 1155 omnibus

1494 1172 1627 1213 dubiis
1646 1181 1857 1213 recurrent
1871 1184 1885 1223 3
1899 1171 2042 1226 quibus
2058 1172 2397 1228 demum,quoties
2413 1181 2499 1214 ter-

1495 1229 1624 1272 minus
1645 1227 1841 1271 tolven‘dae
1854 1230 2031 1285 pecuniae
2047 1230 2260 1273 advenerit
2276 1256 2291 1279 ‚
2317 1230 2504 1272 testimo-¹
2558 1257 2564 1260 -

1495 1289 1603 1330 nium
1634 1300 1791 1328 morum
1805 1317 1819 1338 ,
1854 1284 2106 1330 confeffionis
2127 1286 2257 1331 altera
2279 1298 2505 1344 quaque-o·

1493 1345 1746 1389 hebdomade
1763 1344 1870 1388 faetae
1887 1375 1902 1399 ,
1927 1358 2209 1404 perceptaeque
2239 1347 2495 1389 communio-

1493 1407 1551 1448 nis
1566 1405 1838 1448 transmittent
1851 1435 1861 1447 .

1552 1463 1619 1505 Vi.
1654 1464 1849 1506 Habenda
1882 1465 1960 1508 erit
1990 1464 2196 1522 singularis
2220 1477 2495 1522 curapuero·

1493 1536 1579 1566 rum
1593 1547 1608 1571 ,
1632 1536 1677 1564 ac
1694 1523 1908 1565 mulierum
1924 1551 1937 1574 ,
1973 1525 2025 1566 eo
2041 1524 2149 1580 quod
2178 1523 2335 1574 fraudi,
2358 1538 2407 1567 ac
2423 1538 2496 1580 pe·-

1493 1580 1625 1625 riculo
1638 1580 1875 1624 seductionis
1890 1583 2022 1637 magis
2038 1582 2109 1625 (int
2123 1583 2287 1630 obnoxii
2305 1597 2317 1625 ε
2346 1582 2387 1623 &
2405 1582 2500 1627 dili.

1495 1641 1794 1696 genten-,quibus
1810 1641 1998 1684 commiffi
2017 1639 2183 1694 fuerint,
2200 1641 2498 1697 advigilabant,

1494 1711 1539 1742 ut
1553 1711 1627 1754 pro
1641 1700 1764 1752 aetatis
1780 1724 1795 1745 ,
1825 1713 1870 1741 ac
1889 1699 2000 1742 sexus
2013 1699 2255 1744 conditione
2279 1699 2442 1743 honeste
2456 1700 2498 1751 ὃς

1495 1759 1718 1801 habeantur
1732 1783 1746 1806 a
1768 1758 1808 1799 δι
1823 1758 2024 1810 habeant,
2051 1770 2178 1815 utque
2193 1757 2318 1801 solide
2337 1759 2375 1801 in
2396 1757 2498 1810 fide,

1497 1830 1542 1859 ac
1569 1816 1718 1872 pietate
1743 1815 2039 1860 informentur.
2074 1820 2215 1875 Qare
2243 1817 2357 1872 pueri
2380 1817 2454 1874 piis
2475 1843 2492 1868 ,

1498 1874 1665 1926 acleus,
1701 1887 1746 1916 ac
1787 1875 1956 1918 eruditis
1995 1876 2338 1931 praeceptoribus3
2371 1885 2440 1919 aut
2470 1873 2497 1915 si

1494 1934 1542 1977 ad
1559 1931 1717 1987 opificia
1731 1958 1745 1981 2
1758 1944 1825 1976 aut
1844 1946 2112 1978 mercaturam
2125 1934 2407 1990 applicentur,
2424 1934 2498 1975 ho-

1493 1992 1635 2043 nestis,
1662 2005 1708 2034 ac
1727 1991 1868 2035 zelofis
1887 1993 2113 2036 Catholicis
2130 1991 2320 2046 civibus3
2349 1991 2498 2035 mulie-

1491 2065 1583 2102 res,
1614 2064 1659 2091 ac
1684 2050 1827 2105 puellae
1843 2051 2002 2095 devotis
2030 2051 2246 2106 virginibus
2266 2078 2281 2099 ,
2315 2062 2387 2093 aut
2413 2063 2497 2091 ma-

1490 2110 1619 2152 tronis
1646 2110 2040 2152 commendabuntur
2063 2139 2074 2151 .
2108 2109 2303 2163 Exigetur
2328 2109 2451 2151 etiam
2473 2107 2497 2150 i

1491 2169 1642 2212 talibus
1656 2168 1928 2213 testimonium
1945 2183 2126 2222 morum,
2152 2165 2499 2226 &frequentatioe

1491 2230 1554 2272 nis
1568 2227 1906 2272 {aeramentorum
1922 2259 1934 2272 .

1551 2288 1650 2329 vu.
1683 2291 1778 2330 Non
1795 2288 1943 2330 leviter
1957 2301 2004 2330 ac
2022 2286 2177 2331 temere
2191 2300 2384 2335 errones,
2414 2285 2500 2329 cira
2541 2301 2544 2306 >

1493 2343 1740 2389 cumforanei
1758 2374 1772 2395 ,
1802 2346 1965 2388 obaerati
1990 2375 2005 2397 ,
2038 2344 2247 2389 facinorosi
2275 2375 2292 2397 ,
2337 2342 2495 2387 etiamst

1494 2402 1800 2448 converfionem
1841 2401 2057 2460 spondeant
2080 2433 2094 2455 ‚
2132 2402 2376 2446 admittendi
2404 2432 2420 2454 ,
2451 2403 2492 2444 δι

1494 2461 1662 2504 subfidio
1681 2463 1914 2518 pecuniario
1934 2461 2100 2517 juvandi
2118 2462 2204 2504 sunt
2220 2491 2236 2513 ,
2263 2461 2497 2518 nisispem)

1492 2520 1601 2562 seriae
1627 2521 1897 2563 convertionis
1926 2549 1940 2572 ,
1970 2522 2011 2562 δε
2044 2519 2341 2564 emendationis
2373 2518 2495 2562 valde

1494 2579 1748 2634 probabilem
1777 2579 1946 2623 faciant.
1980 2582 2121 2636 ltaque
2147 2579 2248 2623 tales
2265 2607 2280 2632 ,
2307 2579 2348 2620 δι
2370 2592 2498 2621 accu-

1495 2638 1616 2682 ratius
1631 2667 1646 2690 ,
1667 2639 1864 2682 &diutius
1882 2638 2077 2693 probandi
2094 2637 2178 2679 sunt
2192 2664 2203 2676 .

1552 2696 1647 2738 vit.
1674 2697 1753 2739 Etfi
1769 2698 1948 2739 omnium
1961 2695 2231 2739 Confratrum
2244 2695 2303 2739 est
2317 2694 2497 2745 vocatio,
2564 2730 2568 2734 .

1491 2758 1531 2797 δε
1557 2754 1732 2798 officium
1758 2755 1992 2799 incumbere
2006 2769 2085 2797 non
2113 2755 2184 2797 suae
2212 2754 2399 2806 tantum,
2426 2751 2506 2796 sed.

1491 2817 1527 2858 ὅ(
1546 2817 1820 2870 proximorum
1852 2814 1997 2866 saluti,
2029 2816 2068 2856 δι
2095 2816 2161 2856 vix
2186 2811 2295 2857 ullus
2311 2812 2497 2856 'inveniri

1491 2872 1643 2928 potest,
1673 2873 1742 2928 qui
1765 2886 1842 2914 non
1869 2871 2034 2929 aliquod
2048 2887 2178 2927 operae
2193 2873 2368 2929 pretium
2395 2870 2498 2913 eain
2565 2901 2567 2906 .

1492 2946 1535 2974 re
1562 2930 1694 2974 facere
1719 2942 1841 2987 queat
1859 2961 1873 2983 ,
1906 2931 1983 2975 five
2013 2932 2282 2987 inquirendo,
2313 2931 2392 2973 five
2406 2942 2494 2970 mo-

1493 2991 1656 3040 nendo,
1688 2991 1728 3032 &
1753 2991 1935 3046 rogando
1956 3019 1972 3041 ,
2005 2991 2083 3032 five
2112 2990 2234 3032 dubia
2263 2988 2497 3037 movendo,
2562 3020 2566 3023 -

1491 3051 1574 3092 ssve
1601 3049 1777 3104 quae'dam
1808 3060 2043 3106 argumenta
2068 3049 2202 3092 obiter
2230 3048 2335 3104 quali
2369 3046 2498 3104 proji-

1491 3107 1667 3158 ciendo,
1691 3107 1768 3151 five
1798 3108 1847 3150 ad
1863 3109 2096 3151 Conciones
2119 3107 2386 3159 adducendo,
2420 3105 2496 3148 five

1492 3167 1572 3209 alio
1593 3166 1729 3223 aliquo
1758 3166 1906 3209 modo:
1938 3177 2113 3210 attamen
2140 3180 2260 3209 nemo
2282 3166 2412 3209 sumet
2427 3162 2493 3206 fibi

1491 3238 1635 3268 munus
1650 3239 1741 3267 cum
1758 3225 1954 3269 haercticis
1971 3239 2022 3268 ex
2040 3223 2210 3279 professo
2225 3221 2461 3282 conferendi
2477 3248 2492 3271 ‚

1492 3285 1556 3328 seu
1577 3283 1833 3340 disputandi,
1864 3284 1983 3327 eosve
1996 3283 2273 3334 informandi,
2308 3282 2373 3326 nifi
2389 3292 2495 3321 man-

1490 3345 1617 3394 dato,
1646 3351 1715 3385 aut
1728 3345 1844 3385 certe
1860 3341 1957 3385 scitu
1974 3372 1988 3395 ,
2013 3345 2053 3386 δι
2067 3341 2257 3386 consensu
2283 3337 2461 3384 Praefefti
2476 3364 2491 3386 ,

1491 3405 1529 3445 δι
1545 3401 1829 3454 Affistentium,
1841 3411 1885 3444 ut
1901 3402 2012 3458 supra
2028 3415 2192 3459 quoque
2204 3411 2367 3456 capas.
2380 3396 2442 3445 §.1
2459 3407 2495 3436 1.
2560 3429 2562 3432 ,

1493 3470 1678 3504 notatum
1699 3460 1785 3503 est,
1806 3463 1810 3466 ’
1848 3497 1850 3499 .

1550 3522 1629 3563 ΙΧ.
1659 3519 1780 3561 Hisce
1794 3527 1928 3561 tamen
1940 3518 2042 3561 nihil
2058 3516 2360 3574 prejudicatum
2374 3512 2496 3555 volu-

1491 3593 1579 3623 mus
1593 3577 1813 3632 Theologis
1826 3606 1842 3628 ,
1856 3578 1896 3619 δι
1911 3576 2137 3621 Pastoribus
2153 3603 2167 3626 ,
2197 3575 2319 3617 etiam
2334 3574 2379 3616 iis
2394 3601 2410 3623 ,
2426 3571 2494 3627 qui

1496 3637 1779 3682 Fraterntitati
1806 3649 1954 3678 nomen
1981 3635 2090 3677 suum
2104 3633 2336 3685 dederunt,
2360 3631 2492 3688 quin..-

1494 3697 1541 3740 iis
1562 3694 1816 3752 agereliceat
1841 3708 1913 3749 pro
1927 3692 1990 3736 sui
2013 3692 2226 3735 vocatione
2241 3721 2255 3743 ,
2279 3690 2494 3735 discretio-

1491 3769 1602 3807 ne,ac
1613 3754 1704 3797 zelo
1719 3752 1837 3795 .Vult
1852 3753 1959 3796 enim
1972 3750 2301 3795 confraternitas
2317 3750 2398 3792 illis
2414 3745 2491 3791 effe

1490 3813 1722 3872 adjumento
1743 3838 1759 3865 ,
1772 3824 1859 3857 non
1871 3809 2167 3871 impedimento
2178 3838 2194 3864 ,
2221 3822 2354 3867 neque
2369 3808 2490 3849 dubi-

2343 3875 2398 3908 tat
2415 3892 2430 3916 ,
