2638 4204
915 237 1463 324 Boemica.
2029 266 2188 344 2¹7

190 374 318 429 testam
332 400 346 420 ‚
368 374 412 417 ὁ·
421 374 647 414 authoritatis
662 375 775 426 nostrae
783 372 1001 423 plenitudine
1015 395 1027 414 ,
1052 381 1093 406 ex
1105 378 1198 406 certa
1198 367 1349 416 scientia
1362 390 1375 410 ‚
1399 367 1587 421 &maturo
1598 359 1774 417 accedente
1793 365 1936 421 cqnfilio‚
1951 366 2078 402 difium
2091 366 2246 421 mona}

180 425 322 476 sterium
337 425 371 459 W
384 423 626 473 ratislaviense
639 424 799 461 Fratrum
813 422 1066 469 Capucinorum
1078 418 1149 454 unci
1167 429 1241 453 cum
1253 416 1404 456 omnibus
1417 426 1472 463 eju
1489 413 1561 447 dem
1574 418 1838 459 appertinentiis
1855 437 1867 456 ‚
1892 426 1998 463 utque
2011 414 2099 451 illud
2108 417 2246 462 prefati

187 474 326 513 Fratres
340 474 512 520 perpetuis
525 474 727 520 temporibus
738 495 752 515 ‚
775 468 887 519 quieti
897 467 1115 507 inhabitare,
1140 466 1329 511 ibidemque
1346 465 1420 512 pias
1432 474 1454 497 a
1492 460 1601 496 Deum
1612 468 1725 505 preces
1736 457 1887 503 fundere
1899 487 1911 504 ‚
1937 476 1976 499 ac
1994 463 2064 498 alia
2079 463 2247 512 Christia-

186 533 237 562 nae
247 523 389 569 pietatis
401 545 414 563 ‚
437 522 478 562 ὠ*
493 520 668 570 Religiosae
694 518 883 558 devotionis
893 541 907 559 ,
933 513 1143 559 Ordinisque
1153 511 1215 560 sui
1226 520 1324 560 opera
1337 514 1378 553 ὠ·
1391 507 1680 561 exercitiafivcere
1693 505 1834 564 valeant·
1846 532 1858 549 ‚
1887 512 1930 546 ab
1949 514 2102 548 omnibus
2111 523 2247 559 grava-

183 570 356 611 minibus,
381 569 461 606 mole
473 568 557 614 iiis,
582 567 826 607 exaEiianibus.
850 561 1130 612 impositionibus,
1146 559 1297 608 steuris,
1323 560 1469 608 censibus
1483 582 1495 601 ‚
1521 567 1561 597 ac
1585 555 1717 590 demum
1743 557 1898 592 ommbus
1923 560 2113 607 &fingulis
2129 561 2247 595 oneri·

184 619 248 656 bus
262 643 273 660 ,
301 628 371 655 tam
385 570 534 653 realibus
550 643 559 657 .
586 616 685 664 qudm
698 612 929 662 personalibus
941 634 954 654 ,
973 607 1136 645 civilibus
1149 631 1160 648 ‚
1187 608 1230 647 &⁶
1242 607 1456 644 militaribus
1467 631 1480 650 ,
1505 615 1578 654 quae
1600 604 1649 641 eis
1664 604 1910 649 quomodolibet
1923 607 2052 653 inferri.
2063 610 2104 650 (θ’
2117 606 2247 655 imponi

178 663 310 716 paffent
325 691 336 710 ,
358 664 455 715 pleni
465 665 609 701 liberum
621 687 633 706 ,
659 671 844 709 exemptum
857 685 870 703 ‚
893 661 936 701 ό·
951 660 1096 694 immune
1116 653 1175 704 effis
1193 656 1347 690 volumus
1361 683 1372 696 ‚
1393 657 1497 691 itaut
1518 651 1622 691 altius
1634 660 1852 686 memoratum
1867 653 2109 702 Monasterium
2121 680 2133 697 ,
2151 656 2244 693 Con-

185 724 314 750 ventus
329 741 337 754 ,
358 718 459 761 sacra
473 714 539 750 Dei
555 713 680 749 Domus
690 734 704 754 ‚
724 721 763 744 ac
775 709 837 756 ipsi
845 707 982 744 Fratres
998 703 1155 751 Religiosi
1164 725 1177 746 2
1202 702 1244 743 (ς’
1263 700 1391 737 Famlia
1404 712 1477 738 tota
1498 703 1537 737 ln
1550 700 1704 756 omnibus
1717 723 1730 742 ‚
1756 699 1799 739 eb·
1814 708 1876 746 per
1889 705 2000 738 omnia
2019 704 2183 753 universts
2202 703 2246 744 &⁶

179 762 326 812 fingam
351 761 583 808 privilegiis,
606 757 892 806 exemptionibus,
920 754 1138 792 libertatibus
1154 775 1169 795 ‚
1188 750 1349 800 juribus,
1374 748 1651 786 immunitatibus
1672 759 1712 783 ac
1735 747 1906 794 beneficiis
1919 759 2067 787 utantur
2082 778 2094 796 ‚
2112 752 2245 799 fruan-

182 821 244 848 tur
259 835 271 854 ›
293 812 474 860 potiantur
483 820 522 847 ac
530 807 706 856 gaudeant
718 828 730 847 ‚
754 804 878 852 quibus
897 804 966 842 alia
981 800 1200 852 Mwafleria,
1214 797 1574 845 Religiofhrumsacrae
1591 796 1716 852 pomus
1729 819 1740 835 ,
1765 794 1903 843 locaque
1914 822 1925 839 ‚
1952 799 1994 838 ὅς’
2010 801 2245 847 ‘Deosacratae

184 859 351 908 Persona
365 855 541 905 Religtqfae
561 855 630 903 suh
641 851 768 899 regulis
786 853 825 888 in
843 851 1058 900 Monasleriis
1069 873 1081 892 ,
1106 849 1149 890 (θ’
1164 846 1399 884 Conventibus
1413 847 1573 883 viventes
1591 855 1631 878 m
1643 844 1788 883 Ducatu
1813 843 1872 880 hoc
1889 843 2013 898 Nostro
2032 849 2059 883 S
2062 848 2151 895 ilefiae
2166 872 2177 888 ,
2202 858 2243 882 ac

183 907 330 956 reliquis
357 905 482 956 noslris
504 902 733 939 hareditarils
756 898 872 948 Regni
896 898 1096 939 Provinciis
1125 908 1164 931 ac
1188 895 1401 931 ‘Ditionibus
1426 903 1580 930 utuntur
1598 915 1610 934 ‚
1628 892 1806 940 fruuntur
1826 917 1836 932 ,
1858 896 2069 940 potiuntur,
2094 909 2132 932 ac
2152 907 2246 943 gau-

181 955 266 993 dent
281 981 293 1000 ,
327 955 370 997 ά·
387 956 425 990 in
438 963 551 990 eorum
569 950 659 998 sunt
681 947 884 998 poffiffione‚
907 948 966 984 vel
975 947 1089 995 quast,
1113 942 1204 980 nullo
1213 944 1351 991 penitus
1372 943 1453 978 inde
1466 950 1599 989 excepto
1614 964 1624 982 ,
1649 951 1723 987 quae
1744 941 1857 975 omnia
1885 942 1956 989 ipsis
1973 944 2092 989 vigore
2102 945 2245 991 praesen-

180 1006 268 1041 tium
283 1003 462 1040 elementer
476 1000 617 1040 damus,
640 996 683 1037 ὼ*
705 996 915 1031 concedimus
935 1019 947 1039 ,
973 1006 1040 1030 non
1052 993 1154 1030 aliter
1169 1016 1182 1035 ‚
1207 991 1308 1039 quim
1318 991 1477 1040 fisaepius
1501 998 1719 1027 memoratum
1741 988 1986 1037 Monaslerium
2001 993 2043 1025 ab
2057 992 2159 1030 initio
2175 991 2247 1038 sta·

180 1054 243 1089 tim
254 1046 500 1100 instituiffemus
513 1070 524 1088 ,
548 1041 758 1093 erexsffismus
770 1065 780 1081 ,
802 1040 1083 1093 &funda‘ffemus
1096 1065 1109 1083 ‚
1126 1040 1311 1090 statuentes
1333 1039 1470 1088 insuper
1483 1063 1496 1081 ,
1524 1048 1565 1075 ut
1584 1036 1760 1093 quidquid
1776 1036 1818 1072 de
1837 1037 2057 1085 Eleemoffinis
2076 1063 2087 1079 ,
2111 1051 2150 1074 ac
2164 1039 2245 1073 aliis

175 1101 279 1137 rebus
298 1100 336 1133 in
342 1097 404 1144 sui
407 1093 686 1144 sustentationem
706 1115 719 1135 ,
743 1092 804 1131 ubi
816 1092 876 1127 ubi
887 1093 1025 1130 tandem
1036 1088 1234 1137 collegerint
1249 1112 1261 1131 ‚
1286 1087 1626 1136 &conquisiverint‚
1653 1085 1693 1120 id
1705 1084 1775 1120 illis
1798 1087 1836 1120 in
1866 1086 2102 1122 haereditariis
2126 1086 2246 1135 nostris

180 1146 368 1187 ditionibus
381 1144 499 1179 ubivis
525 1141 670 1181 locorum
686 1164 698 1184 ,
723 1138 864 1177 maximi
889 1139 969 1176 verb
989 1140 1028 1174 in
1045 1138 1180 1175 teloniis
1198 1136 1316 1185 nostris
1329 1160 1340 1180 ‚
1365 1148 1436 1184 quae
1448 1135 1506 1172 vel
1526 1135 1585 1183 Ipsi
1601 1133 1710 1170 adhuc
1722 1134 1911 1182 poffidemus
1930 1159 1941 1176 ‚
1965 1134 2023 1175 vel
2046 1134 2125 1176 aliis
2151 1134 2243 1190 poffi-

179 1195 291 1232 denda
304 1217 316 1237 ‚
341 1193 464 1240 quovIs
474 1191 553 1239 jure
563 1186 764 1239 dediffiemus
779 1214 789 1231 ‚
815 1197 877 1224 aut
886 1188 1015 1238 posthac
1028 1188 1111 1224 dare
1123 1182 1287 1235 poffumus
1299 1186 1388 1234 ‚sine
1401 1186 1490 1221 omni
1508 1183 1637 1232 prorsss
1650 1183 1821 1219 exafflone
1833 1209 1842 1222 ‚
1864 1182 2000 1231 gabella
2014 1208 2027 1228 ‚
2055 1182 2213 1230 veEiigalt
2229 1206 2246 1225 ,

180 1243 223 1285 ῤ’
233 1243 352 1291 quovis
366 1239 432 1275 alio
441 1239 687 1288 mpedimento,
701 1236 829 1281 libere,
844 1236 918 1274 tutb
932 1261 945 1281 ‚
955 1237 997 1279 ὼ·
1009 1234 1160 1286 expedite
1178 1235 1269 1270 eitra
1284 1245 1409 1271 omnem
1422 1233 1669 1283 inquisitionem
1678 1256 1693 1276 ‚
1715 1241 1778 1269 aut
1788 1233 2043 1270 annotationem
2059 1232 2177 1273 cedat,
2202 1231 2248 1276 &ff

281 1303 293 1326 ι
329 1302 349 1326 a
367 1301 410 1326 ur
429 1314 440 1325 .

178 1299 335 1376 perra-250
350 1299 493 1387 proinde
502 1337 665 1386 universis
689 1335 805 1389 nosiris
818 1334 1047 1387 Qsloribus
1058 1357 1071 1377 ‚
1096 1332 1288 1369 Teloaariis
1303 1357 1311 1372 .
1337 1344 1377 1370 ae
1395 1332 1475 1368 aliis
1498 1331 1661 1379 ejusmodi
1677 1342 1984 1379 ‚quorumcumque
1994 1332 2211 1370 tributorum
2226 1353 2244 1373 ,

182 1397 246 1425 aut
274 1399 410 1423 onerum
435 1385 665 1428 exafioribus,
691 1386 733 1427 ὠ·
752 1384 962 1437 Officialibus
976 1381 1090 1434 siricii
1104 1409 1113 1423 ,
1139 1380 1384 1430 clementerque
1402 1380 1592 1417 inhibemus
1605 1406 1620 1425 ‚
1646 1392 1687 1417 ne
1699 1391 1820 1418 contra
1839 1377 2021 1432 expreffum
2044 1380 2104 1415 hoc
2123 1380 2248 1416 Privi-

183 1434 311 1482 legium
327 1434 413 1488 nostr
420 1445 476 1470 um
498 1456 510 1476 ,
527 1433 595 1482 sub
607 1445 803 1481 quoeunque
824 1432 930 1469 colore
941 1457 949 1471 ‚
975 1441 1038 1469 aut
1047 1440 1215 1479 praetextu
1223 1432 1381 1479 praefittos
1394 1428 1533 1466 Fratres
1549 1430 1741 1477 Capucinos
1755 1455 1768 1473 ,
1791 1429 1926 1479 ipsisque
1940 1430 2168 1479 inservientes
2177 1436 2245 1475 per(

175 1484 215 1535 se
228 1506 240 1526 ‚
267 1481 326 1518 vel
335 1484 415 1529 suos
434 1479 610 1517 ullatenus
622 1482 764 1518 turbent
775 1505 789 1525 ,
813 1492 876 1519 aut
893 1480 1058 1530 molestent
1067 1503 1080 1523 ‚
1106 1478 1164 1515 vel
1175 1480 1218 1515 ab
1237 1478 1317 1515 aliis
1327 1480 1468 1515 turbari
1493 1490 1533 1514 ac
1545 1477 1708 1529 moleslari
1718 1480 1904 1525 patiantur
1917 1502 1927 1513 .

278 1529 359 1580 Q
372 1528 451 1567 verb
464 1528 544 1565 diiii
557 1527 694 1566 Fratres
705 1530 876 1579 Capucini
890 1530 1045 1578 Caesareae
1058 1529 1100 1569 ἐπ’
1119 1527 1230 1576 Regiae
1242 1529 1468 1574 benignitatis
1481 1527 1596 1575 nostrae
1611 1526 1878 1573 munificentiam
1891 1525 2016 1561 uberiu
2027 1536 2041 1560 s
2054 1526 2241 1570 experian-

181 1589 244 1619 tur
259 1603 272 1623 ,
295 1581 337 1621 &⁴
354 1579 437 1614 'Deo
451 1577 575 1613 melius
590 1579 748 1625 servire,
771 1579 902 1626 piisque
913 1578 1073 1615 exercitis
1083 1576 1160 1624 suis
1174 1576 1341 1613 attentius
1356 1587 1483 1612 vacare
1490 1575 1607 1623 poffint
1617 1598 1630 1618 ,
1654 1585 1763 1621 neque
1777 1574 1899 1621 quovis
1920 1574 2244 1622 modosaecularibus

182 1629 278 1665 curis
294 1655 301 1666 .
326 1627 368 1668 ιβ’
382 1627 528 1674 negotiis
552 1625 573 1662 ἃ
582 1629 647 1674 piae
659 1628 862 1664 intentionis
881 1626 994 1676 nostrae
1007 1634 1069 1674 pro
1091 1625 1163 1673 osito
1174 1649 1187 1668 ‚
1210 1625 1253 1665 ὼ·
1266 1623 1422 1671 vitaesuae
1438 1622 1609 1658 laudabili
1620 1621 1776 1672 instituto
1790 1623 2033 1665 divertuntur,
2041 1622 2242 1671 praetafiium

182 1674 427 1725 Monasterium
443 1701 452 1716 ‚
477 1676 648 1723 omnesque
659 1674 754 1711 illius
759 1675 919 1723 personas
928 1699 941 1719 ‚
965 1687 1004 1710 ac
1018 1675 1052 1722 ip
1063 1685 1089 1709 ts
1104 1671 1328 1720 inservientes
1340 1683 1417 1708 cum
1433 1670 1598 1719 universa
1609 1682 1723 1707 eorum
1739 1669 1883 1711 Familia
1896 1682 2017 1709 contra
2031 1683 2157 1708 omnem
2170 1672 2245 1707 vim

183 1725 227 1765 δ’
240 1723 451 1766 violentiam,
462 1734 657 1773 quocunque
676 1723 768 1758 modo
780 1747 793 1765 ,
820 1722 877 1759 vel
891 1722 913 1759 ὰ
930 1721 1193 1770 quibufhumque
1207 1721 1278 1769 ipsis
1293 1719 1593 1768 pertimescendam
1610 1745 1621 1763 ,
1648 1731 1723 1756 cum
1742 1720 1841 1766 solita
1866 1719 1938 1755 illic
1951 1721 2102 1756 locorum
2116 1723 2239 1756 immu-

181 1773 293 1808 nitate
306 1771 521 1820 Ecclesiastica
533 1771 572 1805 in
580 1770 756 1817 specialem
776 1770 916 1820 nostram
930 1795 942 1814 ,
969 1768 1219 1816 Haeredumque
1228 1792 1242 1812 ,
1267 1780 1307 1805 ac
1324 1766 1554 1819 Saccefforum
1568 1768 1754 1819 nostrorum
1774 1769 2012 1818 protefflionem
2037 1771 2219 1818 recipimus
2230 1793 2248 1813 ,

181 1819 306 1867 eosdem
318 1843 330 1862 ‚
346 1820 479 1867 quando
491 1826 570 1865 opus
575 1819 691 1866 fuerit
703 1844 712 1857 ‚
741 1818 920 1867 defendere
932 1842 945 1863 ,
961 1826 1138 1867 protegere
1151 1841 1164 1860 ‚
1189 1818 1233 1859 ὠ·
1249 1819 1345 1855 tueri
1355 1820 1591 1865 promittentes
1604 1845 1617 1855 .

281 1868 464 1914 Cupientes
477 1867 613 1914 insuper
631 1868 828 1916 praedifium
842 1867 1086 1917 Monasterium
1113 1866 1155 1908 &⁴
1170 1867 1388 1907 Conventum
1407 1866 1564 1916 ampliori
1586 1867 1711 1915 gratia
1723 1866 1834 1916 nostrd
1846 1867 1957 1905 adhuc
1969 1867 2133 1915 prosequi
2147 1897 2153 1909 ‚
2173 1865 2248 1904 und

181 1915 390 1958 decrevimus
404 1939 416 1960 ‚
442 1916 485 1958 (ς’
526 1914 696 1953 ollicemur
714 1926 821 1953 totum
845 1915 935 1952 illud
945 1915 1263 1963 aedificiumsartum
1276 1914 1397 1954 tesiam
1410 1916 1612 1964 conservare
1627 1942 1641 1962 ,
1657 1916 1852 1965 sumptibus
1876 1916 1921 1953 ad
1937 1917 1996 1953 hoc
2012 1914 2203 1965 neceffariis
2223 1915 2250 1960 ιὶ

189 1964 333 2004 Camera
351 1963 458 2047 ncqslra
513 1964 589 2012 egia
607 1956 774 2015 Silesitica
785 1989 797 2008 ‚
824 1965 959 2014 quando
975 1965 1017 2005 &¹
1029 1965 1159 2013 quoties
1173 1972 1254 2012 opus
1268 1964 1385 2013 fuerit
1396 1989 1409 2008 ‚
1435 1965 1621 2013 erogandis
1633 1992 1643 2005 .

277 2013 365 2050 Man
390 2023 483 2048 amus
496 2014 614 2060 itaque
638 2014 803 2062 universis
825 2011 1013 2060 &singulis
1027 2012 1146 2062 nostris
1162 2012 1382 2061 Principibus
1402 2013 1445 2054 ὠ·
1463 2014 1617 2050 statibus
1644 2013 1880 2063 Ecclefiaslicis
1896 2037 1909 2056 ‚
1933 2015 1977 2056 &⁶
1994 2013 2222 2062 soecularibus
2235 2040 2250 2061 ,

174 2061 337 2112 suprema
353 2062 468 2097 Curiae
494 2060 607 2108 nostrae
634 2062 822 2098 Comitibus
838 2085 851 2103 ‚
873 2061 1075 2097 ‘Baronibus
1092 2084 1105 2104 ‚
1128 2058 1340 2107 Nobilibus,
1363 2061 1543 2100 Militibus
1559 2087 1572 2107 ‚
1599 2062 1769 2112 Praefefiiis
1786 2086 1799 2105 ‚
1826 2061 2089 2112 Praeſsdentibus
2103 2087 2115 2106 ‚
2145 2065 2252 2113 Capi-

184 2109 317 2150 taneis,
343 2105 426 2144 Vice
461 2108 617 2144 Dominis
632 2133 645 2153 ,
671 2109 969 2146 Gubernatoribus
980 2133 994 2152 ,
1021 2109 1217 2158 Casiellanis
1230 2134 1243 2155 ,
1269 2123 1308 2147 ac
1321 2111 1468 2149 vrhium
1481 2136 1495 2156 ,
1507 2111 1728 2156 civitatum,
1754 2110 1969 2158 Oppidorum
1981 2137 1994 2156 ‚
2019 2113 2061 2154 ὠ·
2089 2125 2252 2160 quorum-

188 2167 323 2203 cunque
345 2154 490 2192 locorum
514 2157 555 2198 Θ
579 2157 871 2195 Communitatum
898 2157 1100 2194 Refiioribus
1120 2157 1163 2199 &⁴
1192 2159 1418 2208 Consulibus,
1442 2172 1481 2198 ac
1506 2160 1587 2197 aliis
1600 2161 1754 2208 subditis
1779 2157 1920 2210 Nostris
1933 2159 2088 2207 firmiter
2103 2186 2114 2204 ,
2141 2163 2251 2203 &ex-

181 2203 292 2254 pressi
302 2227 314 2246 ‚
342 2214 508 2252 quatenus
519 2215 590 2254 prae
606 2216 677 2243 atos
690 2203 827 2244 Fratres
843 2207 1034 2254 Capacinos
1047 2230 1060 2248 ‚
1084 2218 1264 2255 eorumque
1289 2210 1557 2256 appertinentem
1567 2209 1746 2250 Familiam
1758 2235 1770 2253 ‚
1797 2219 1974 2257 totumque
1998 2208 2145 2259 ipsorum
2160 2210 2252 2247 Con-

184 2262 326 2290 ventum
341 2279 349 2294 ,
365 2253 430 2300 seu
457 2254 561 2291 Mona
587 2256 722 2298 erium‚
745 2256 785 2290 in
802 2254 991 2303 praelibatis
1018 2253 1249 2304 Privilegiis,
1277 2257 1553 2306 Exemptionibus
1571 2284 1583 2303 ,
1609 2258 1832 2301 libertatibus
1846 2282 1859 2301 ‚
1880 2257 2022 2306 juribus
2042 2282 2050 2295 2
2073 2266 2250 2307 praeroga-

186 2301 275 2341 tivis
286 2327 295 2343 ,
318 2301 591 2338 immunitatibus
608 2325 621 2344 ,
643 2314 684 2338 ac
701 2302 781 2338 aliis
787 2304 919 2351 gratiis
931 2327 943 2347 ,
957 2302 1135 2350 Beneficiis
1148 2329 1163 2348 ,
1188 2305 1491 2355 &concessionibus
1512 2319 1578 2343 non
1590 2307 1778 2355 impediant
1795 2330 1805 2346 ‚
1819 2318 1879 2342 nec
1888 2306 1992 2341 etlam
2008 2308 2047 2342 in
2061 2306 2255 2354 colligenda

187 2348 397 2397 Eleemosyna
412 2348 560 2398 aliquam
582 2349 755 2399 molestiam
776 2353 896 2400 quovis
917 2354 1012 2387 modo
1032 2354 1079 2388 eis
1095 2352 1253 2401 inserant
1266 2379 1277 2396 ,
1302 2364 1364 2391 aut
1377 2355 1504 2404 inferri
1513 2357 1721 2403 patiantur,
1750 2356 1837 2404 quin
1856 2355 1972 2404 potius
1986 2357 2070 2402 ipsos
2091 2357 2135 2391 ab
2160 2357 2254 2391 omni

185 2397 425 2435 malevolorum
442 2399 613 2435 huminum
638 2401 847 2446 impetitione
863 2409 1047 2448 protegant
1060 2426 1070 2442 ,
1095 2411 1198 2449 atque
1211 2403 1398 2450 defendant
1410 2430 1420 2444 ,
1445 2403 1599 2452 hancque
1613 2404 1858 2453 fundationem
1886 2401 2027 2453 nostram
2040 2405 2192 2440 omnibus
2211 2406 2253 2441 in

188 2446 269 2484 locis
283 2471 292 2485 .
319 2448 378 2483 ubi
389 2456 450 2495 pro
462 2447 651 2501 securitate
663 2447 826 2486 diciorum
846 2449 1008 2486 Fratrum
1025 2450 1280 2497 Capucinorum
1295 2451 1334 2490 id
1336 2450 1422 2498 fieri
1436 2453 1640 2493 conduxerit
1652 2479 1662 2495 ‚
1689 2453 1732 2494 ὼ
1749 2454 1791 2490 de
1805 2451 1876 2505 lege
1893 2478 1904 2494 ,
1931 2450 1991 2493 vel
2008 2453 2252 2501 consuetudine

188 2504 269 2545 opus
282 2495 422 2545 fuerit,
445 2496 612 2544 inscribi,
636 2496 680 2537 ὠ·
693 2507 861 2544 quatenus
883 2499 962 2534 ordo
980 2497 1128 2547 postulat
1143 2524 1152 2539 ,
1178 2500 1344 2548 insinuari
1374 2510 1517 2545 curent,
1541 2501 1584 2548 ὠ·
1602 2501 1786 2545 mandent.

194 2593 198 2596 ι
284 2541 393 2583 Nulli
407 2555 486 2594 ergo
498 2544 629 2579 omnino
646 2543 817 2583 hominum
840 2546 943 2584 liceat
958 2545 1046 2583 hanc
1057 2546 1173 2596 noslrot
1181 2550 1307 2596 gratiae
1317 2549 1481 2598 paginam
1498 2549 1694 2598 infringere
1706 2575 1717 2592 ,
1742 2559 1806 2588 aut
1818 2550 1851 2586 ei
1863 2550 1986 2599 quovis
2010 2551 2094 2599 ausu
2105 2561 2250 2589 temera-

187 2594 240 2630 rio
251 2592 424 2629 contraire
435 2617 445 2628 .
469 2592 512 2629 Si
525 2592 602 2649 quis
614 2602 727 2630 autem
739 2595 798 2632 hoe
811 2605 988 2633 attentare
1003 2596 1251 2646 praesumpst’rit
1267 2622 1276 2637 ‚
1297 2597 1528 2647 cujuscunque
1539 2598 1817 2646 'dignitatifivel
1819 2598 1930 2649 slatus
1950 2602 2008 2636 exi
2035 2610 2094 2644 at,
2123 2610 2251 2650 praeter

187 2643 301 2684 iram,
325 2639 540 2682 &ultionem
559 2641 640 2690 Jusli
653 2642 720 2679 Dei
744 2644 920 2682 vindicis.
954 2656 1057 2692 quam
1069 2645 1163 2692 scire
1186 2645 1287 2694 potest
1311 2646 1457 2694 quilibet
1479 2657 1520 2683 ex
1543 2646 1612 2683 alto
1639 2658 1760 2684 contra
1784 2647 1969 2684 violatores
2006 2661 2166 2687 acrarum
2180 2651 2252 2686 Do-

187 2699 314 2725 morum
332 2689 536 2735 provenire,
556 2691 659 2726 etiam
680 2688 883 2740 Nostrorum
897 2692 1083 2729 Haeredum
1103 2694 1146 2734 ὠ·
1159 2691 1387 2744 Succefforum
1402 2691 1607 2742 Nostrorum
1626 2696 1855 2743 graviffimam
1877 2695 2178 2741 indignationem,
2205 2699 2251 2740 ἐγ

182 2746 315 2787 poenam
325 2744 457 2772 centum
469 2736 669 2775 Marcarum
677 2741 850 2788 purissimi
864 2742 944 2777 auri
961 2749 1023 2789 pro
1036 2741 1216 2778 medietate
1233 2741 1338 2792 nostro
1354 2743 1538 2782 Heredum
1548 2766 1561 2785 2
1583 2743 1626 2784 ὠ·
1642 2740 1871 2791 Succeffbrum
1886 2740 2071 2824 noslrorum
2082 2744 2249 2791 AEmrio,

185 2784 353 2831 reliquam
364 2781 444 2819 vero
451 2790 580 2830 partem
588 2785 725 2832 praefati
744 2788 941 2836 Monasterii
950 2789 1056 2836 usibus
1071 2788 1464 2872 applicandam2sciatse
1478 2790 1712 2839 incursurum,
1726 2790 1908 2839 testimonio
1936 2791 2103 2828 iterarum
2118 2818 2129 2833 ‚
2144 2806 2249 2832 manu

187 2831 298 2881 noslrd
317 2829 589 2888 subscriptarum
600 2855 614 2875 ,
630 2831 802 2882 figilloque
827 2835 932 2882 nostro
948 2837 1080 2884 Majori
1097 2836 1247 2884 Cesarea*
1272 2849 1422 2874 commun
1439 2848 1555 2875 tarum
1568 2863 1579 2874 .
1607 2839 1706 2875 Datae
1733 2839 1771 2872 in
1787 2839 1945 2875 Civitate
1962 2837 2090 2890 Nostra
2105 2838 2248 2883 Viennae

190 2881 246 2917 die
260 2879 380 2916 ultima
394 2878 506 2927 mensis
521 2876 696 2927 “Januarii
706 2904 717 2915 .
746 2883 850 2917 Anno
866 2882 1004 2919 Domini
1021 2883 1182 2932 millefimo
1199 2886 1429 2934 sexcentesimo
1444 2886 1679 2934 septuagesimo
1701 2895 1823 2933 quarto
1833 2910 1847 2930 ,
1872 2884 2241 2941 Regnorum'Nqslro-

189 2940 268 2977 qum
281 2927 457 2972 Romani,
485 2927 712 2976 decimosexto
723 2951 737 2973 ‚
765 2929 962 2977 Hungariae
975 2952 989 2975 ,
1008 2931 1136 2981 decimo
1156 2943 1242 2969 nono
1253 2956 1269 2980 ,
1299 2932 1456 2970 ‘Boemici
1475 2932 1556 2970 vero
1569 2957 1586 2978 ,
1607 2933 1733 2974 decimo
1752 2934 1864 2972 ottavo
1877 2961 1886 2975 .
2064 2935 2070 2938 '
2177 2939 2180 2942 ⁴

600 3094 830 3165 Leopoldus
848 3132 862 3147 .

823 3224 885 3277 7ο.
906 3220 1150 3275 Hartvvigius
1168 3225 1285 3265 Comes
1305 3223 1347 3264 de
1370 3224 1511 3279 Nostitz
1520 3252 1535 3275 ,
1559 3227 1606 3268 R.
1621 3228 1769 3274 ‘Boemtae
1788 3228 2026 3272 cancellarius
2042 3256 2057 3270 .

291 3387 524 3439 Autograph.
547 3389 587 3427 in
607 3387 782 3440 Archivo
805 3389 1003 3431 Provinciae
1017 3412 1029 3428 .

294 3853 386 3892 Tom-
399 3852 462 3892 IV.
1466 3864 1495 3901 E
1519 3875 1539 3903 e
2105 3869 2212 3907 Prov-
