2638 4204
451 258 633 324 200
1172 231 1711 321 Provincia

383 366 419 407 in
433 367 618 406 franconia
634 376 738 415 prope
753 364 1062 410 Achaffenburgum
1076 388 1089 409 ‚
1112 363 1166 400 sed
1191 364 1225 400 &
1237 364 1273 399 in
1289 361 1451 401 Bohemia
1477 374 1585 411 prope
1599 363 1744 399 Stellam
1774 360 1848 409 pari
1872 359 1952 399 vitat
1975 351 2357 406 discrimineAussrlaeoe
2370 354 2452 404 Do:

381 419 458 455 tntis
472 419 582 453 hostes
608 417 842 463 profligantem
866 415 932 450 &c-
951 415 1038 450 Fuso
1065 414 1142 450 huic
1165 412 1408 449 beneficiorum
1434 413 1582 460 periodo
1604 411 1733 447 addidit
1755 412 1789 448 &
1816 420 1933 457 preces
1964 412 2001 448 P.
2016 413 2154 449 Samuel
2174 415 2194 449 ὁ
2219 413 2445 460 Pilsenburg.

382 465 611 503 Prov-incialis
627 491 636 505 ,
660 465 719 512 qui
735 464 854 501 audita
870 462 1039 499 Valeriani
1055 463 1279 499 carceratione
1292 462 1425 497 cursum
1442 460 1642 498 visitationis
1653 459 1834 505 interrupit
1847 485 1856 499 ‚
1881 459 1915 495 &
1933 460 2098 496 Caesarem
2114 468 2172 507 per
2181 464 2289 500 etruria
2305 468 2410 504 sacra
2428 487 2442 507 ,

380 513 507 551 utViri
520 514 701 550 &Ordinis
719 513 840 549 honori
855 509 1187 556 consuleret,rogavit
1199 534 1209 546 .
1237 510 1312 546 Fuit
1322 507 1435 546 Casar
1455 510 1552 552 navi,
1564 507 1739 545 contrariis
1749 508 1882 551 agitatae
1896 508 2057 554 procellis
2066 509 2154 546 haud
2169 509 2444 556 absimilismam,

377 563 459 599 dum
475 563 631 598 meritum
644 588 653 602 ‚
678 564 772 610 quod
783 558 818 597 in
838 561 1019 597 Valeriano
1042 567 1226 605 agnoverat
1247 559 1395 603 amplum
1409 582 1422 602 ,
1446 558 1544 595 illum
1568 558 1712 605 impulit
1739 558 1789 593 adv
1805 565 1918 605 partes
1939 557 2057 602 gratias
2073 580 2088 601 ‚
2109 559 2283 594 contraria
2297 561 2439 598 Domini

373 611 495 648 Nuntii
513 610 704 655 apostolici
733 609 838 646 suasio
859 621 937 645 cum
953 609 1146 655 repercuffit
1166 609 1210 644 ad
1223 606 1497 653 fluetusjustitiae
1511 634 1521 644 .

470 660 672 696 fluctuante
694 659 740 695 ita
753 658 880 694 Caesare
896 682 909 702 ,
931 657 966 692 &
999 656 1184 692 Nobilium
1215 657 1381 693 concursu
1400 658 1442 691 ad
1465 664 1614 692 carceres
1637 653 1671 689 in
1693 654 1766 691 di‘es
1786 653 1820 689 in
1847 653 2038 690 ravescente
2053 676 2065 694 ,
2091 652 2284 690 Valeriano
2308 655 2373 693 Vir
2397 658 2436 696 in

371 708 450 745 aula
464 707 618 744 Caesarea
649 718 766 753 potens
784 707 897 751 fugam
923 705 1056 748 suadet,
1080 706 1244 751 exemplo
1273 706 1370 742 Pauli
1390 703 1574 751 Apostoli,
1599 701 1742 748 cognita
1765 702 1822 751 Ju·
1836 713 1960 737 aeorum
1982 701 2238 750 conspiratione
2259 703 2438 743 brachium

372 757 523 794 Tribuni
541 755 737 792 idololatria
757 754 975 801 implorantis
991 776 1005 797 ‚
1028 765 1102 790 eam
1121 753 1345 801 cohonestat,
1370 756 1404 789 ἃ(
1426 751 1640 798 semetipsum
1674 751 1836 798 Equitum
1851 751 1886 787 8(
1900 751 2031 788 itineris
2053 754 2184 788 Ducem
2207 749 2307 786 offert
2325 774 2335 786 .
2361 753 2446 790 Ηιι.

372 804 544 842 manitatis
564 804 732 847 generosae
743 803 869 840 officiis
885 803 918 839 se
932 801 1119 850 plutimitrn
1138 801 1300 846 devinci,
1323 813 1506 847 canamque
1528 800 1619 836 suam
1632 809 1761 836 anatem
1782 800 1871 846 turpi
1884 799 1964 844 fuga
1985 800 2148 836 maculari
2163 807 2232 835 non
2251 798 2341 845 posse
2354 800 2440 836 sub-

372 854 483 892 ridens
500 851 679 900 respondet
695 852 929 894 Valerianus,
954 851 1126 897 squallore
1140 850 1283 886 carceris
1310 850 1341 885 se
1366 861 1434 886 non
1454 848 1640 892 confundi,
1666 848 1722 884 sed
1742 857 1879 884 econtra
1904 847 1995 894 spem
2020 849 2110 884 suam
2138 847 2259 892 augeri
2285 855 2376 885 tatus
2401 849 2438 886 8t:

373 910 562 944 votum‚ut
571 899 808 949 magnificetur
824 897 977 949 Christus
989 901 1027 934 in
1038 908 1171 947 corpore
1186 897 1250 946 suo
1254 899 1326 947 five
1336 906 1397 945 per
1409 898 1518 942 vitam
1529 921 1542 940 ,
1563 897 1634 947 sive
1646 904 1708 945 per
1722 905 1878 933 mortem·
1909 896 2086 934 Viaorem
2108 897 2142 932 in
2154 906 2288 933 carcere
2314 896 2346 931 se
2363 904 2441 934 cte-

371 950 458 988 didit
472 950 701 993 Valerianus,
726 950 761 985 &
780 949 860 984 ideo
879 957 978 984 extra
1003 959 1081 984 eum
1105 947 1199 983 vinci
1226 948 1361 982 noluit:
1386 946 1549 983 obscuros
1564 949 1655 982 lares
1680 946 1759 992 plus
1775 945 1930 981 claritatis
1952 948 2054 993 quarn
2074 943 2255 982 dedecoris
2279 944 2341 981 fibi
2353 956 2441 982 con-

369 998 460 1037 ferre
472 1000 582 1037 amico
593 999 683 1034 dixit
694 1022 706 1041 ,
732 997 792 1044 qui
806 997 1011 1033 constantem
1026 996 1172 1032 animum
1193 996 1333 1030 miratus
1345 1017 1356 1037 ‚
1380 1006 1426 1031 ex
1438 1007 1480 1031 eo
1495 993 1727 1031 testimonium
1751 993 1889 1030 virtutis
1900 995 2032 1031 latentis
2056 993 2221 1031 deduxit.

466 1047 650 1094 Angustias
662 1047 799 1082 tandem
812 1069 824 1088 ,
844 1046 878 1081 &
897 1055 1034 1081 econtra
1049 1044 1149 1080 animi
1172 1042 1221 1078 sui
1235 1043 1345 1079 Caerar
1357 1066 1369 1085 ,
1381 1042 1517 1079 sufferre
1529 1043 1676 1089 amplius
1689 1054 1759 1079 non
1771 1043 1901 1085 valuit,
1915 1041 2039 1079 durum
2051 1044 2082 1080 ei
2096 1042 2204 1078 visum
2220 1041 2284 1076 fuit
2297 1040 2436 1080 diutius

370 1107 491 1132 contra
518 1097 687 1133 stimulum
714 1095 885 1130 calcitrare
899 1117 911 1135 ,
937 1092 990 1129 seu
1005 1093 1184 1129 Nobilium
1207 1091 1373 1137 aspernari
1385 1103 1524 1138 preces,
1548 1090 1713 1128 beneficia
1730 1091 1911 1127 Austriacae
1929 1091 2058 1127 Domui
2081 1091 2232 1130 collata,
2259 1089 2443 1128 severioris

369 1144 490 1192 judicii
511 1145 650 1181 consilio
662 1142 818 1178 maculari
831 1165 841 1180 .
868 1142 902 1176 &
916 1143 1071 1187 potentia
1085 1142 1140 1176 sua
1153 1139 1293 1187 deprimi
1310 1140 1526 1176 Valerianum
1537 1165 1550 1184 ,
1575 1151 1676 1186 quem
1691 1142 1793 1175 toties
1802 1140 1950 1178 exaltare
1965 1139 2118 1186 quaesivit
2132 1151 2144 1178 ;
2171 1138 2246 1175 hinc
2261 1147 2441 1176 mentem..

374 1194 466 1228 suam
492 1194 533 1230 de
547 1195 654 1237 rigore
671 1201 786 1226 contra
805 1189 1028 1225 Valerianum
1052 1191 1239 1225 coercendo
1255 1211 1268 1232 ,
1288 1189 1426 1224 Nuntio
1438 1189 1644 1235 Apostolico
1671 1186 1820 1233 patefieri
1842 1185 1959 1232 jumi:
1985 1198 2048 1223 nec
2073 1187 2192 1223 restitit
2213 1187 2269 1223 hic
2282 1185 2438 1223 Caesareo

370 1241 478 1278 sensui
494 1267 505 1283 ,
530 1242 584 1277 scd
599 1237 697 1274 unice
709 1261 722 1281 ,
747 1248 784 1272 ut
795 1238 907 1273 decori
924 1237 1027 1273 Sedis
1043 1237 1246 1284 Apostolicae
1261 1236 1496 1275 consuleretur
1509 1261 1521 1278 ,
1546 1237 1684 1280 rogavit
1701 1260 1710 1270 .
1733 1235 1813 1271 inde
1831 1234 2053 1271 Valerianum
2066 1259 2079 1278 ,
2103 1234 2348 1281 spondentibus
2373 1246 2438 1282 pro

368 1302 413 1325 eo
427 1290 638 1324 Sereniffimo
653 1285 848 1322 Marchione
860 1285 997 1321 Badenfi
1011 1310 1024 1328 ,
1049 1298 1088 1322 ac
1102 1285 1241 1321 Comite
1268 1285 1302 1320 in
1316 1285 1464 1322 Strasnik
1479 1309 1492 1329 ,
1517 1285 1590 1333 ejus
1614 1285 1780 1330 Nepote,
1806 1283 1846 1318 ad
1875 1284 1960 1320 tedes
1977 1283 2130 1319 Comitis
2155 1284 2175 1317 a
2189 1282 2437 1327 Wertenberg,

368 1338 580 1373 Monasterio
593 1335 709 1370 nostro
723 1333 849 1370 vicinas
868 1333 1070 1376 ,transferri
1082 1334 1244 1370 sancitum
1259 1334 1306 1370 est
1322 1357 1335 1376 ,
1362 1345 1462 1380 prout
1480 1334 1514 1369 &
1538 1346 1578 1379 ¹9
1600 1331 1772 1368 Februarii
1793 1331 1888 1367 cursu
1905 1332 2070 1379 Principis
2087 1330 2243 1367 badensis
2266 1341 2437 1377 exceptus

367 1386 452 1421 inibi
467 1396 579 1420 moras
594 1383 720 1429 coepit,
742 1382 776 1418 &
792 1383 1030 1426 continuavit,
1056 1383 1161 1426 usque
1182 1384 1262 1418 dum
1278 1383 1533 1427 Salisburgum‚
1555 1381 1613 1416 ubi
1630 1381 1734 1428 usque
1759 1380 1802 1415 ad
1815 1379 1915 1416 aliam
1937 1380 2226 1417 RomanaeCuriae
2240 1378 2437 1425 dispofitio-

367 1445 449 1469 nem
462 1445 542 1469 eum
556 1429 701 1469 cunctari
715 1431 867 1476 oportuit
881 1454 894 1474 ,
920 1431 1056 1467 seceffit.
1082 1431 1240 1466 Mirabile
1253 1430 1344 1466 dictu
1361 1431 1395 1466 8(
1409 1430 1507 1471 visu;
1533 1429 1595 1465 vix
1610 1430 1678 1465 haec
1692 1427 1854 1465 liberioris
1867 1439 1955 1465 aurae
1976 1430 2078 1476 copia
2095 1428 2283 1465 Valeriano
2296 1427 2362 1463 fuit
2377 1428 2438 1464 da.

369 1492 406 1517 ta
419 1507 431 1524 ,
455 1494 570 1518 omnes
582 1478 737 1517 beneficii
754 1488 876 1524 partem
897 1478 955 1515 libi
970 1479 1206 1516 adscribebant
1226 1490 1238 1514 t
1262 1479 1344 1514 dum
1355 1479 1463 1526 jacuit
1477 1478 1679 1514 Valerianus
1699 1479 1735 1512 in
1757 1478 1874 1512 umbra
1888 1477 2052 1521 carceris,
2076 1476 2179 1513 multi
2200 1477 2244 1513 de
2265 1476 2342 1524 ejus
2354 1476 2433 1512 casu

369 1530 569 1566 exultabant
597 1553 608 1573 ‚
633 1529 667 1563 8(
691 1528 724 1562 hi
746 1526 804 1572 ipfi
831 1526 1048 1573 postmodum
1075 1527 1172 1574 primi
1197 1537 1292 1563 erant
1306 1551 1318 1570 ‚
1339 1529 1397 1574 qui
1424 1527 1484 1563 sub
1494 1527 1720 1566 amicitiae,&
1745 1525 1920 1562 fidelitatis
1941 1525 2088 1573 tipario,
2117 1525 2235 1562 Eidem
2256 1526 2299 1561 de
2314 1524 2436 1561 immu-

367 1588 439 1613 tata
452 1578 539 1613 sorte
552 1575 763 1621 congaudere
778 1578 1023 1619 properabant.
1051 1578 1138 1612 lnter
1151 1576 1214 1611 hos
1227 1577 1325 1612 semel
1349 1575 1455 1612 noeto
1473 1601 1485 1619 ,
1502 1576 1625 1621 absque
1641 1575 1739 1613 solito
1752 1575 1966 1620 apparatu,&
1985 1585 2140 1622 tempore
2155 1597 2168 1616 ‚
2191 1585 2263 1621 quo
2277 1573 2431 1620 quinque

367 1626 554 1662 Comitifl'ae
569 1626 787 1661 Valerianum
801 1623 1010 1666 inviserant,
1035 1624 1273 1670 comparuit&
1293 1636 1379 1660 unus
1400 1635 1444 1659 ex
1461 1623 1636 1670 praecipuis
1649 1647 1661 1666 ‚
1675 1622 1734 1670 qui
1755 1623 1900 1665 tragedae
1923 1623 2026 1659 scenae
2040 1626 2140 1660 telam
2155 1621 2319 1658 solertiits
2338 1631 2432 1657 texe-

369 1683 473 1709 rant.
501 1673 699 1710 Valerianus
713 1670 833 1706 blanda
847 1671 929 1708 facie
948 1672 1163 1719 excipiebat,
1185 1683 1286 1719 quem
1302 1673 1396 1708 larva
1411 1673 1496 1709 fitstae
1508 1672 1664 1709 amicitiae
1686 1669 1883 1707 contefkum
1899 1681 2040 1708 noverat
2054 1683 2065 1707 t
2090 1673 2252 1707 honorem
2265 1693 2278 1713 ‚
2301 1681 2374 1716 quo
2388 1681 2433 1706 ex

366 1721 557 1758 visitatione
572 1719 823 1757 Comitiffarum
837 1720 1012 1756 fruebatur
1025 1744 1038 1763 ‚
1062 1721 1092 1757 ei
1117 1721 1150 1756 in
1163 1721 1310 1767 acceptis
1327 1721 1440 1757 tetulit
1453 1746 1461 1761 .
1487 1722 1544 1757 seu
1572 1719 1634 1755 suoe
1658 1719 1821 1755 libertatis
1837 1721 1998 1765 primario
2018 1720 2144 1756 morori
2162 1747 2169 1754 .
2196 1719 2266 1756 Vix
2282 1729 2436 1754 autem„

365 1770 554 1806 Comitiss'ae
567 1771 731 1810 abierant,
755 1765 842 1803 haefit
857 1767 909 1804 hic
921 1767 1074 1805 confusus
1086 1782 1128 1805 ex
1142 1769 1254 1804 morsu
1268 1793 1280 1813 ‚
1299 1781 1372 1816 quo
1387 1770 1531 1806 interius
1542 1769 1730 1813 angebatur
1743 1790 1753 1806 ,
1777 1767 1812 1803 &
1833 1767 2035 1804 hilaritatem
2053 1768 2176 1805 vultus
2188 1791 2200 1810 ,
2211 1779 2278 1803 con
2287 1766 2432 1803 scientia

369 1820 468 1855 bonae
483 1818 675 1860 indicem‚in
692 1813 876 1851 Valeriano
887 1816 1068 1860 agnoscens
1082 1841 1094 1860 ,
1121 1817 1317 1865 lachrymis.
1338 1829 1421 1864 quas
1431 1817 1575 1864 improbi
1591 1815 1720 1852 consilii
1730 1815 1889 1851 confeflio
1904 1828 1948 1852 ex
1963 1816 2068 1852 eorde
2082 1817 2159 1864 ejus
2177 1816 2337 1861 expressit
2351 1815 2435 1851 ube-

368 1866 609 1911 res‚ingenium
625 1867 688 1901 suae
700 1863 922 1901 fimulationis
935 1864 1047 1900 accusa
1054 1866 1164 1908 vir‚ita
1176 1876 1213 1900 ut
1227 1865 1470 1912 turpitudinem
1482 1866 1560 1903 fasti
1573 1863 1739 1902 confessus
1750 1888 1764 1908 ,
1780 1864 2058 1913 oculi-sque‚quos
2074 1875 2140 1910 prae
2159 1864 2282 1900 rubore
2295 1865 2434 1899 elevare

368 1927 444 1952 non
461 1925 600 1961 poterat
613 1939 627 1957 ‚
650 1916 683 1948 in
700 1923 822 1949 tetram
835 1913 979 1948 derniffis
990 1937 1003 1955 ,
1015 1913 1149 1950 veniam
1164 1923 1315 1960 precatus
1328 1913 1366 1949 stt
1380 1939 1391 1951 .
1419 1916 1581 1961 Properat
1601 1914 1636 1949 in
1658 1913 1834 1949 charitatis
1849 1917 2029 1961 amplexus
2043 1913 2272 1955 Valerianus,
2298 1911 2333 1947 8<
2347 1911 2430 1947 dum

367 1964 402 2000 se
423 1965 466 1998 ab
478 1975 520 1998 eo
533 1972 600 1998 non
618 1963 728 1998 laesum
740 1984 754 2004 ‚
776 1960 810 1995 &
822 1961 935 1998 manui
950 1962 1016 1997 Dei
1032 1963 1052 1997 a
1067 1963 1098 1999 se
1112 1963 1228 1999 omnia
1241 1963 1386 2000 adscribi
1408 1964 1568 2010 repetiit,
1591 1961 1627 1998 in
1642 1974 1723 2011 pace
1735 1985 1747 2004 ‚
1776 1961 1810 1997 8<
1823 1962 1882 1999 sub
1895 1964 1975 2000 vere
1988 1962 2180 2002 christianae
2206 1959 2430 1997 humanitatis

370 2011 492 2048 officiis
509 2022 587 2047 eum
605 2009 747 2046 dimilit.

466 2061 606 2096 Statuto
617 2060 659 2094 ad
677 2056 847 2094 discefl‘um
860 2058 1097 2103 salisburgum
1109 2059 1165 2097 die
1178 2084 1192 2103 ,
1217 2061 1251 2097 in
1280 2059 1346 2105 ipsa
1361 2059 1567 2097 ferdinandi
1584 2059 1644 2096 lli.
1682 2058 1802 2095 leaica
1828 2059 1902 2105 (ita
1930 2058 1966 2094 in
1991 2057 2132 2094 honoris
2156 2066 2394 2101 argumentum
2408 2079 2424 2098 ‚

367 2107 508 2155 jubente
523 2106 763 2150 Augustissimo
781 2109 983 2153 imperatore
997 2108 1206 2154 Leopoldo)
1230 2108 1431 2144 Valerianus
1446 2108 1579 2144 vienna
1594 2132 1605 2151 ‚
1632 2119 1732 2154 quam
1746 2107 1872 2151 inligne
1891 2106 2035 2143 ludentis
2050 2104 2193 2141 fortunae
2215 2105 2378 2140 theatrum
2393 2104 2429 2140 in

368 2158 402 2191 ie
415 2155 600 2201 comperit,
626 2155 753 2198 solvit,
780 2155 934 2191 Lincium
950 2155 1090 2198 veRus,
1114 2157 1173 2192 ubi
1186 2158 1295 2194 Cives
1308 2157 1403 2192 illum
1415 2157 1586 2194 communi
1600 2158 1759 2203 applausu
1774 2181 1785 2200 ,
1804 2155 1839 2192 ἃ
1859 2156 2156 2192 Proc'etesaemulae
2168 2152 2342 2190 charitatis
2363 2155 2430 2188 ob-

363 2203 486 2251 sequiis
500 2211 704 2249 exceperunt
719 2229 729 2244 ‚
755 2203 920 2250 multique
933 2203 1053 2240 horum
1068 2230 1077 2247 ,
1102 2217 1140 2240 ut
1160 2205 1290 2241 diutius
1315 2205 1406 2242 illius
1419 2206 1600 2251 gauderent
1625 2205 1816 2245 consortio,
1846 2204 1878 2241 se
1893 2205 2039 2240 comites
2064 2203 2115 2239 illi
2139 2203 2173 2239 in
2188 2202 2245 2238 via
2258 2201 2432 2240 Salisbur-

364 2251 665 2299 gumjunxerunt.
693 2251 819 2294 Artigit
832 2251 912 2292 hoc,
924 2263 1012 2287 anno
1024 2253 1186 2299 praedistn
1205 2263 1236 2290 2.
1254 2255 1383 2301 Aprilis
1396 2281 1407 2296 ,
1434 2255 1455 2290 a
1478 2253 1663 2289 Celstffimo
1684 2265 1722 2290 ac
1739 2255 1836 2289 Rrho
1854 2253 2014 2299 Principe
2034 2251 2306 2297 Archiepiscopo
2330 2249 2428 2286 Gui-

364 2301 529 2343 dobaldo,
540 2310 585 2334 ex
596 2299 794 2335 Comitibus
807 2299 849 2336 de
866 2300 972 2336 'rhun
986 2303 1050 2337 ἔω.
1064 2325 1078 2345 ,
1102 2313 1204 2348 quem
1220 2302 1303 2338 inter
1319 2324 1332 2331 -
1345 2314 1380 2338 et
1398 2302 1618 2338 Valerianum
1629 2301 1700 2348 jam
1715 2303 1735 2336 a
1749 2301 1866 2337 multis
1882 2300 1976 2336 annis
1988 2300 2094 2337 amica
2108 2301 2264 2343 viguerat
2278 2298 2426 2335 consuc-

365 2348 452 2383 tudo
466 2374 476 2390 ‚
505 2349 539 2383 8(
556 2349 614 2391 qui
636 2347 667 2382 se
686 2347 788 2394 hujus
807 2348 1032 2384 contubernio
1054 2349 1134 2386 veri:
1154 2350 1285 2387 felicem
1311 2351 1552 2393 aestimaverat,
1571 2348 1730 2394 lingulati
1744 2350 1874 2397 gaudio
1900 2359 2063 2394 exceptus
2079 2373 2088 2383 .
2114 2348 2298 2397 Qnritm
2321 2346 2422 2393 proin

366 2396 570 2432 Celfiffimus
589 2395 750 2441 Princeps
764 2393 803 2430 Εἰ
818 2397 860 2431 de
876 2395 939 2432 suo
959 2398 1030 2432 fato
1054 2397 1232 2442 indoluit,
1255 2400 1381 2435 tantitrn
1402 2399 1494 2446 apud
1517 2399 1548 2434 se
1562 2397 1780 2435 cunaantem
1802 2397 1925 2443 gratiis
1934 2398 2125 2434 cumulavit
2139 2423 2149 2432 .
2180 2394 2317 2431 victum
2334 2395 2366 2431 ei
2387 2394 2424 2430 &

365 2444 467 2480 sociis
487 2443 629 2489 praebuit
641 2441 820 2479 affluenter
830 2467 843 2486 ,
860 2445 957 2480 illum
981 2446 1023 2480 ad
1037 2447 1178 2483 mensam
1190 2446 1280 2484 suam
1297 2449 1432 2483 vocavit
1447 2449 1640 2494 frequenter
1650 2471 1663 2490 ‚
1684 2447 1770 2484 acin
1786 2448 1846 2483 suo
1859 2446 2054 2484 deliciarum
2064 2448 2181 2489 horto,
2195 2455 2297 2492 quem
2310 2442 2421 2479 Mira—

368 2493 497 2527 bellum
513 2501 653 2533 vocant,
675 2492 791 2527 habuit
803 2492 970 2539 hospitem
983 2494 1153 2535 laetanter3
1178 2495 1255 2531 fecit
1266 2501 1298 2533 δι
1314 2496 1408 2531 illum
1424 2496 1651 2532 secretiorium
1665 2496 1800 2532 suorum
1814 2494 2029 2532 confiliorutn
2048 2495 2243 2542 participem
2260 2517 2271 2536 ‚
2300 2492 2420 2528 voluit

369 2540 459 2577 Eum
475 2539 727 2595 Pontificiarum
750 2539 992 2596 funfflonum,
1015 2543 1142 2589 quibus
1156 2543 1362 2580 Valerianus
1385 2545 1617 2580 deleEtabatur
1632 2568 1645 2588 ,
1671 2543 1864 2592 ptaesentem
1887 2568 1899 2587 ‚
1925 2543 1980 2578 seu
2005 2542 2200 2579 asiistentem
2218 2567 2226 2580 ‚
2252 2541 2418 2587 illiusque

365 2590 467 2623 altam
481 2588 666 2622 doctrinam
680 2588 797 2623 humtlt
823 2589 944 2624 virtute
958 2589 1112 2626 sociatam
1122 2591 1286 2627 continuo
1300 2593 1553 2628 commendavit
1571 2594 1739 2639 praeconio
1752 2619 1762 2629 .
1783 2595 1955 2630 Tentatus
1965 2603 2032 2626 non
2048 2592 2152 2628 semel
2171 2591 2354 2635 Princeps,
2378 2597 2417 2624 ut

363 2635 495 2692 afflictio
508 2635 646 2692 adderet
663 2635 879 2692 afliieiionem
894 2661 906 2680 ,
924 2637 958 2672 8(
971 2637 1035 2674 suae
1046 2639 1243 2676 dileftionis
1263 2641 1396 2676 favores
1407 2664 1418 2681 ,
1439 2643 1494 2677 vel
1508 2642 1641 2688 penitus
1658 2642 1868 2685 detraheret,
1891 2642 1945 2676 vel
1961 2651 2020 2675 eos
2045 2639 2162 2677 saltem
2177 2639 2394 2684 restringeret
2407 2659 2422 2679 ,

363 2686 476 2719 noluit
490 2694 602 2718 autem
615 2696 649 2719 tn
661 2685 807 2719 altorum
820 2684 1017 2732 obsequium
1029 2710 1041 2731 ,
1059 2689 1176 2724 alieno
1189 2688 1219 2724 se
1235 2690 1382 2734 polluere
1397 2700 1537 2736 peccato
1553 2716 1560 2730 ,
1585 2691 1618 2726 8(
1636 2690 1855 2726 Valerianum
1870 2714 1882 2733 ‚
1896 2687 2061 2732 Sanctum
2076 2688 2233 2729 Domini,
2252 2687 2335 2721 inter
2351 2694 2420 2719 rer-

364 2733 476 2768 ritorii
500 2733 547 2766 sui
564 2727 800 2787 limitesttangi
824 2732 857 2769 se
869 2733 959 2769 nolle
971 2736 1156 2772 constanter
1169 2735 1322 2772 asseruit.
1347 2738 1522 2774 Statutum
1537 2750 1676 2785 quoque
1689 2749 1783 2782 erat,
1809 2751 1849 2775 ut
1875 2736 2010 2780 peraeta
2032 2739 2070 2773 S.
2083 2736 2257 2781 Corporis
2282 2732 2415 2769 Christi

365 2780 610 2826 oe'tav312quam
627 2779 867 2837 Sall-sburgum·
878 2782 1036 2827 peculiari
1049 2785 1199 2821 celebrat
1214 2786 1335 2832 pietate
1347 2809 1356 2824 ‚
1383 2785 1581 2823 Valerianus
1599 2799 1677 2823 curn
1695 2787 1847 2834 Principe
1860 2786 1993 2822 diutius
2017 2785 2104 2822 ruris
2122 2784 2253 2820 deliciis
2269 2781 2416 2828 gaudere

326 2858 328 2863 .
363 2829 531 2885 deberet,
553 2839 586 2862 at
611 2839 679 2885 uno
698 2827 911 2884 saujaevtor
934 2830 1083 2876 podagra
1097 2856 1109 2876 ‚
1135 2844 1211 2878 quat
1230 2836 1315 2871 inter
1336 2834 1462 2870 dietam
1483 2836 1640 2870 octavam
1657 2835 1877 2871 Valerianum
1899 2833 2019 2870 obruit
2034 2857 2047 2877 ,
2073 2833 2195 2870 ruralis
2223 2829 2413 2878 voluptatis

364 2877 481 2933 ¹dae.²m
507 2887 666 2922 pervertit
680 2899 692 2933 3
718 2877 910 2924 divinoque
931 2876 1055 2915 fafitum
1068 2881 1114 2916 est
1127 2882 1289 2924 consilio,
1315 2893 1352 2917 ut
1363 2906 1375 2926 ,
1395 2883 1455 2929 qui
1471 2885 1562 2917 velut
1576 2885 1662 2918 alter
1678 2884 1768 2919 Elias
1783 2884 1862 2918 zelo
1877 2885 2014 2918 zelatus
2028 2882 2076 2918 est
2101 2892 2162 2928 pro
2178 2883 2329 2918 Domino
2347 2889 2410 2916 ex·

324 2974 326 2979 y
364 2936 531 2982 eret-tuum
545 2949 558 2981 ’.
578 2924 731 2981 ⁴²⁶¹.*'⁰J¹'.⁵
745 2936 882 2982 quoque
894 2930 1089 2974 exemplum
1104 2941 1184 2975 pane
1198 2930 1412 2974 Angelorum
1429 2931 1471 2966 de
1482 2931 1585 2966 Coelo
1601 2932 1746 2977 praestito
1759 2931 1890 2968 cibatus
1902 2954 1915 2974 ‚
1928 2933 1992 2967 hoc
2005 2931 2077 2977 ipso
2090 2939 2245 2978 tempore
2253 2929 2408 2965 ambula·
2455 2969 2464 2976 ..

363 2984 416 3007 ret
433 2985 466 3008 tn
481 2972 676 3008 fortitudine
688 2974 754 3008 ctbt
768 2975 859 3010 illius
877 2975 980 3021 usque
997 2974 1041 3012 ad
1053 2989 1203 3014 montem
1219 2979 1283 3014 Dei
1298 2990 1307 3013 t
1334 2980 1459 3014 malum
1474 2980 1565 3015 enim
1587 2979 1621 3015 in
1636 2981 1708 3016 dics
1726 2980 1879 3023 incaluit,
1893 2979 2055 3015 stomachi
2070 2977 2290 3014 convulsione
2310 2977 2416 3012 adau-

365 3020 458 3078 Eiufn
478 3020 541 3078 3&
563 3020 726 3076 dolores,
754 3021 845 3058 vires
861 3024 980 3063 Senis.
1007 3037 1075 3060 non
1098 3026 1157 3061 nist
1188 3027 1222 3062 in
1242 3037 1359 3064 amatae
1374 3028 1565 3064 Dominicae
1586 3029 1740 3076 pastionis
1766 3027 1910 3064 leffiione
1935 3038 1993 3063 aut
2020 3026 2242 3063 meditatione
2266 3025 2412 3063 lenimen

366 3078 538 3124 patientiae
546 3079 723 3115 qnaerentrs
743 3070 893 3117 eousque
904 3072 1121 3109 debilitarunt
1134 3098 1147 3119 ,
1169 3084 1207 3111 ut
1222 3075 1310 3121 spem
1324 3076 1440 3111 salutis
1460 3076 1562 3112 timor
1571 3079 1690 3112 mortis
1703 3076 1802 3121 longe
1820 3077 1986 3122 superaret
1998 3101 2008 3110 .
2039 3076 2136 3110 illico
2150 3085 2293 3119 accepto
2305 3073 2411 3109 desu-

362 3128 425 3174 per
444 3128 565 3174 nuntio
578 3117 779 3174 Celiiffimus
795 3120 952 3166 Princeps
965 3122 1177 3167 languentem
1189 3125 1340 3165 accedit,
1366 3124 1401 3159 &
1414 3125 1604 3168 Burghufio
1626 3125 1801 3161 Medicum
1813 3148 1826 3166 ‚
1849 3126 1909 3171 qui
1929 3124 2057 3159 collato
2075 3134 2152 3158 cum
2171 3123 2248 3158 aliis
2267 3121 2411 3158 confilio

365 3165 547 3223 d¹f<f¹2¹m¹¹¹¹
559 3167 728 3209 ObV¹³fe¹2
740 3177 798 3211 per
811 3169 937 3203 celeres
947 3181 1055 3215 equos
1072 3172 1212 3215 vocari,
1238 3176 1271 3207 &
1288 3172 1421 3209 iuterim
1435 3173 1542 3208 media
1561 3173 1820 3220 Pharmacopeae
1834 3196 1847 3216 ,
1870 3184 1944 3221 quae
1958 3174 2096 3210 dolores
2121 3171 2265 3208 lenirent
2278 3193 2291 3214 ,
2317 3169 2414 3206 adhi-

363 3214 434 3271 beri
444 3215 542 3271 lubet
555 3238 564 3248 .
575 3216 785 3272 Qecprrente
798 3216 839 3250 de
856 3216 908 3253 iis,
919 3227 984 3262 qua
999 3219 1138 3257 Viennae
1149 3220 1221 3269 afta
1235 3221 1323 3264 sunt,
1333 3221 1603 3265 sermone‚aeger
1619 3224 1652 3258 in
1662 3221 1843 3268 conspeetu
1861 3220 2035 3257 celfiffimi
2051 3219 2228 3267 Principis,
2239 3218 2408 3260 Comitis,

363 3274 423 3308 qm
437 3264 500 3318 ⁸¹?
511 3263 676 3298 C⁰b¹C⁰¹¹S
692 3273 777 3306 ²¹³⁸,
793 3264 1021 3303 PGuardiani
1033 3293 1047 3312 ,
1059 3269 1269 3315 aliorumque
1281 3270 1432 3306 Fratrum
1445 3293 1456 3312 ‚
1466 3281 1504 3305 ea
1517 3280 1562 3305 ex
1578 3269 1753 3307 aversione
1767 3269 1989 3317 quorumdam
2005 3269 2222 3317 Regularium
2235 3292 2247 3311 ‚
2274 3279 2347 3302 tum
2359 3267 2408 3301 ob

363 3321 542 3364 negotium
556 3313 731 3348 Carolinae
748 3310 988 3351 Univerlitatis
1000 3342 1010 3357 ,
1031 3328 1102 3353 tum
1119 3329 1165 3354 ex
1178 3328 1295 3354 eorum
1312 3318 1402 3365 apud
1413 3317 1569 3354 Sanctam
1583 3318 1706 3355 Sedem
1726 3318 1985 3355 denuntiatione
2000 3314 2177 3366 pullulaffe
2196 3316 2318 3352 linet-re
2331 3337 2344 3357 ‚
2368 3315 2409 3350 &-

363 3359 435 3395 fuse
454 3357 552 3396 fassus
566 3359 611 3395 est
629 3371 638 3394 ι
664 3373 708 3396 ne
733 3371 843 3417 tamen
869 3362 991 3398 exinde
1007 3364 1037 3400 se
1056 3366 1143 3401 odio
1165 3376 1282 3403 contra
1299 3378 1381 3410 eos,
1406 3375 1466 3402 aut
1489 3365 1644 3402 vindictae
1666 3367 1823 3415 cupidine
1846 3367 2010 3413 agitatum
2035 3365 2100 3403 esse
2115 3366 2236 3413 posteri
2249 3361 2408 3411 suspicati

364 3407 497 3454 possent
514 3432 525 3448 ‚
550 3419 664 3444 coram
678 3408 836 3445 omnibus
851 3421 942 3458 purae
956 3411 1018 3448 sua:
1030 3414 1243 3451 conscientioe
1257 3414 1481 3451 testimonium
1493 3415 1667 3462 perhibuit
1683 3413 1835 3464 sequenti
1851 3413 2107 3461 protestatione.

457 3454 635 3513 ‘Protestor
654 3468 765 3514 corarn
775 3457 846 3514 Περ
857 3482 870 3501 ,
893 3469 1004 3495 coram
1020 3461 1220 3512 Celfitudine
1232 3460 1281 3500 Vc
1307 3475 1370 3506 ra,
1395 3474 1505 3499 coram
1525 3463 1570 3499 R.
1584 3462 1625 3501 P.
1637 3463 1840 3500 Guardiano
1851 3486 1865 3507 ,
1889 3461 1932 3503 ὠ·
1945 3463 2073 3499 caetert‘s
2084 3487 2097 3507 ,
2122 3463 2181 3511 qui
2195 3461 2249 3498 mc
2259 3460 2383 3510 adsunt
2394 3486 2408 3506 ,

369 3515 420 3542 me
432 3503 523 3540 nullo
535 3517 685 3553 unquam
697 3505 772 3541 odw
786 3505 889 3557 fuuffe
906 3506 1054 3557 aff'et'ium
1065 3520 1185 3547 contra
1200 3509 1386 3560 Religiosot
1399 3509 1452 3549 N.
1467 3510 1522 3550 N.
1542 3510 1607 3548 imo
1626 3510 1732 3559 diligo
1743 3509 1819 3546 mos
1833 3536 1843 3552 ,
1867 3511 1910 3552 θ’
1921 3510 2037 3547 darem
2057 3518 2124 3557 pro
2142 3509 2212 3546 illis
2232 3522 2336 3546 meam
2352 3511 2410 3546 vi·

363 3563 435 3590 tam
453 3579 462 3594 ,
479 3553 659 3609 fateorque
672 3555 765 3590 inter
790 3554 862 3591 illos
875 3554 934 3606 effe
953 3556 1053 3604 quam
1074 3559 1236 3607 plurt‘mos
1258 3561 1414 3597 timentes
1427 3560 1538 3598 Deum
1550 3584 1563 3604 ‚
1587 3559 1648 3608 qua·
1668 3559 1855 3608 desiderant
1869 3583 1878 3599 .
1900 3558 1943 3599 ὠ·
1956 3568 2080 3608 petunt
2102 3559 2373 3607 reformationem
2395 3584 2406 3594 .

363 3602 586 3658 Denuntmvi
600 3612 712 3639 tamen
725 3602 799 3638 illos
811 3613 975 3651 tanquam
993 3606 1147 3654 snspeiios
1167 3627 1198 3636 ·-
1222 3607 1428 3657 considerans
1440 3610 1530 3645 enim
1550 3605 1725 3656 plerasque
1747 3619 1861 3644 eorum
1873 3606 2015 3643 artiones
2038 3608 2081 3649 ἀγ
2107 3607 2281 3657 omiffiones
2308 3605 2407 3663 diffo-

360 3661 424 3684 nas
439 3670 478 3705 .’'
488 3651 575 3698 sensi
586 3662 634 3686 me
656 3651 870 3688 vehementer
883 3655 1003 3700 urgeri
1014 3653 1161 3704 stimulis
1176 3656 1469 3704 meae-conscientia
1479 3656 1523 3692 ad
1535 3655 1714 3704 prasatam
1729 3656 2024 3693 denuntiationem
2042 3681 2051 3696 ‚
2076 3658 2115 3692 ob
2128 3657 2230 3705 idque
2242 3655 2405 3703 pluribus

360 3708 464 3732 annas
491 3700 593 3755 oravi
602 3699 730 3755 Qenm,
757 3709 797 3736 ut
808 3702 994 3749 inspiraret
1007 3703 1091 3739 mihi
1107 3706 1145 3739 in
1169 3705 1301 3752 negotio
1316 3715 1385 3742 tam
1406 3704 1534 3747 arduo,
1546 3704 1632 3752 quid
1644 3704 1807 3752 agendum
1823 3719 1831 3738 ε
1855 3703 1993 3741 tandem
2011 3705 2143 3755 frustra
2169 3705 2312 3755 amplius
2328 3705 2405 3754 refi-

351 3744 444 3798 sttns
454 3769 467 3789 ‚
492 3747 592 3782 debut
609 3747 685 3804 flios
697 3748 903 3785 denuntiare
914 3750 985 3791 &tn
1004 3753 1089 3788 Non
1106 3754 1183 3790 leve
1195 3765 1239 3789 ex
1252 3754 1395 3790 candido
1411 3755 1476 3790 hoc
1496 3753 1649 3790 sermone
1661 3752 1864 3790 Celfiffimus
1880 3753 2041 3801 Princeps
2059 3755 2219 3802 concepit
2232 3755 2408 3795 solatium,

358 3795 393 3829 8(
413 3796 498 3831 oedes
513 3805 648 3842 tepetut
658 3819 671 3839 ,
698 3796 778 3833 dum
793 3799 933 3835 interim
956 3799 1160 3840 Valerianus
1181 3804 1279 3842 Sacra
1294 3800 1526 3848 exomologesi
1545 3801 1689 3840 animam
1703 3803 1722 3837 ὲ
1740 3803 1811 3838 labe
1830 3802 2023 3850 purgavit,
2048 3803 2216 3851 nocteque
2232 3803 2407 3849 subimus,

2273 3864 2366 3888 mor·
