2658 4256
999 146 1576 267 Apostolica.

214 280 294 324 stroe
309 287 447 324 votum
472 280 527 322 est
545 307 556 321 ·
588 281 709 341 Qod
738 283 838 324 vero
863 282 915 324 ad
931 284 1147 337 paritatem
1163 278 1238 322 suf-

212 338 428 391 fragiorum
452 339 490 380 in
510 341 733 383 Provinciis
761 341 896 383 divisis
925 343 1076 383 attinet
1100 354 1115 394 3
1147 352 1237 381 cum

209 397 477 452 respeculiari
493 398 674 453 indigeat
689 399 873 443 examine
890 428 903 450 ,
935 399 1014 442 suis
1029 399 1242 454 negotium

206 458 426 498 momentis
455 457 648 512 perpendi
678 458 959 500 mandabimns
986 486 1000 508 ,
1040 458 1082 499 id
1104 455 1244 511 profe-

206 513 272 553 ὀὶὸ
293 514 530 565 decreturi,
564 515 672 572 quod
689 517 832 560 divinae
851 516 1016 570 gloriae,
1045 514 1240 570 ipfiusque

205 571 370 614 Ordinis
392 575 651 617 incremento
681 576 806 630 magis
824 574 1058 617 conducere
1084 573 1240 616 videbi-

206 637 273 671 tur
288 658 300 670 .
332 635 436 674 Cum
459 644 594 675 autem
611 631 717 673 idem
742 645 904 688 quoque
918 632 963 674 fit
990 629 1133 686 scopus
1148 635 1239 673 Ma-

201 687 352 744 iestatis
367 692 461 733 Tuae
475 721 488 742 ,
502 705 583 734 noti
597 690 832 732 dubitamus
847 719 860 740 ,
884 692 980 746 quin
995 688 1237 745 capiendum

202 748 224 787 a
242 748 368 790 Nobis
382 749 586 791 confilium
599 749 762 789 omnino
782 749 871 790 Tibi
894 759 1054 804 gratum
1071 749 1115 790 sit
1131 745 1244 788 futu·

200 819 316 846 rum.
351 807 525 862 Tibique
548 807 733 852 interim,
749 807 994 849 Chariffime
1022 807 1060 849 in
1076 805 1243 849 Christo

201 865 278 905 Fili
302 865 458 914 noster,
483 862 740 907 amantissime
767 865 1064 907 benedicimus.

264 926 412 963 Datum
427 924 569 964 Romae
595 920 700 976 apud
717 924 900 965 Sanstam
918 925 1086 965 Mariam
1105 920 1239 975 Majo-

202 994 292 1024 rem
317 979 385 1023 sub
409 982 577 1023 Annulo
605 977 814 1024 piscatoris
831 1008 844 1028 ‚
878 982 956 1022 Die
975 995 1075 1022 xxvi
1093 982 1238 1035 inju-

199 1039 246 1083 lii
271 1052 305 1078 M
324 1052 490 1082 nctxx
509 1052 523 1084 1
539 1053 552 1080 i
567 1052 602 1081 t·
644 1036 909 1082 Pontificatus
953 1039 1074 1082 nostri
1113 1040 1237 1080 Anno

200 1101 348 1155 quarto
363 1124 376 1140 .

610 1196 765 1260 Marius
782 1215 948 1271 Spinula
965 1218 1121 1260 Secret.

257 1391 510 1446 Autograpb.
536 1393 580 1434 in
602 1393 722 1434 Arcb.
747 1392 927 1436 Vaticano
957 1395 1099 1434 secret.
1123 1393 1239 1446 Rege·

300 1449 368 1506 sto
392 1463 458 1505 3¹·
477 1452 662 1492 Brevium
690 1451 741 1494 ad
758 1450 967 1506 Principes
983 1450 1067 1509 fob.
1088 1463 1179 1492 101.

203 1643 1223 1665 *ssss—-aff—*Q-

199 1805 337 1854 Circa
371 1802 559 1852 eandem
597 1803 838 1871 paritatem
878 1801 1095 1853 Caesareae
1134 1805 1236 1851 Ma-

257 1872 427 1941 jestatis
457 1871 623 1924 officiis
654 1873 699 1924 se
731 1891 928 1927 annuere
960 1892 1053 1924 non
1082 1871 1236 1943 posse,

268 1944 434 1996 claritis
471 1943 729 2014 fignificat.

203 2077 240 2118 A
259 2083 407 2129 tergo:
440 2073 661 2131 Chariffi‘mo
688 2078 732 2118 in
763 2074 915 2130 Christo
939 2074 1044 2117 Filio
1072 2073 1239 2130 Nostro,

280 2132 463 2188 Leopoldo
483 2161 498 2184 ,
528 2136 745 2189 Hungariae
775 2133 830 2184 (9⁴-
851 2135 1043 2176 Bohcmiae
1066 2133 1166 2189 Regi

374 2189 544 2248 lllustri,
558 2194 602 2234 in
618 2195 879 2234 Romanorum
896 2196 1068 2249 Impera-

574 2259 699 2293 torem
723 2250 839 2293 eleth
852 2281 866 2291 .

204 2347 717 2421 CLEMENS
818 2373 1074 2420 PAPA
1169 2371 1235 2421 x.

262 2495 482 2554 Charffme
503 2500 546 2539 in
562 2497 714 2555 Christo
730 2499 814 2542 Fili
829 2497 968 2552 Noster
975 2497 1154 2556 salutem
1165 2528 1179 2552 ,

371 2557 419 2604 (β’
443 2557 702 2615 qustolicam
730 2556 1037 2603 Bencdzfftionem
1055 2587 1068 2601 .

322 2687 436 2729 Rave
465 2687 677 2733 enimvero
704 2689 831 2732 Nobis
857 2689 912 2731 est
941 2689 1092 2746 optatis
1109 2690 1238 2746 Maje-

342 2744 446 2787 statis
473 2749 567 2788 Tuae
591 2747 819 2802 refragari3
850 2747 898 2790 ea
925 2750 1111 2792 nimirum
1139 2751 1238 2793 Te.»

202 2804 404 2842 cliii-itate
420 2805 756 2855 complefflmur,
786 2817 830 2848 ut
859 2808 938 2847 vim
966 2805 1146 2862 profecto
1168 2823 1239 2863 pa-

201 2860 367 2908 tiamur,
384 2861 448 2902 ubi
478 2861 568 2901 Tibi
596 2876 674 2902 non
700 2862 958 2919 indulgemus
976 2893 987 2905 .
1019 2865 1219 2920 Hujusmo

201 2918 243 2959 di
269 2928 403 2959 autem
433 2919 654 2960 molestiam
669 2920 709 2960 in
731 2922 937 2973 praesentia
955 2924 1082 2963 Nobis
1109 2923 1237 2965 confi-

202 2978 312 3020 ciunt
342 2978 481 3019 validae
509 2977 772 3019 difficultates
797 3004 812 3025 ,
852 2992 936 3034 quae
964 2979 1048 3031 post
1074 2993 1243 3019 accura-

202 3046 289 3077 tum
307 3050 475 3078 examen
489 3036 699 3093 petitionis
718 3037 907 3079 Fratrum
923 3036 1243 3091 Capucinorum‚

202 3095 418 3150 paritatem
447 3108 638 3138 votorum
665 3097 706 3136 in
731 3095 955 3138 Provinciis
983 3108 1110 3149 nuper
1140 3094 1243 3136 divi-

204 3152 252 3194 fis
277 3155 551 3209 exoptantium
572 3182 585 3204 ,
617 3153 654 3195 se
685 3152 723 3194 se
758 3155 820 3194 rei
849 3152 1086 3196 conceffioni
1112 3165 1245 3208 oppo-

203 3222 342 3266 nunt3
373 3214 474 3254 tanti
505 3212 695 3268 siquidem
723 3212 918 3254 momenti
945 3210 1062 3262 sunt,
1094 3222 1138 3252 ut
1167 3213 1240 3253 im-

207 3273 331 3326 pensis
359 3273 397 3312 ir.
436 3273 606 3314 eundem
634 3272 797 3326 scopum
825 3272 848 3314 a
881 3269 1091 3326 Maiestate
1121 3272 1241 3313 Tua-›

208 3331 332 3375 enixis
349 3330 491 3373 officiis
516 3344 693 3374 annuere
715 3331 754 3372 in
772 3329 947 3372 Domino
970 3342 1241 3383 nequeamus3

207 3402 289 3431 non
317 3388 530 3432 defuturas
558 3399 694 3431 autem
722 3389 981 3442 imposterum
1008 3388 1136 3431 Nobis
1172 3402 1243 3430 oc-

210 3449 384 3490 casiones
408 3450 611 3504 propensae
631 3448 929 3503 ergarationes
958 3446 1240 3502 praedictorum

210 3507 398 3549 Fratrum
429 3508 643 3550 voluntatis
657 3507 796 3549 nostra:
811 3536 826 3558 ,
852 3505 1000 3548 intuitu
1020 3504 1240 3563 praesertim

212 3565 429 3618 Maiestatis
449 3568 571 3618 Tuae,
602 3566 835 3608 luculenter
857 3564 1008 3608 eisdem
1030 3564 1243 3606 declaran-

213 3621 270 3662 dae
285 3651 298 3673 ,
313 3637 383 3678 pro
398 3635 512 3667 certo
535 3627 730 3676 habentes
744 3651 758 3672 ς,
785 3625 877 3667 Tibi
901 3623 1063 3666 interim
1079 3621 1242 3666 Charis-

212 3680 305 3720 fime
328 3681 365 3723 in
379 3683 538 3725 Christo
562 3684 637 3726 Fili
662 3686 810 3734 noster,
826 3682 1098 3738 Apostolicam
1120 3681 1243 3725 Bene-

212 3739 430 3798 diffloncm
455 3741 713 3800 amantii-sime
742 3743 1020 3798 impartimur.

1360 284 1514 322 Datum
1542 278 1682 318 Romae
1710 275 1815 330 apud
1845 278 1886 319 S.
1903 279 2076 321 Mariam
2103 188 2334 336 majorim.»

1298 337 1367 379 sub
1385 337 1551 383 Annulo
1565 335 1779 377 piscatoris
1796 335 1863 376 die
1882 350 1964 377 vii.
1981 340 2084 392 Apr.
2105 353 2332 385 MDCLxxw,

1304 391 1574 441 Pontificatus
1591 392 1726 436 Nostri
1744 396 1862 434 Anno
1877 405 2023 448 quarto
2040 424 2051 436 .

1650 509 1806 551 Marius
1822 511 1990 564 spinula
2005 512 2278 556 secretarius.

1357 631 1528 683 Autogr.
1547 630 1591 669 in
1615 631 1759 668 Secret-
1787 627 1906 667 Brev.
1930 627 1981 669 ad
2008 629 2216 684 Principes
2246 632 2340 684 Reg.

1413 686 1537 744 menss
1560 687 1608 734 θ’
1635 686 1733 728 anni
1749 684 1932 738 praedm.
1948 684 2030 743 fol.
2054 700 2145 730 120.

1303 808 1536 840 -Δ--ι-

1830 823 2209 842 -ῠι--ῇ
2214 828 2345 840 -ι--

1300 926 1369 972 Ex
1403 919 1608 993 qualibet
1638 921 1903 970 Germania:
1935 923 2180 971 Provincia
2211 957 2226 979 ,
2268 939 2346 970 no-

1369 994 1488 1041 viter
1515 989 1697 1049 divisa,
1725 991 1785 1040 ad
1812 992 2086 1058 Capitulum
2116 994 2346 1040 Generale

1368 1062 1484 1113 duos
1529 1059 1756 1114 Custodes
1792 1060 1992 1130 ablegari
2017 1097 2033 1119 ‚
2070 1060 2127 1110 ad
2157 1063 2344 1110 iteratas

1368 1130 1696 1204 Augustiffimi
1736 1133 2038 1200 Imperatoris
2078 1129 2340 1189 instantias,

1370 1222 1455 1272 pro
1487 1221 1576 1253 una
1610 1205 1711 1253 vice
1743 1202 1924 1253 tantum
1956 1202 2166 1270 indulget
2185 1237 2198 1251 .

1300 1334 1822 1389 CLEMENS
1921 1334 2170 1383 PAPA
2272 1333 2340 1379 X.

1487 1451 1554 1494 Ad
1570 1448 1768 1510 futuram
1799 1453 1860 1512 ruf
1890 1450 2116 1492 memoriam
2131 1478 2143 1490 .

1399 1566 1534 1622 Xponi
1557 1567 1690 1609 Nobis
1715 1579 1843 1622 nuper
1877 1566 1977 1609 fecit
2004 1564 2187 1609 Dilefflus
2218 1564 2346 1609 Filius

1431 1625 1614 1667 Minister
1646 1625 1863 1669 Generalis
1897 1625 2063 1668 Ordinis
2100 1628 2349 1669 Minorum.)

1299 1686 1429 1728 bandii
1447 1683 1647 1727 Francisci
1664 1684 1973 1737 Capucinorum
2000 1695 2347 1740 nuncupatorum,

1297 1747 1408 1803 quod
1425 1771 1439 1793 ,
1454 1757 1545 1785 cum
1563 1756 1647 1786 tam
1670 1743 1931 1786 Chariffimus
1956 1745 1998 1786 in
2029 1744 2192 1787 Christo
2220 1743 2348 1786 Filius

1296 1805 1445 1854 noster,
1459 1802 1693 1859 Leopoldus
1713 1805 1989 1845 Romanorum
2007 1805 2098 1845 Rex
2114 1831 2127 1854 ,
2141 1805 2181 1844 in
2206 1806 2345 1856 Impe-

1296 1876 1483 1908 ratorem
1509 1863 1693 1914 mestus,
1716 1862 1836 1918 quim
1855 1862 1920 1905 alii
1936 1865 2047 1904 Sacri
2064 1863 2241 1905 Romani
2258 1865 2343 1903 Ini-

1297 1924 1402 1981 perii
1427 1922 1635 1977 Principes
1661 1922 1826 1976 cupiant
1843 1922 2067 1965 Provinciis
2096 1921 2191 1963 dic‘ti
2216 1920 2347 1964 Ordi-

1298 1984 1360 2026 nis
1384 1983 1423 2022 in
1448 1981 1671 2023 Germania
1699 1995 1778 2023 non
1813 1978 2030 2036 itapridem
2049 1979 2216 2031 divisis,
2241 1980 2346 2023 duos

1299 2040 1530 2090 Custodes,
1561 2040 1628 2096 qui
1655 2040 1707 2082 ad
1738 2040 1979 2096 Capitulum
2009 2039 2216 2082 Generale
2243 2038 2350 2096 ejus-

1300 2101 1394 2145 dem
1408 2098 1577 2142 Ordinis
1600 2098 1829 2151 accedant,
1856 2098 2028 2142 concedi
2047 2129 2061 2150 ‚
2076 2098 2349 2155 quemadmo-

1301 2160 1401 2203 dum
1425 2157 1513 2201 aliis
1539 2159 1724 2201 omnibus
1748 2158 1914 2200 Ordinis
1938 2157 2092 2214 praefati
2118 2157 2348 2199 Provinciis

1300 2218 1476 2263 antehac
1504 2218 1663 2271 divifis,
1698 2232 1742 2263 ac
1775 2219 1898 2261 etiam
1930 2215 2136 2259 subdivifis
2171 2214 2349 2258 concess'i

1300 2278 1500 2329 fuerunt3
1535 2277 1616 2333 ipse
1642 2278 1824 2321 Minister
1842 2276 2052 2320 Generalis
2079 2275 2346 2320 eorundem-2

1300 2335 1510 2394 Leopoldi·
1525 2338 1648 2392 Regis
1663 2365 1676 2388 ,
1692 2339 1730 2378 &
1745 2337 1921 2379 aliorum
1936 2335 2170 2389 Principum
2192 2334 2356 2387 deside,

1298 2399 1404 2441 rium
1422 2393 1835 2450 hujusmodi,rationi
1859 2426 1876 2447 ,
1911 2397 1951 2436 &
1980 2393 2136 2449 justitiae
2164 2392 2343 2436 valdm

1299 2454 1616 2500 consentaneum
1644 2467 1836 2510 reputans
1858 2481 1872 2503 ,
1909 2452 2031 2510 plene
2063 2452 2122 2494 illi
2157 2450 2347 2494 satisfieri

1297 2514 1407 2572 poffe
1434 2514 1662 2562 existimat,
1696 2513 1719 2554 fi
1750 2512 1821 2555 fel.
1838 2528 1919 2556 rec.
1940 2514 2096 2556 Urbani
2122 2512 2201 2554 ΡΡ.
2220 2512 2342 2552 vm.

1298 2573 1605 2620 Praedecefforis
1626 2571 1761 2615 Nostri
1790 2573 1826 2615 in
1851 2572 1967 2615 simili
1990 2569 2118 2613 forma
2137 2571 2279 2612 Brevis
2296 2569 2349 2611 1i-·

1298 2644 1394 2677 tetae
1422 2632 1540 2687 super
1565 2634 1741 2689 paritate
1758 2643 1955 2674 votorum
1982 2631 2091 2673 inter
2114 2628 2348 2671 Cismonta-

1298 2707 1399 2743 nas,
1427 2693 1467 2732 &
1495 2693 1830 2737 Ultramoiitanas
1862 2691 1958 2733 dic'ti
1985 2689 2152 2732 Ordinis
2173 2687 2347 2729 Provin-

1301 2755 1381 2796 cias
1409 2753 1478 2794 die
1508 2764 1656 2794 xviii.
1677 2752 1786 2806 junii
1817 2762 2053 2792 Mncxmii.
2082 2754 2277 2786 emanatae
2303 2746 2345 2786 in

1301 2813 1418 2855 usum
1438 2812 1690 2852 reducantur
1711 2838 1724 2859 ,
1756 2810 1811 2850 ita
1826 2834 1840 2855 ‚
1867 2814 1911 2844 ut
1934 2802 2045 2844 nulla
2068 2802 2248 2858 ejusdem
2263 2805 2344 2845 Or-

1300 2871 1404 2914 dinis
1424 2869 1635 2911 Provincia
1654 2881 1702 2907 ea
1722 2866 1774 2903 de
1789 2876 1832 2903 re
1847 2861 2148 2903 rationabiliter
2163 2876 2345 2918 conque-

1303 2931 1364 2977 ri,
1376 2938 1445 2968 aut
1461 2925 1609 2967 deinde
1624 2922 1660 2962 se
1675 2929 1882 2976 gravatam
1899 2918 2154 2976 praetendere
2181 2922 2316 2964 valeat
2329 2938 2350 2957 ··

1306 2985 1438 3026 Nobis
1460 2990 1680 3036 propterea
1697 2978 1822 3021 dietus
1839 2979 2022 3023 Minister
2039 2980 2255 3023 Generalis
2269 2981 2345 3021 hu-

1305 3041 1459 3082 militer
1490 3037 1705 3092 supplicari
1736 3035 1833 3078 fecit
1854 3065 1868 3088 ,
1904 3049 1947 3080 ut
1976 3037 2018 3077 in
2042 3038 2241 3090 praemiffis
2268 3053 2344 3093 op-

1301 3096 1476 3155 portune
1506 3097 1725 3151 providere
1751 3095 1806 3138 de
1828 3096 2081 3151 benignitate
2111 3096 2344 3153 Apostolica

1303 3158 1571 3214 dignaremur
1587 3183 1599 3195 .

1362 3219 1450 3259 Nos
1481 3214 1604 3267 igitur
1637 3212 1756 3268 ipfius
1791 3213 1959 3257 Ministri
1995 3215 2208 3259 Generalis
2234 3212 2344 3255 votis

1301 3277 1375 3318 hac
1401 3276 1440 3316 in
1473 3286 1547 3322 re,
1574 3274 1768 3327 quantum
1791 3287 1880 3315 cuni
1907 3272 2084 3315 Domino
2109 3272 2344 3331 possumus,

1304 3330 1592 3376 favorabiliter
1633 3345 1814 3374 annuere
1852 3330 2035 3376 volentes
2061 3360 2075 3381 ,
2113 3346 2288 3389 eumque
2317 3331 2342 3372 ὸ.

1304 3389 1509 3446 quibusvis
1551 3389 2015 3440 excommunicationis,
2051 3390 2342 3447 suspensionis,

1303 3453 1343 3492 δε
1361 3448 1569 3492 ἱηῐετάῐξίἰ
1584 3477 1598 3499 ,
1622 3446 1792 3504 aliisque
1809 3446 2096 3491 Ecclesiasticis
2111 3446 2341 3493 sententiis,

1292 3508 1484 3552 censuris
1503 3534 1518 3556 ,
1546 3509 1587 3548 &
1611 3508 1741 3561 poenis
1768 3510 1791 3551 a
1815 3506 1903 3562 jure
1926 3534 1940 3556 ,
1971 3507 2035 3549 vel
2064 3511 2111 3551 ab
2139 3509 2342 3552 homine...

1304 3569 1445 3624 quavis
1471 3567 1677 3608 occasione
1695 3595 1709 3618 ,
1736 3565 1800 3610 vel
1829 3562 1945 3607 causa
1971 3565 2062 3608 latis
2084 3595 2098 3618 ,
2137 3567 2161 3609 fi
2194 3565 2338 3620 quibus

1303 3625 1621 3682 quomodolibet
1647 3625 1864 3667 innodatus
1894 3623 2052 3677 existit,
2079 3626 2128 3669 ad
2156 3626 2338 3669 effeetum

1303 3685 1560 3738 praesentium
1574 3682 1785 3725 dumtaxat
1800 3683 2150 3738 consequendum,
2167 3688 2337 3728 harum

1302 3743 1402 3802 serie
1431 3740 1712 3801 absolventes,
1748 3743 1788 3784 &
1813 3739 2039 3801 absolutum
2065 3744 2153 3787 fore
2178 3739 2346 3791 censen-7·

2196 3812 2285 3850 tes,
