2658 4256
1008 213 1589 330 Apostolica.
2250 257 2292 335 3

240 345 488 395 ffidonasteria's
504 370 514 387 ,
539 346 701 383 Domihus
713 346 755 388 ὁ(
767 347 1003 386 conventibus
1018 350 1186 395 intimare
1198 376 1207 390 ,
1235 362 1275 386 ac
1287 348 1463 394 notificare
1481 372 1489 386 ,
1502 357 1540 381 ac
1555 340 1722 393 intimc'iffi
1735 369 1745 384 ‚
1757 343 1800 385 (ἓν
1810 345 1990 398 nott'ficdffi
2000 371 2010 389 ,
2025 358 2068 385 ne
2079 348 2182 387 ullam
2197 354 2355 403 aliquan:

241 394 283 436 do
304 394 444 443 desuper
469 396 483 429 i
509 398 701 432 norantiam
713 397 750 430 in
771 396 935 443 futurum
954 396 1124 445 allegare,
1149 408 1212 444 aut
1220 398 1439 451 praetendere
1449 391 1674 447 quoquomodo
1683 393 1800 445 poffinc
1817 419 1827 433 .

340 442 453 484 Romae
482 467 490 486 Ἰ.
508 443 619 481 alena.
628 442 765 492 Aprilis
783 455 886 491 1590·

239 652 931 674 ——u—*u-——uflfl--u—J———q

235 749 282 800 'A
298 749 454 802 Sanc‘lae
471 752 666 800 Romanae
683 749 962 816 Universalis
973 788 988 811 ,
1003 756 1262 822 &fhpremae

474 818 756 889 Inqusst'ionis
791 822 1027 872 Tribunali

228 984 553 1040 PP.Ministris
601 987 963 1039 Provincialibus
1003 994 1263 1042 Provincia-

295 1071 401 1103 rum
440 1057 902 1109 Ultramontanarum
941 1058 1131 1109 facultas
1157 1079 1262 1110 con-

293 1123 476 1174 ceditur
503 1162 519 1184 ,
572 1127 616 1173 in
648 1125 788 1175 caufis
832 1130 888 1178 ad
926 1134 971 1180 S.
994 1128 1259 1181 Officium-1

295 1192 600 1315 {affigimus
614 1231 629 1255 ,
648 1211 806 1250 contra
825 1197 926 1251 suos
946 1197 1146 1251 subditos
1160 1219 1260 1269 pro·

356 1395 479 1434 Faria
507 1410 549 1437 v.
580 1394 642 1435 die
665 1397 790 1438 tertia
803 1396 913 1448 quai
926 1410 1128 1442 mncxxv.

296 1511 336 1551 N
363 1510 541 1564 generali
559 1513 893 1567 congregatione
921 1516 1050 1557 Sacrae
1064 1517 1258 1556 Romana·

312 1569 352 1608 &
379 1568 612 1612 universalis
626 1572 893 1627 inquisitionis
912 1599 926 1621 ‚
953 1573 1086 1613 habita
1112 1573 1151 1612 in
1179 1576 1255 1612 Pa-

226 1625 328 1669 latio
346 1627 584 1682 Apostolico
602 1631 750 1671 Montis
762 1630 1146 1685 Qirinalis‚coram
1161 1631 1257 1670 San·-

230 1683 395 1724 &inimo
419 1687 592 1727 Domino
617 1686 750 1726 nostro
779 1689 831 1726 D.
850 1687 1042 1731 Urbano,
1074 1687 1256 1729 Divina,

223 1741 494 1785 Providentia
511 1745 616 1797 Papa
631 1744 784 1785 octavo
796 1770 810 1793 ‚
841 1756 888 1783 ac
905 1743 1173 1786 illustrisiimis
1185 1774 1199 1795 ‚
1216 1747 1256 1786 &

225 1799 582 1848 Reverendiffimis
596 1801 781 1844 Dominis
804 1803 955 1843 sannae
972 1803 1163 1844 Romanae
1183 1806 1258 1846 Ec-

225 1859 356 1900 clefiae
370 1858 655 1902 Cardinalibus
674 1888 688 1910 ‚
716 1861 756 1902 in
772 1871 856 1902 tota
877 1861 1102 1915 Republica
1130 1864 1256 1904 Chri-

223 1916 343 1958 ssiana
373 1927 518 1960 contra
544 1918 772 1960 haereticam
809 1919 1054 1973 pravitatem
1087 1922 1254 1976 lnquifi-

221 1974 375 2017 toribus
398 1976 665 2019 Generalibus
694 1980 718 2021 ὲ
739 1980 880 2022 sanna
898 1979 1002 2022 Sede
1018 1979 1252 2036 Apostolica

223 2033 458 2089 specialiter
484 2035 707 2090 deputatis.

282 2093 543 2136 sanctissimus
561 2095 755 2136 Dominus
773 2094 903 2137 noster
918 2097 1022 2152 Papa
1041 2096 1253 2152 praedic'tus

223 2150 460 2192 inhaerendo
477 2154 659 2196 Decreto
674 2149 742 2195 fel.
755 2164 836 2193 rec.
851 2155 963 2197 Pauli
984 2157 1096 2210 Papae
1113 2158 1161 2197 V.
1184 2155 1255 2198 sub

225 2206 294 2249 die
315 2222 328 2248 1
344 2210 565 2264 1.Januarii
580 2211 687 2254 Anni
701 2223 844 2252 MDcv1
859 2224 891 2252 1.
923 2213 1113 2256 conceffit
1129 2215 1252 2257 facul-

222 2275 349 2308 tatem
378 2269 474 2309 RR.
491 2268 572 2310 PP.
588 2267 908 2312 provincialibus
925 2271 1043 2314 Ultra
1063 2277 1225 2316 Montes
1237 2302 1254 2326 ,

222 2325 389 2366 Ordinis
417 2328 718 2381 Capucinorum
746 2354 760 2377 ‚
803 2329 1052 2382 procedendi
1078 2344 1253 2376 contra...

224 2382 317 2426 suos
344 2381 523 2426 subditos
555 2387 594 2427 in
619 2385 740 2429 caufis
769 2386 818 2427 ad
844 2391 1034 2435 Sanctum
1066 2389 1256 2433 officium

223 2439 491 2495 spectantibus
506 2443 544 2485 in
559 2445 659 2486 locis
673 2473 686 2495 ,
704 2444 770 2486 ubi
787 2445 952 2489 haereses
967 2448 1130 2502 impune
1145 2451 1255 2503 gras-

224 2498 363 2542 santur
381 2529 396 2552 ,
426 2502 466 2542 &
495 2506 536 2546 S.
555 2502 745 2545 Officium
760 2504 1030 2559 Inquifitionis
1046 2536 1059 2558 ‚
1089 2521 1162 2548 nec
1183 2523 1254 2564 per

221 2558 488 2615 Inquifitores
502 2589 518 2613 ‚
542 2576 615 2609 nec
641 2576 714 2618 per
729 2562 914 2607 locorum
926 2565 1167 2610 ordinarios
1185 2582 1255 2610 ex-

220 2628 390 2662 creetur
402 2647 413 2659 .

373 2735 517 2790 '‘Joan.
535 2739 726 2781 Antonius
756 2740 1001 2798 Thomast'nus
1026 2746 1064 2784 S.
1082 2746 1189 2786 Rom.
1205 2744 1254 2794 ἐς·

414 2796 690 2853 soniverfilis
714 2799 894 2852 lnquiss't.
918 2804 1136 2854 Notarius,

540 2977 939 3043 NOTA.

225 3117 294 3204 F
311 3116 414 3154 Ufius
440 3116 503 3153 hac
534 3117 574 3174 ὀρ
603 3119 763 3154 facultate
788 3117 822 3152 In
848 3125 943 3154 tomo
969 3118 1082 3164 primo
1107 3118 1168 3176 fol:
1199 3128 1256 3165 73.

323 3164 435 3202 astum
454 3167 498 3201 est
514 3190 524 3206 ,
550 3167 629 3201 inde
654 3166 776 3202 Leaor
801 3165 842 3200 ad
867 3165 1009 3200 eundem
1034 3166 1195 3212 regredi,
1218 3168 1254 3203 8<

229 3215 444 3264 subjunctam
459 3223 582 3253 notam
595 3215 643 3251 ibi
657 3215 771 3260 legere
785 3224 852 3252 nun
865 3223 1028 3258 gravetur
1040 3237 1052 3251 .

347 3844 472 3885 Tm]
482 3846 518 3886 V.

1497 526 1682 582 Georgius
1712 527 1864 570 Poleam·
1894 533 2037 573 Secret-

1681 657 2345 678 —————-—-——

1489 751 2189 796 AUCTORITATE

1393 861 1440 911 S.
1461 860 1800 925 Congregationis
1820 859 1966 925 Officii
1981 860 2206 925 Supremae‚
2230 864 2284 910 ἐν

1397 956 1400 959 ·
1531 928 1812 993 Univerfirlis
1843 929 2129 997 Inquifitionis

1323 1046 1556 1098 Fratribus
1588 1049 1611 1095 ἓι
1642 1049 1692 1095 Ρ.
1714 1049 1998 1097 Provinciale
2015 1082 2032 1106 ‚
2068 1046 2117 1098 δε
2137 1047 2356 1100 Definitm

1389 1114 1458 1170 rio
1496 1117 1743 1167 Provinciae
1780 1117 2007 1184 deputatis
2038 1153 2055 1176 ‚
2092 1117 2233 1169 libros
2271 1121 2354 1170 hae-

1389 1190 1640 1238 reticorum
1659 1224 1674 1246 ,
1711 1203 1790 1239 aut
1808 1189 1916 1238 alias
1933 1187 2185 1256 prohibitos
2203 1191 2352 1259 legen-

1389 1259 1437 1308 di
1468 1278 1485 1318 3
1522 1253 1833 1308 Confeffiones
1873 1274 1973 1309 tum
2008 1260 2305 1308 Saecularium
2336 1296 2353 1318 ,

1389 1344 1489 1379 tum
1501 1329 1804 1395 Regularium
1822 1365 1837 1387 ,
1869 1343 1969 1378 tum
1983 1331 2322 1392 Haereticorum
2335 1365 2353 1387 ,

1386 1398 1790 1451 Schismaticorum
1811 1397 1902 1450 διο.
1939 1399 2224 1464 excipiendi3
2267 1402 2351 1449 hae-

1387 1471 1550 1518 reticos
1575 1468 1630 1514 ab
1648 1467 1800 1515 haerefi
1818 1501 1834 1524 ,
1869 1468 2184 1516 haereticorum
2208 1471 2349 1518 libro-

1384 1555 1487 1586 rum
1507 1535 1745 1592 Letiores,
1773 1533 1847 1585 seu
1867 1550 2115 1586 retentores
2132 1576 2146 1596 ,
2175 1557 2350 1588 necnon

1385 1606 1632 1657 Saeculares
1648 1640 1664 1662 ,
1696 1606 1987 1676 Religionem
2002 1607 2178 1676 ingredi
2197 1611 2352 1659 volen-

1386 1691 1451 1726 tes
1468 1712 1482 1734 ‚
1519 1675 1574 1724 ab
1591 1674 1800 1725 omnibus
1819 1674 2015 1726 censuris
2030 1713 2046 1734 ,
2081 1676 2252 1729 cafibus
2273 1684 2349 1728 Se·

1386 1747 1433 1796 di
1451 1744 1759 1813 Apostolicae,
1793 1749 1929 1797 etiam
1946 1749 1992 1797 in
2008 1750 2139 1797 Bulla
2158 1749 2228 1797 die
2249 1754 2350 1800 Cae-

1385 1836 1453 1867 nae
1484 1818 1674 1867 Domini
1706 1819 1797 1890 legi
1833 1816 1965 1867 solita
2002 1817 2236 1869 reservatis
2273 1820 2349 1869 ab·

1383 1886 1587 1938 solvendi
1614 1885 1804 1939 facultas
1837 1889 2103 1939 conceditur
2122 1926 2134 1937 .
2175 1890 2347 1939 Itidem

1383 1962 1435 2008 P.
1453 1959 1726 2009 Provinciali
1756 1978 1861 2008 cum
1886 1961 2089 2011 Novitiis
2106 1995 2122 2018 ,
2151 1960 2185 2009 fi
2212 1962 2348 2011 haere-

1383 2029 1464 2078 tici
1494 2028 1694 2087 fuerint,
1730 2030 1787 2079 ad
1821 2028 2035 2079 effecit-xm
2073 2034 2120 2081 S.
2142 2031 2344 2081 Ordines

1383 2099 1628 2168 recipiendi
1645 2136 1661 2159 ,
1699 2100 1797 2168 post
1823 2100 2144 2169 professionem
2170 2100 2345 2168 dispen-

1386 2167 1514 2230 sare,
1550 2170 1608 2220 ad
1637 2188 1793 2220 omnes
1822 2172 2022 2241 gradus,
2058 2172 2107 2222 ὃς
2141 2173 2348 2239 Religio-

1385 2242 1453 2290 nis
1482 2259 1671 2292 munera
1704 2242 1940 2292 habilitare
1958 2276 1973 2298 ,
2002 2240 2052 2291 ὅ(
2076 2238 2349 2290 facultatem

1385 2329 1462 2363 eos
1511 2312 1566 2362 ab
1623 2313 1834 2362 omnibus
1887 2308 2058 2361 cafibus
2107 2308 2356 2360 reservatis

1385 2380 1649 2431 absolvendi
1671 2385 1757 2433 PP.
1775 2380 2008 2451 Magistris
2037 2382 2342 2432 Novitiorum

1386 2450 1678 2521 subdelegare
1711 2452 2008 2522 indulgetur.

1321 2570 1516 2624 Thomas
1530 2609 1546 2631 ,
1562 2574 1782 2642 Epist-opus
1798 2573 2000 2642 OHietfis
2032 2572 2188 2641 Ruffus
2204 2609 2219 2631 ,
2256 2573 2347 2623 An-

1382 2644 1518 2704 nibal,
1539 2644 1757 2713 Epzstopus
1774 2645 2004 2713 Sabinensts
2028 2644 2074 2693 S.
2090 2646 2313 2693 Clementis
2328 2679 2346 2703 ,

1385 2713 1660 2775 Ludovicus,
1691 2717 1909 2784 Epistopus
1930 2715 2160 2780 Portuerfis
2191 2715 2313 2761 Picus
2327 2749 2343 2771 ,

1386 2784 1550 2836 ‘Petrus
1569 2786 1847 2836 Marcellinus
1862 2822 1877 2842 ‚
1897 2787 2115 2847 Episcopus
2151 2780 2346 2849 Tuscula-

1383 2875 1458 2904 nus
1489 2856 1740 2905 Corradinus
1765 2889 1781 2909 ‚
1827 2853 2064 2899 Vincentius
2080 2887 2096 2909 ,
2124 2852 2345 2920 Episcopus

1382 2924 1656 2988 Praenssetfis
1677 2925 1799 2969 Petra
1812 2955 1827 2977 ,
1844 2919 2053 2970 Nicolaus
2079 2921 2174 2970 Tit.
2190 2924 2259 2972 SS
2261 2962 2270 2973 .
2271 2924 2305 2981 J
2307 2945 2345 2971 o-

1385 2999 1504 3038 annis
1516 3026 1531 3046 ‚
1549 2993 1603 3038 &⁴
1623 2990 1748 3039 Pauli
1767 2990 1940 3039 Lercari
1957 3027 1972 3048 ,
1998 2992 2238 3058 Francfius
2258 2995 2346 3043 Aa·

1386 3064 1523 3107 tonius
1561 3059 1656 3109 Tit.
1705 3060 1750 3109 S.
1778 3059 1896 3109 Petri
1934 3065 1977 3108 in
2023 3061 2214 3111 Vinculis
2250 3072 2343 3115 &a

1327 3142 1330 3145 ·
1386 3127 1431 3178 S.
1450 3130 1508 3180 R.
1531 3130 1582 3179 Ε.
1612 3130 1854 3179 Cardinales
1880 3135 1924 3179 in
1953 3146 2042 3179 tota
2067 3132 2344 3199 Republica„

1387 3199 1634 3249 Christiana
1659 3217 1797 3249 contra
1824 3203 2053 3251 haereticam
2079 3208 2347 3268 pravitatem

1386 3270 1609 3320 Generales
1627 3270 1889 3339 Inquifitores
1917 3275 1942 3319 ὰ
1975 3271 2019 3320 S.
2043 3270 2142 3322 Sede
2167 3273 2349 3340 Apollo-7

1386 3341 1724 3408 licaspecialiter
1752 3343 1962 3408 deputati.

1319 3457 1474 3499 Dilebro
1499 3459 1603 3501 nobis
1626 3464 1669 3500 ἱκ
1690 3459 1841 3515 Christo
1858 3461 1999 3502 Fratri
2015 3463 2067 3503 N.
2086 3466 2138 3505 N.
2158 3463 2343 3520 Ministro

1385 3517 1622 3559 Provincialt'
1638 3518 1732 3560 Ord.
1747 3517 1976 3573 Capacinor.
2001 3521 2206 3563 Provinciae
2222 3526 2274 3565 N.

1461 3575 1639 3633 salutem
1659 3580 1702 3618 in
1717 3575 2166 3633 Dominostmpiternam
2176 3609 2189 3621 .

1436 3677 1471 3716 U
1489 3676 1535 3716 Μ
1562 3675 1599 3716 in
1625 3676 1816 3718 Generali
1846 3678 2175 3732 Congregatione
2198 3680 2339 3721 §.1³0⁴

1452 3735 1645 3783 manae‚&
1659 3734 1901 3778 universalis
1919 3737 2186 3791 Inquifitionis
2199 3766 2212 3787 ,
2224 3736 2339 3778 habi-

1316 3798 1355 3829 ta
1378 3804 1418 3831 in
1447 3791 1603 3894 Palatii?
1619 3793 1854 3894 2P0st9¹ic⁰
1882 3793 1930 3853 ad
1959 3798 1997 3839 S.
2016 3795 2183 3839 Mariam
2200 3793 2338 3895 rhgffloq
