2658 4256
946 169 1140 286 Apo
1135 165 1219 281 st
1231 197 1269 252 o
1289 167 1323 252 l
1332 170 1517 253 ica.
2105 202 2203 259 21

203 294 363 343 Austriae
384 294 605 346 anteriori,
633 296 863 340 colonienfi
877 325 891 349 ,
916 298 954 339 &
971 301 1199 346 Rhenanae,
1258 299 1445 356 pretendi
1472 294 1666 354 facultate
1680 320 1694 343 2
1720 295 2022 341 &Auctoritate
2045 295 2215 353 judicari
2229 306 2266 344 &

206 352 409 408 Tyrolensi
426 381 440 403 ,
466 355 506 394 δε
519 356 690 397 Bavariae
705 385 717 407 ,
748 371 794 398 ac
810 358 1007 399 Bohemiae
1023 386 1036 408 ,
1056 360 1096 399 &
1112 360 1199 398 Au·
1258 357 1418 400 definiri
1445 355 1596 398 debere
1608 383 1623 404 ‚
1652 368 1697 396 ac
1723 356 1882 398 irritum
1898 358 1934 398 &
1954 358 2069 397 inane
2083 380 2097 403 2
2111 359 2138 396 fi
2158 359 2268 401 secus

200 412 298 454 flriae
315 438 327 460 ‚
356 412 567 455 &illarum
584 416 740 468 fingulis
754 442 768 465 ,
800 424 843 456 ut
868 416 1000 458 omnia
1016 426 1109 457 vota
1124 443 1138 466 ,
1164 417 1204 458 &

197 468 377 524 suffragia
393 499 406 522 ,
437 485 521 526 quae
538 472 620 514 aliis
634 473 798 515 Ordinis
815 473 965 527 praefati
979 474 1202 516 Provinciis

197 538 432 583 competunt
447 558 461 580 ,
476 531 513 570 in
538 530 732 583 Capitulis
755 531 1202 582 Generalibusejusdem

115 602 119 606 ·
190 586 357 629 Ordinis
373 617 388 638 ,
419 588 470 630 de
485 598 623 631 caetero
640 588 915 639 celebrandis,
929 586 1201 643 pariformiter

190 645 393 698 habeant,
423 648 463 689 &
483 660 610 689 novos
624 648 880 697 Conventus,
895 644 1050 689 sublata
1066 646 1203 700 prohi-

187 703 342 749 bitione
368 703 551 761 praedicta
565 701 709 757 absque
724 702 801 747 alia
833 706 950 760 hujus
966 707 1116 750 Saneae
1130 708 1203 748 Se-

189 761 250 803 dis
270 762 432 807 licentia
447 789 461 810 ,
491 763 547 804 de
561 761 865 803 ordinariorum
890 762 1072 807 locorum
1103 777 1200 804 con-

184 819 293 864 sensu
321 851 335 871 ‚
373 818 614 875 servatilqne
638 818 735 861 alitis
763 817 967 862 servandis
995 822 1154 877 erigere
1181 848 1195 871 ,

185 878 346 934 aliisque
371 879 556 920 omnibus
587 879 626 919 δε
653 876 812 932 lingulis
842 877 997 933 juribus
1020 909 1036 931 ,
1069 878 1202 923 Privi-

184 937 300 991 legiis
326 966 341 987 ,
369 935 638 991 praerogativis
658 964 675 985 ,
700 937 1036 988 praeeminentiis,
1069 939 1200 979 hono-

183 996 291 1039 ribus
305 1024 322 1043 ,
340 994 476 1049 gratiis
489 1020 503 1040 ι,
517 992 736 1036 &indultis
748 1021 762 1043 ,
794 995 935 1049 quibus
951 1006 1101 1040 caeterae
1117 997 1199 1036 Or-

183 1052 287 1095 dinis
302 1050 530 1107 hujusmodi
543 1052 769 1098 Provinciae
781 1080 797 1102 ,
811 1063 891 1094 tam
909 1054 961 1095 de
976 1054 1062 1110 jure
1074 1081 1087 1103 ,
1103 1054 1169 1093 usu
1183 1079 1197 1102 ,

181 1113 220 1153 &
243 1108 531 1152 consuetudine
555 1136 569 1160 ,
613 1110 730 1165 quam
762 1109 856 1154 alias
885 1111 1194 1167 quomodolibet

181 1176 351 1211 utuntur
367 1197 380 1219 ,
408 1166 596 1211 fruuntur
610 1196 624 1219 ,
656 1170 694 1209 &
710 1169 888 1224 gaudent
900 1197 914 1218 ,
928 1185 973 1211 ac
987 1170 1046 1213 uti
1061 1200 1076 1221 ,
1089 1169 1194 1216 frui,

180 1230 219 1269 &
245 1226 420 1282 gaudere
435 1227 617 1283 possunt,
647 1229 687 1270 ἃ.
713 1238 903 1282 poterunt
928 1231 967 1270 in
986 1227 1163 1272 futurum
1181 1256 1196 1279 ,

183 1286 271 1342 pari
284 1286 411 1329 modo
425 1313 439 1336 ,
459 1288 497 1330 &
510 1284 655 1338 absque
670 1286 752 1329 ulla
767 1289 926 1342 prorsus
941 1287 1167 1332 differentia
1183 1313 1197 1337 2

187 1344 274 1394 uti,
297 1340 403 1396 frui,
418 1346 458 1387 δι
483 1346 659 1399 gaudere
674 1345 804 1391 libere
826 1348 865 1387 δε.
893 1346 1006 1388 licite
1029 1345 1199 1400 poffint,

180 1405 220 1444 &
240 1402 673 1455 valeant‚Au‹storitate
689 1403 1084 1459 Apostolicc‘i,tenore
1101 1418 1199 1460 prae-

179 1461 353 1504 sentium
374 1461 653 1510 concedimus,
677 1462 1010 1516 &indulgemus.
1046 1468 1199 1509 Decer-

180 1528 319 1562 nentes
338 1519 497 1562 easdem
511 1522 722 1575 praesentes
753 1522 912 1564 litteras
943 1522 1101 1577 semper
1129 1521 1198 1563 fir-

180 1592 265 1620 mas
281 1606 295 1628 ,
329 1577 477 1620 validas
493 1608 506 1628 ,
531 1581 569 1620 &
599 1579 781 1623 efficaces
812 1579 980 1622 existere
1010 1583 1050 1621 δε
1075 1580 1162 1621 fore
1185 1607 1199 1630 ,

181 1635 351 1691 suosque
380 1636 579 1691 plenarios
594 1666 607 1689 ,
631 1640 671 1679 ἃ.
693 1640 876 1691 integros
896 1637 1058 1680 effectus
1083 1635 1200 1679 sorti-

181 1696 246 1744 ri,
277 1697 316 1736 &
340 1696 550 1747 obtinere,
581 1709 627 1736 ac
645 1696 725 1736 illis
740 1725 756 1746 ,
779 1696 828 1737 ad
843 1709 942 1751 quos
956 1696 1103 1748 speetat
1118 1725 1132 1747 ,
1162 1697 1201 1737 &

179 1766 257 1809 pro
274 1762 458 1804 tempore
478 1752 800 1810 quandocunque
824 1752 1017 1808 spectabit
1034 1757 1096 1806 ,in
1113 1769 1193 1796 om-

179 1812 320 1862 nibus,
351 1813 391 1851 &
411 1825 483 1866 per
497 1813 632 1853 omnia
659 1811 880 1867 pleniffime
897 1811 1126 1873 suffragari,
1158 1815 1194 1855 &

179 1871 229 1912 ab
245 1870 303 1912 eis
321 1869 536 1924 respective
556 1870 851 1916 inviolabiliter
864 1871 1093 1920 observari3
1126 1874 1197 1915 fic-

182 1929 313 1985 quein
331 1928 528 1984 praemislis
547 1944 618 1984 per
631 1932 1056 1987 quoscunqueJudices
1072 1931 1198 1974 Ordi-

180 1988 311 2030 narios
327 2016 339 2037 ,
369 1989 408 2028 δι
421 1987 632 2044 delegatos
650 2017 664 2042 ,
682 1992 805 2035 etiam
836 1991 1039 2032 causarum
1057 1991 1201 2037 Palatii

182 2046 406 2099 Apostolici
425 2047 647 2088 Auditores
660 2074 675 2095 ,
694 2051 732 2090 &
748 2053 895 2091 Sanstae
913 2052 1100 2093 Romanae
1118 2052 1200 2092 Ec-

182 2103 308 2145 clesiae
322 2103 579 2156 Cardinales,
592 2107 714 2148 etiam
733 2107 785 2149 de
801 2107 930 2150 latere
946 2108 1120 2163 Legatos
1135 2134 1149 2157 ,
1163 2110 1203 2149 δε

185 2161 428 2215 Apostolicae
443 2163 558 2205 Sedis
588 2164 759 2218 praefatae
781 2169 955 2211 Nuntios
970 2194 983 2214 ,
1012 2166 1200 2210 aliosve.)

183 2221 646 2276 quoslibet,quzicunque
666 2224 963 2278 praeeminentiz‘i
979 2227 1017 2266 δε
1034 2224 1205 2280 potesta-

186 2287 230 2320 te
247 2277 460 2333 fungentes
475 2308 488 2331 ,
522 2282 561 2321 ὃ(
574 2278 776 2324 funeratos
792 2311 805 2332 ,
829 2282 986 2326 sublata
1000 2286 1057 2326 eis
1080 2286 1116 2325 &
1133 2298 1204 2325 eo-

184 2350 273 2380 rum
289 2337 459 2382 cuilibet
473 2340 611 2395 quavis
628 2341 751 2383 aliter
775 2340 986 2398 judicandi
1017 2345 1055 2385 &
1081 2344 1204 2387 inter-

1263 415 1381 472 super
1395 414 1476 458 histi
1493 416 1852 468 quoquam,quavis
1867 413 2265 463 Austoritateffcien-

1263 485 1326 516 ter
1341 502 1354 524 ,
1372 473 1436 514 vel
1456 472 1689 527 ignoranter
1705 473 1920 527 contigerit
1938 472 2155 515 attentari,
2178 476 2273 514 Non

1265 531 1508 575 obstantibus
1524 528 1695 573 Litteris
1709 527 1938 583 supradietis
1951 558 1966 581 ‚
1984 529 2148 585 aliisque
2163 533 2275 571 Con-

1265 587 1533 633 stitutionibus
1546 616 1561 638 ,
1590 587 1629 627 &
1644 586 1971 630 Ordi-nationibus
2002 586 2243 644 Apostolicis
2257 613 2272 636 ,

1262 662 1309 689 ac
1323 675 1336 697 ,
1349 656 1542 701 quatenus
1559 658 1659 699 opus
1674 643 2044 694 Iit,Provinciarum
2058 675 2072 697 ‚
2094 648 2132 687 &
2148 644 2232 687 Ord
2242 644 2276 685 i-

1262 706 1322 748 nis
1338 703 1579 760 hujusmodi,
1590 702 1754 757 aliisque
1769 703 2154 758 quibuslibet2etiam
2167 703 2276 759 jura.

1261 771 1413 808 mento,
1426 760 1732 805 confirmatione
1755 763 2010 816 Apostolica,
2043 764 2108 806 vel
2134 762 2275 818 quavis

1260 820 1457 866 firmitate
1481 819 1558 862 alia
1573 819 1770 862 roboratis
1790 820 1944 862 statutis
1960 852 1974 874 ,
1996 824 2036 863 ὃ(
2058 822 2279 864 consuetu-

1264 880 1423 922 dinibus
1440 907 1455 927 ,
1488 878 1709 933 privilegiis
1724 893 1912 934 quoque,
1940 881 2127 930 indultis,
2157 881 2194 919 &
2211 879 2279 920 Li-

1261 940 1360 981 teris
1388 936 1629 989 Apostolicis
1653 938 1692 978 in
1718 938 1971 980 contrarium
1994 935 2277 994 praemifforum

1258 994 1566 1053 quomodolibet
1594 995 1818 1047 concessis,
1844 995 2090 1039 confirmatis
2107 1024 2120 1047 ,
2148 997 2185 1036 &
2216 996 2279 1035 in-

1261 1054 1440 1098 novatis.
1473 1053 1635 1114 ijus
1646 1056 1846 1108 omnibus,
1867 1056 1906 1096 δε
1922 1055 2097 1110 singulis,
2114 1053 2278 1095 illorum

1255 1125 1418 1157 tenores
1432 1125 1504 1166 pro
1519 1112 1638 1169 plene
1651 1143 1666 1163 ,
1687 1115 1727 1155 &
1740 1109 1984 1155 sufficienter
1997 1110 2180 1169 expressis
2195 1141 2209 1162 ,
2237 1111 2280 1151 δε

1257 1173 1306 1214 ad
1340 1174 1507 1216 verbum
1531 1170 1689 1216 insertis
1705 1174 1899 1215 habentes
1914 1172 2022 1221 ,illis
2045 1171 2139 1214 aliis
2155 1173 2194 1210 in
2211 1170 2281 1212 suo

1257 1232 1408 1274 robore
1421 1229 1705 1285 permansuris,
1722 1232 1770 1274 ad
1791 1230 2073 1286 praemissarum
2098 1229 2280 1272 effectum

1260 1291 1336 1335 hac
1352 1290 1439 1332 vice
1455 1288 1645 1332 duntaxat
1662 1287 1892 1345 specialiter
1907 1319 1919 1341 ,
1942 1292 1983 1331 δι
2008 1288 2192 1344 expresse
2206 1287 2284 1328 de-

1258 1361 1464 1403 rogamus,
1480 1350 1710 1405 caeterisque
1726 1349 1943 1391 contrariis
1963 1347 2282 1405 quibuscunque.

1260 1407 1459 1450 Volumus
1485 1417 1617 1450 autem
1633 1436 1646 1459 ,
1667 1418 1709 1451 ut
1724 1409 1981 1463 praesentium
2000 1406 2279 1459 transumptis,

1259 1466 1325 1509 seu
1355 1465 1550 1519 exemplis
1565 1495 1579 1516 ,
1595 1467 1717 1509 etiam
1736 1466 1948 1519 impreffiS,
1965 1480 2081 1506 manu
2110 1463 2280 1519 alicujus

1261 1525 1423 1567 Notarii
1446 1523 1593 1576 publici
1609 1523 1863 1578 subscriptis,
1894 1526 1931 1564 &
1956 1523 2082 1577 sigillo
2101 1521 2281 1564 Personae

1262 1582 1302 1622 in
1330 1580 1607 1623 Ecclefiastica
1636 1581 1835 1635 dignitate
1862 1581 2087 1623 constitutae
2113 1580 2282 1622 munitis

1263 1638 1410 1680 eadem
1427 1637 1585 1693 prorsus
1601 1638 1717 1684 Fides
1741 1651 1821 1683 tam
1844 1640 1884 1682 in
1915 1639 2068 1697 judicio
2081 1640 2198 1696 quim
2213 1653 2285 1681 ex-

1261 1708 1323 1741 tra
1349 1697 1453 1740 illud
1482 1698 1631 1754 ubique
1659 1698 1844 1741 locorum
1862 1699 2085 1750 habeatur,
2112 1712 2196 1753 quae
2211 1698 2284 1739 ha-

1262 1756 1542 1810 bererumipfis
1568 1757 1852 1812 praesentibus,
1879 1755 1904 1798 fi
1929 1757 2066 1801 forent
2096 1756 2284 1799 exhibitae

1260 1815 1327 1858 vel
1359 1816 1519 1859 ostensae
1536 1845 1549 1856 .

1319 1876 1472 1922 Datum
1501 1876 1641 1918 Romae
1666 1875 1772 1931 apud
1800 1878 1988 1920 Sam‘ium
2020 1879 2186 1919 Petrum
2214 1872 2286 1917 sub

1259 1935 1426 1980 Annulo
1442 1932 1658 1976 Piscatoris
1671 1961 1685 1983 ,
1710 1934 1779 1976 die
1794 1935 2284 1991 x.JanuasiiMnc1.xxtx.

1262 1991 1529 2039 Pontificatus
1548 1990 1670 2037 nostri
1684 1994 1807 2038 Anno
1822 1993 1946 2037 tertio
1960 2022 1974 2035 .

1844 2114 1879 2155 1.
1912 2113 1965 2154 G.
1994 2110 2170 2155 Slufius.‘

1323 2228 1449 2274 Breve
1465 2228 1693 2286 formatum
1720 2230 1764 2274 in
1776 2229 1950 2271 Archivo
1974 2227 2159 2272 Generali
2185 2225 2282 2270 Ord.

1384 2289 1574 2332 Armario
1598 2290 1749 2342 Bullae,
1776 2288 1920 2346 Brevia
1937 2287 2020 2336 &a

954 2521 1507 2590 NOTA:

195 2656 198 2658 ’
290 2666 451 2704 Uantiim
483 2668 600 2714 gaudii
628 2681 675 2706 ex
701 2670 905 2718 Apostolico
928 2672 993 2708 hoc
1028 2671 1168 2707 indulto
1193 2672 1459 2718 Augustiffimus
1489 2673 1681 2719 Imperitos
1702 2672 1900 2720 conceperit
1916 2695 1930 2717 ,
1963 2682 2036 2710 tum
2062 2673 2107 2710 de
2125 2681 2280 2715 conatu,

329 2726 400 2760 quo
422 2716 508 2752 illud
531 2717 694 2761 urgebat,
723 2729 794 2755 turn
812 2720 856 2756 de
875 2721 1035 2766 sequente
1059 2720 1209 2765 Epistola
1230 2720 1445 2770 responsoria
1459 2745 1474 2769 ,
1497 2723 1555 2762 Fr.
1571 2723 1784 2771 ldelphonso
1801 2723 1820 2757 ὲ
1834 2721 2053 2759 Carlshoven
2069 2743 2083 2766 ‚
2108 2731 2192 2757 tunc
2207 2721 2279 2764 De3

186 2761 324 2800 finituri
340 2764 507 2801 Generali
529 2765 691 2813 inscripta
703 2769 857 2812 ,desumi
876 2769 1003 2815 debet,
1028 2781 1067 2806 ac
1078 2769 1212 2819 potest.

654 2920 1809 2979 LEOPOLDUs&c:

700 3086 971 3137 Honorabilis
989 3123 1007 3147 ,
1044 3089 1256 3159 Religiosb
1274 3124 1291 3149 ,
1327 3089 1504 3140 Devote
1520 3125 1536 3149 ,
1572 3089 1742 3142 Dilec‘le
1760 3126 1774 3140 .

285 3225 580 3278 Qmadmodum
604 3229 774 3275 negotium
787 3229 964 3267 paritatis
988 3241 1146 3268 votorum
1163 3231 1413 3279 peculiariter,
1439 3234 1495 3271 uti
1527 3235 1623 3271 vobis
1645 3245 1850 3284 compertum
1867 3233 1932 3284 esti
1957 3232 2075 3274 Nobis
2086 3237 2184 3274 cordi
2187 3237 2283 3286 sitni-

182 3276 300 3324 pfimus
316 3301 328 3319 ‚
353 3278 404 3312 ita
433 3287 500 3311 non
519 3277 647 3311 minori
670 3288 746 3312 cum
761 3278 993 3325 sutissaffione
1020 3278 1037 3314 ὲ
1063 3281 1194 3317 Literis
1221 3279 1347 3330 Vestris
1367 3283 1423 3318 die
1444 3285 1496 3320 18.
1514 3282 1624 3331 ‘Junii
1645 3285 1742 3333 elapsi
1760 3284 2015 3329 intelleximus,
2039 3286 2143 3335 officia
2166 3285 2227 3322 hac
2241 3287 2282 3321 in

182 3332 284 3372 parte
299 3325 437 3373 diversis
461 3326 501 3359 in
524 3323 605 3359 locis
624 3324 801 3370 adhibita,
827 3327 963 3363 tantiam
978 3329 1017 3362 in
1032 3328 1478 3376 CongregationeGenerali
1497 3331 1649 3378 proxime}
1670 3333 1806 3376 peraeta
1830 3329 1992 3381 *valutff'e²
2014 3343 2055 3370 ut
2070 3335 2171 3383 suam
2194 3335 2282 3371 Pro-

186 3373 311 3409 vinciae
330 3373 523 3422 Germania·
543 3370 693 3423 effecum
709 3374 779 3422 stnt
800 3376 1024 3413 intentionem
1050 3388 1059 3410 ε
1085 3377 1126 3413 de
1143 3389 1208 3424 quo
1227 3378 1383 3425 prospero
1408 3379 1488 3415 adeo
1505 3377 1654 3430 successu
1678 3393 1745 3416 non
1769 3382 1882 3417 minus
1905 3379 2058 3418 laetamur
2072 3406 2085 3427 ,
2110 3394 2151 3418 ac
2163 3382 2278 3430 fingu-

187 3418 257 3458 lari
272 3422 427 3469 ferimur
447 3421 604 3470 destderio
618 3445 631 3466 ‚
653 3421 757 3469 plura
780 3422 914 3459 Ordini
938 3421 1051 3472 Vestro
1069 3425 1229 3468 Gratiae,
1253 3426 1541 3475 Protekiionisque
1570 3429 1684 3477 nostrae
1706 3428 1890 3479 testimonia
1913 3428 2096 3467 exhibendi
2110 3453 2120 3465 .
2145 3433 2280 3468 Gratu-

188 3466 299 3506 lamur
322 3467 427 3507 Vobis
446 3479 611 3517 praeterea
635 3470 860 3521 benigniffimc?
883 3471 925 3508 de
941 3471 1101 3519 ‘Persona
1123 3471 1240 3522 Vestra
1261 3475 1355 3510 inter
1384 3475 1603 3523 ‘Definitores
1617 3477 1801 3514 Generales
1813 3502 1827 3522 ,
1858 3475 1917 3513 vel
1933 3487 1974 3513 ex
1995 3490 2031 3514 eo
2055 3480 2195 3527 dignius
2210 3477 2279 3515 col-

189 3515 298 3564 locata
315 3542 328 3562 ,
353 3518 441 3566 quod
466 3518 508 3560 ἐς·
534 3518 688 3555 honorem
711 3519 802 3556 hunc
827 3517 982 3570 indefeffo
1010 3521 1124 3557 labore
1148 3523 1187 3556 in
1208 3521 1464 3560 emolumentum
1485 3525 1601 3562 Sacrae
1623 3524 1816 3573 Religionis
1843 3533 1907 3574 per
1929 3534 1982 3562 tot
2004 3539 2110 3563 annos
2134 3526 2276 3611 impessfi’

190 3563 290 3611 qucim
315 3566 457 3603 maxime
474 3569 659 3612 promeriti
673 3567 776 3616 fitis,
801 3569 844 3610 &
865 3571 1000 3605 muneri
1018 3570 1097 3605 huic
1114 3571 1167 3606 ita
1194 3582 1254 3605 vos
1273 3571 1481 3620 praefuturos
1507 3584 1574 3608 non
1595 3574 1828 3621 ambigamus,
1854 3582 1896 3610 ut
1913 3573 2077 3622 praefatus
2093 3575 2189 3612 Ordo
2242 3586 2276 3609 e-

182 3611 251 3661 ster
276 3614 410 3650 uberem
430 3615 575 3659 exinde,
608 3616 794 3664 praesertim
818 3618 857 3652 in
876 3618 1068 3654 Germaniae
1092 3617 1295 3655 Ditiom'bus
1312 3619 1466 3667 frufiium
1477 3620 1636 3668 sentiam
1663 3621 1742 3660 Nos
1766 3621 1847 3658 vero
1874 3623 1913 3657 in
1934 3621 2175 3672 existimatione
2202 3623 2275 3657 de)

191 3657 296 3697 Vobis
316 3663 354 3697 ob
379 3663 517 3710 instgnes
547 3665 654 3700 animi
679 3664 797 3708 dotes,
826 3666 1040 3714 virtutesque
1062 3665 1188 3712 vestras
1213 3670 1372 3715 concepta
1398 3668 1547 3706 ulterius
1572 3670 1805 3717 confirmemur
1828 3682 1839 3706 s
1866 3670 1927 3717 qui
1949 3671 2077 3708 nullam
2101 3670 2273 3719 viciffinu

191 3705 340 3757 omiffuri
357 3710 476 3757 sumus
495 3713 685 3761 occastonem
700 3738 712 3757 ‚
740 3712 844 3750 Vobis
863 3717 1017 3762 gratIam
1039 3714 1180 3762 nostram
1195 3715 1381 3763 Caesaream
1406 3719 1510 3754 etiam
1527 3717 1681 3767 deinceps
1702 3718 1927 3768 testificandi,
1972 3722 2065 3758 routi
2082 3718 2184 3757 Vobis
2196 3727 2275 3766 ean·

189 3756 263 3793 dem
279 3765 343 3804 pro
368 3760 457 3794 omni
479 3769 622 3808 tempore
642 3761 729 3811 hisce
745 3762 967 3812 benigniffim&
989 3762 1221 3811 corfirmamus
1236 3791 1244 3801 .
1268 3764 1401 3802 Datum
1418 3767 1458 3803 in
1478 3765 1636 3804 civitate
1650 3766 1759 3820 nostra
1774 3764 1812 3805 V
1808 3767 1916 3807 iennae
1952 3767 1985 3806 ie
1999 3768 2153 3818 vigesima*
2175 3766 2278 3814 quin}

2187 3823 2226 3851 ta
