2658 4256
458 237 565 317 32

391 332 554 382 mittant
572 336 850 393 Superioribus
862 365 876 389 ,
888 338 928 380 δι
941 349 1012 379 vos
1025 336 1064 379 in
1081 335 1222 377 horum
1237 335 1398 377 nomine

387 395 583 441 Professas
607 397 838 452 recipiatis,
859 406 980 452 prout
1005 405 1159 451 aequum
1183 392 1264 439 est.
1294 392 1395 437 Inde

390 458 444 501 ita
472 454 617 510 exequi
644 454 799 501 studete
811 478 824 493 .

444 513 585 558 Romoe
599 525 664 556 22.
680 511 927 559 Novembris
944 523 1063 571 1593.

445 635 503 674 Ex
529 628 673 684 Regell.
703 633 847 673 secret.
877 633 963 672 Sat.
985 632 1171 685 congreg,
1187 623 1317 683 mensis
1343 624 1391 681 &f

500 688 593 729 anni
611 688 738 744 pred.
750 686 833 747 sol.
848 702 946 744 343.

389 823 1158 843 ffl———u-—a———un—-t
1165 820 1393 838 -——-

390 929 597 974 Domum
626 941 734 972 cum
752 920 948 971 Ecclesia
966 925 1179 972 Lucernae
1197 921 1220 968 ὲ
1236 922 1393 970 uca-

458 991 587 1059 sparo
608 990 788 1049 Pfiffer,
827 989 1097 1042 Consiliario
1129 990 1218 1041 ἃς.
1261 988 1392 1037 latius

461 1061 778 1118 construffihm,
790 1062 813 1109 a
830 1062 1059 1110 Fratribus
1080 1060 1169 1109 fine
1186 1057 1394 1123 scrupulo

460 1134 678 1199 acceptari
715 1131 920 1199 indulget
943 1164 957 1185 ‚
989 1131 1242 1196 Scripturas
1268 1126 1391 1176 desu-

460 1218 539 1267 per
570 1199 792 1249 confestas
823 1197 1090 1254 confirmat,
1131 1200 1175 1245 in
1206 1198 1391 1249 Fabrica

458 1270 720 1319 Monasterii
735 1304 750 1326 ,
781 1267 855 1317 seu
878 1268 1151 1315 ornamentis
1169 1266 1340 1333 aliquid
1367 1266 1391 1313 ὲ

458 1338 771 1405 Superioribus
788 1337 1019 1384 immutari
1033 1336 1275 1393 interdicit,
1290 1340 1323 1384 F
1330 1354 1391 1383 ra-

453 1420 542 1455 tres
558 1409 603 1454 in
630 1424 683 1454 eo
698 1405 946 1473 privilegiis
968 1403 1059 1454 διε.
1085 1405 1273 1455 Ordinis
1299 1403 1390 1454 frui

457 1475 686 1534 declarat,
711 1493 761 1523 ac
789 1477 1060 1523 Litterarum
1088 1471 1264 1522 suarum
1295 1492 1390 1522 exe-

459 1547 686 1593 cutionem
714 1542 968 1593 Abbatibus
985 1543 1175 1591 Ordinis
1195 1547 1241 1592 S.
1258 1547 1394 1591 Bene.

461 1614 570 1662 dieti
585 1612 790 1663 Einfidlae
802 1647 817 1669 ,
833 1611 878 1662 δε
898 1612 1070 1660 Montis
1084 1614 1389 1680 Angelorum,

459 1701 634 1733 necnon
678 1688 861 1734 Decano
906 1679 1143 1736 Uranienfi
1188 1683 1392 1731 commit-

475 1767 552 1803 tit.

428 1883 824 1933 CLEMENS
892 1885 1102 1932 PAPA
1174 1884 1358 1932 VIII.

562 2019 869 2075 Adperpetuam
894 2023 952 2064 rei
974 2021 1191 2063 memoriam
1205 2049 1218 2062 .

527 2138 627 2178 Ecet
647 2137 872 2180 Romanum
895 2135 1130 2179 Pontificem
1153 2152 1199 2179 ea
1224 2136 1295 2179 suae
1320 2151 1389 2179 au·

541 2194 732 2234 &utitatis
757 2196 983 2248 patrocinio
1014 2194 1275 2246 confirmare,
1305 2209 1388 2249 quae

391 2252 439 2291 ad
468 2249 595 2291 divini
620 2250 751 2293 cultris
772 2279 786 2300 ,
816 2254 856 2294 δε
881 2253 1104 2308 Religionis
1132 2255 1388 2309 propagatio-

390 2321 483 2349 nem
514 2306 578 2362 pia
605 2308 927 2353 Christifidelium
957 2311 1172 2365 largitione
1198 2311 1297 2353 facta
1310 2309 1386 2353 esse

389 2365 604 2407 noscuntur
622 2392 635 2405 .
652 2367 754 2408 Sane
768 2395 781 2417 ,
806 2381 894 2409 cum
906 2397 921 2417 ‚
938 2367 1032 2409 sicut
1049 2371 1272 2421 accepimus
1290 2397 1303 2419 ,
1328 2369 1388 2409 di·

389 2423 515 2464 lectus
537 2420 641 2464 filius
657 2424 801 2478 Caspar
818 2424 950 2467 Pfiffer
980 2440 1028 2467 ex
1045 2426 1295 2469 Consiliariis
1313 2427 1388 2468 Ci-

390 2480 526 2522 vitatis
557 2481 809 2523 Lucernensis
829 2510 841 2532 ,
869 2483 1145 2528 Constantien·
1180 2484 1387 2533 Diaecesis,

387 2551 463 2592 pro
488 2537 716 2579 devotionis
743 2538 909 2590 affeetu,
937 2554 1054 2594 quem
1082 2555 1176 2595 erga
1191 2543 1386 2584 Ordinem

389 2597 574 2638 Fratrum
600 2597 903 2651 Capucinorum
935 2599 1063 2640 Saneti
1091 2599 1286 2643 Francisci
1318 2615 1384 2655 ge·

387 2654 441 2695 rit
454 2679 467 2700 ,
480 2653 633 2703 duetus,
654 2654 774 2696 un‘um
789 2656 1097 2705 Monasterium,
1115 2657 1177 2698 seu
1197 2660 1387 2701 Conven-

388 2722 475 2753 tum
488 2724 562 2766 pro
575 2711 662 2765 ipsis
678 2713 880 2755 Fratribus
898 2715 1111 2769 Capucinis
1133 2729 1222 2756 cum
1237 2715 1385 2758 Eccle-

388 2768 438 2810 sia
456 2769 493 2808 in
509 2769 646 2810 eadem
659 2768 836 2813 Civitate
864 2774 1052 2814 Lucernae
1083 2787 1224 2827 magno
1237 2788 1358 2828 opere
1371 2802 1386 2825 ‚

387 2828 427 2867 δε
439 2824 591 2879 sumptu
607 2830 829 2871 extruxerit
844 2856 856 2879 ,
881 2842 927 2870 ac
942 2831 993 2873 de
1009 2830 1172 2873 licentia
1188 2833 1387 2888 Superio-

391 2897 479 2926 rum
494 2881 640 2925 eisdem
665 2886 741 2926 FF.
756 2886 968 2940 Capucinis
983 2886 1212 2931 concesserit
1227 2916 1241 2938 ,
1263 2902 1306 2933 ut
1322 2892 1388 2947 ipsi

393 2944 555 2985 Fratres
578 2943 617 2983 in
632 2942 774 2985 eodem
789 2947 1004 2987 Conventu
1030 2959 1103 2999 pro
1118 2958 1304 3001 tempore
1317 2950 1388 2992 de·

391 3002 584 3056 gentesin
600 2999 759 3055 praefata
778 3002 951 3044 Ecclesia
967 3003 1164 3046 Altissimo
1186 3011 1386 3061 perpetuo

392 3057 530 3101 laudes
553 3061 592 3100 &
614 3057 801 3102 sacrificia
814 3059 959 3104 offerre
975 3062 1178 3105 valerent.
1202 3067 1307 3106 Cum
1321 3079 1388 3107 au-

393 3127 475 3159 tem
500 3116 566 3173 ipsi
584 3119 741 3160 Fratres
758 3121 808 3161 eo
823 3147 835 3169 ,
860 3121 950 3174 quia
966 3121 1141 3163 Ecclesia
1157 3151 1170 3172 ,
1191 3123 1231 3162 δι
1249 3127 1388 3165 Mona-

393 3175 547 3217 sterium
563 3175 677 3217 latius
694 3202 708 3223 ,
728 3176 847 3231 quam
870 3177 953 3219 aliae
965 3192 1101 3222 eorum
1120 3178 1303 3222 Ecclesiae
1329 3181 1389 3221 so·

393 3232 501 3275 leant
516 3263 530 3285 ,
543 3236 718 3276 extruc'ta
734 3236 773 3275 δι
789 3246 928 3276 ornata
946 3236 1096 3286 existat,
1112 3237 1238 3286 illam,
1257 3238 1320 3280 nisi
1337 3238 1386 3280 ad

392 3292 505 3334 instar
533 3293 699 3334 aliarum
727 3292 949 3348 hujusmodi
971 3308 1104 3339 eorum
1120 3297 1387 3339 Ecclesiarurn

391 3353 429 3391 &
458 3350 790 3393 Monasteriorum
816 3352 1075 3404 moderetur,
1102 3356 1275 3398 retinere
1301 3355 1388 3397 for·

392 3405 484 3450 tasse
514 3419 674 3451 renuant
691 3438 705 3458 ,
729 3411 768 3451 &
792 3423 1002 3465 propterea
1025 3413 1226 3464 praedistus
1242 3413 1387 3468 Caspai·

386 3469 525 3523 ⁴cupiat
548 3467 817 3511 fundationem
831 3469 870 3509 &
884 3469 1172 3512 concessionem
1189 3471 1386 3525 hujusmo-

392 3525 433 3566 di
448 3526 677 3581 Apostolicae
700 3528 963 3569 Auctoritatis
986 3529 1196 3570 munimine
1222 3532 1385 3572 robora-

393 3589 427 3629 ri
445 3617 458 3638 ,
480 3587 517 3625 &
538 3586 751 3627 Ecclesiam
765 3585 885 3640 ipsam
903 3586 1098 3640 aliquibus
1115 3587 1382 3640 spiritualibus

392 3644 619 3687 muneribus
642 3643 853 3694 decorari,
884 3648 968 3686 Nos
999 3644 1173 3700 ejusdem
1200 3647 1384 3701 Casparis

392 3706 460 3760 pio
482 3701 678 3743 desiderio
699 3701 869 3755 benigne
884 3716 1085 3753 annuere,
1109 3717 1305 3760 eumque,
1337 3719 1382 3745 ac

392 3763 538 3808 dietum
565 3759 757 3819 Ordinem
780 3763 964 3819 Fratrum
980 3763 1275 3822 Capucinorum
1295 3763 1382 3822 spe-

1119 202 1736 286 :Provincia

1457 329 1628 373 cialibus
1658 326 1859 371 favoribus
1886 326 2075 381 &gratiis
2101 334 2285 390 prosequi
2318 336 2461 378 volen-

1458 399 1519 431 tes
1545 415 1559 438 ,
1587 384 1944 442 supplicationibus
1972 389 2128 433 nomine
2153 390 2249 433 dio-‘ti
2275 396 2463 449 Casparis

1455 446 1584 490 Nobis
1612 446 1729 500 super
1753 445 1830 485 hoc
1847 440 2054 485 humiliter
2077 450 2266 502 porrectis
2288 452 2462 495 inclina·

1453 505 1486 549 ti
1514 530 1529 553 ,
1569 502 1844 546 fundationem
1870 501 2078 543 dictorum
2097 506 2358 560 Monasterii,
2391 508 2461 553 seu

1452 560 1692 606 Conventus
1720 562 1759 602 &
1775 558 1986 612 Ecclcfiae,
2018 572 2101 615 quae
2127 564 2249 620 vulgo
2262 568 2462 624 Auffdcm

1450 620 1704 677 Wast'mblt'm
1719 619 1869 661 dicitur
1885 645 1899 668 ,
1925 632 1970 661 ac
1994 618 2033 659 in
2063 618 2254 664 honorem
2272 627 2349 667 Dei
2367 654 2382 678 ,
2412 641 2457 668 ac
2502 643 2505 646 ·

1452 678 1680 726 Beatiffimae
1707 676 1882 731 Virginis
1905 700 1919 722 2
1957 677 2269 734 Sanfiorumque
2296 685 2460 730 Franci-

1454 740 1508 783 fci
1521 765 1536 789 ,
1555 739 1594 778 &
1610 735 1748 785 Galli,
1774 748 1819 776 ac
1850 735 1974 777 totius
1991 734 2183 778 eoelestis
2203 739 2335 780 Curiae
2349 741 2459 784 dica-

1454 809 1496 840 ta
1509 793 1640 838 existit
1655 823 1668 846 ,
1690 791 1877 848 illiusque
1890 792 2180 838 concessionem
2199 792 2362 850 praefato
2376 800 2458 840 Or-

1453 856 1536 898 dini
1554 856 1736 896 Fratrum
1753 852 2050 907 Capucinorum
2076 852 2244 902 factam,
2272 867 2319 896 ac
2343 857 2458 910 quas-

1453 925 1623 967 cumque
1636 910 1850 966 scripturas
1861 910 2038 966 publicas
2052 910 2221 968 desuper
2233 909 2430 956 confectas
2441 943 2457 965 ,

1452 975 1491 1014 δι
1505 973 1546 1015 in
1562 970 1620 1013 eis
1638 978 1825 1012 contenta
1838 982 2096 1026 quaecumque
2113 998 2126 1021 ,
2156 971 2268 1013 licita
2282 972 2319 1011 δι
2335 971 2463 1013 bone·

1452 1033 1506 1073 sta
1522 1056 1536 1079 ,
1550 1043 1593 1071 ac
1611 1032 1704 1071 Sac.
1721 1028 1899 1071 Concilii
1914 1026 2144 1070 Tridentini
2161 1032 2341 1072 Decreto
2359 1043 2464 1072 con-

1453 1089 1619 1138 formia,
1644 1085 1897 1128 Auctoritate
1911 1086 2169 1139 Apostolica,
2200 1099 2342 1130 tenore
2359 1102 2462 1143 prae-

1452 1145 1622 1190 sentium
1647 1147 1842 1200 perpetuo
1868 1142 2150 1187 confirmamus
2166 1173 2180 1195 ,
2210 1149 2249 1188 &
2265 1146 2465 1202 approba-

1454 1219 1564 1254 mus,
1599 1202 1754 1258 illisque
1773 1212 1973 1258 perpetuae
1989 1231 2002 1255 ,
2028 1204 2066 1244 δι
2085 1203 2329 1247 inviolabilis
2346 1207 2462 1260 Apo-

1451 1263 1597 1306 stolicae
1612 1259 1817 1304 firmitatis
1844 1262 1966 1304 robur
1990 1261 2199 1316 adjicimus
2215 1291 2228 1314 ‚
2254 1277 2299 1305 ac
2321 1275 2460 1309 omnes

1450 1325 1489 1364 δι
1518 1319 1689 1374 singulos
1716 1330 1797 1362 tam
1821 1318 1918 1374 juris
1944 1347 1958 1370 ,
1983 1322 2103 1372 quam
2130 1319 2222 1362 fasti
2248 1318 2461 1372 defestus,

1451 1380 1477 1422 si
1492 1379 1559 1435 qui
1583 1378 1891 1430 intervenerint,
1913 1379 1954 1419 in
1972 1377 2119 1420 eisdem
2134 1376 2363 1434 supplemus
2379 1406 2394 1429 ,
2409 1391 2460 1422 at:

1449 1435 1600 1494 praefati
1617 1438 1780 1479 Ordinis
1809 1436 2040 1484 Fratribus,
2068 1446 2111 1477 ut
2139 1437 2425 1479 Monasterium
2443 1464 2459 1488 ,

1451 1496 1517 1538 seu
1530 1498 1793 1537 conventum
1807 1523 1820 1546 ,
1843 1496 1881 1535 δι
1899 1493 2119 1536 Ecclesiam
2145 1491 2368 1551 hujusmodi
2385 1508 2460 1536 re-

1452 1555 1590 1608 cipere
1605 1580 1618 1602 ,
1642 1568 1686 1593 ac
1702 1553 1869 1597 illorum
1886 1550 2154 1608 possessionem
2170 1552 2461 1608 apprehende·

1452 1626 1494 1653 re
1509 1638 1522 1660 ,
1552 1621 1621 1653 aut
1648 1610 1929 1666 apprehensam
1946 1612 2142 1666 perpetuo
2163 1612 2344 1654 retinere
2363 1640 2377 1662 ‚
2409 1624 2454 1652 ac

1452 1671 1492 1710 in
1507 1670 1750 1711 Monasterio
1765 1669 1827 1711 seu
1846 1671 1978 1712 Domo
1996 1668 2165 1721 praefatis
2179 1695 2194 1716 ,
2207 1683 2331 1712 unum
2350 1667 2414 1723 eju
2422 1672 2457 1712 s’-

1454 1727 1547 1768 dem
1573 1729 1737 1770 Ordinis
1763 1729 1945 1768 Fratrum
1967 1729 2231 1769 Conventum
2252 1727 2302 1769 ad
2335 1727 2457 1770 inflat

1455 1783 1630 1841 ejusdem
1643 1784 1806 1828 Ordinis
1823 1785 1997 1827 aliorum
2014 1785 2300 1827 Conventuum
2327 1785 2462 1840 erige-

1454 1859 1500 1886 re
1522 1871 1536 1893 ,
1563 1846 1603 1885 &
1628 1842 1831 1888 instituere
1852 1868 1866 1890 ,
1897 1843 1963 1898 qui
1988 1843 2200 1889 omnibus,
2229 1844 2268 1883 δι
2297 1842 2459 1898 singulis

1454 1903 1594 1957 gratiis
1607 1931 1622 1952 ,
1638 1901 1882 1957 privilegiis,
1899 1900 2064 1943 indultis
2077 1930 2090 1951 ,
2109 1901 2428 1955 exemptionibus
2443 1930 2459 1951 ,

1452 1960 1770 2015 &indulgentiis
1784 1986 1797 2006 ,
1821 1961 1961 2015 quibus
1975 1959 2040 2000 alii
2056 1960 2200 2002 similes
2219 1962 2457 2002 Conventus

1441 2019 1670 2070 fruuntur,
1698 2018 1930 2074 potiuntur,
1957 2018 2211 2071 &gaudent,
2235 2019 2322 2069 uti,
2350 2017 2456 2069 frui,

1451 2077 1572 2133 potiri
1599 2105 1613 2127 ,
1652 2080 1689 2118 &
1716 2076 1891 2130 gaudere
1920 2074 2075 2131 possunt
2101 2105 2116 2128 ‚
2145 2079 2210 2119 seu
2235 2087 2456 2131 poterunt,

1450 2134 1757 2190 quomodolibet
1772 2135 1809 2175 in
1825 2133 2002 2175 futurum
2031 2162 2044 2184 ,
2070 2133 2179 2186 frui,
2211 2134 2348 2188 potiri,
2364 2148 2460 2190 gau·

1451 2195 1574 2244 dere,
1602 2207 1646 2234 ac
1662 2193 1739 2234 fine
1756 2192 1838 2234 ulla
1862 2191 2083 2235 differentia
2105 2195 2162 2234 uti
2187 2192 2328 2248 possint
2343 2218 2357 2241 ,
2383 2206 2459 2235 va-

1449 2250 1587 2300 leant,
1611 2252 1650 2292 &
1664 2250 1865 2292 debeant:
1897 2261 2020 2306 utque
2035 2265 2084 2292 ex
2099 2251 2247 2294 eodem
2263 2254 2454 2293 Conven.

1449 2320 1490 2352 tu
1521 2309 1633 2351 nullo
1658 2317 1840 2363 tempore
1862 2309 1883 2348 a
1905 2322 2155 2365 quacumque
2182 2307 2346 2363 persona
2372 2318 2455 2350 tam

1448 2367 1732 2417 Ecclefiastica,
1748 2366 1864 2419 quam
1880 2366 2049 2408 saeculari
2063 2395 2077 2418 ,
2103 2369 2456 2422 quacumque'Au-

1447 2427 1634 2468 &oritate
1658 2423 1838 2480 fulgente
1853 2424 1943 2465 eiici
1959 2453 1973 2475 ,
1999 2425 2176 2479 expelli,
2205 2435 2271 2468 aut
2286 2438 2458 2470 amove-

1448 2485 1508 2531 ri,
1537 2484 1598 2526 vel
1629 2483 1726 2525 alias
1755 2483 1983 2533 molestari,
2008 2484 2266 2538 perturbari,
2298 2484 2455 2538 inquie-

1448 2542 1521 2584 tari
1546 2541 1831 2598 quoquomodo
1846 2540 2016 2596 possint,
2039 2543 2304 2593 austoritate,
2328 2542 2367 2582 δε
2385 2553 2452 2584 te-

1446 2614 1546 2645 nore
1572 2599 1817 2654 praesentium
1835 2599 2003 2654 praefatis
2021 2601 2281 2643 concedimus
2296 2626 2310 2647 ,
2332 2601 2371 2640 &
2388 2601 2452 2641 in-

1446 2660 1683 2713 dulgemus=
1712 2671 1756 2698 ac
1789 2668 2082 2711 praetereatam
2108 2658 2194 2712 ipfis
2223 2659 2456 2708 Fratribus,

1445 2716 1561 2773 quam
1577 2714 1888 2772 quibuscumque
1911 2731 2053 2758 eorum
2082 2717 2394 2772 Superioribus,
2417 2717 2457 2759 δε

1446 2773 1564 2826 aliis,
1597 2787 1647 2817 ne
1673 2774 1820 2829 aliquid
1852 2776 1890 2816 in
1909 2775 2002 2817 dieti
2018 2775 2246 2818 Monasterii
2271 2772 2422 2815 fabrica
2438 2801 2452 2824 ,

1449 2829 1513 2873 seu
1537 2835 1782 2875 ornamentis
1808 2845 1966 2875 mutare
1995 2833 2160 2888 possint,
2189 2830 2376 2888 expresse
2391 2832 2456 2873 in-

1450 2890 1713 2941 terdicimus,
1738 2893 1778 2932 &
1799 2892 2052 2944 prohibemus
2070 2920 2081 2932 .
2192 2940 2195 2943 Δ

1507 2949 1711 3006 roirca
1737 2948 1902 2989 Dilectis
1929 2950 2037 2991 Filiis
2061 2953 2186 2991 Sacrae
2207 2948 2344 2990 Eremi
2362 2949 2456 2991 Bea-

1448 3014 1494 3047 tae
1512 3006 1673 3055 Mariae,
1697 3007 1736 3047 δι
1764 3006 1910 3048 Montis
1937 3007 2186 3061 Angelorum
2209 3005 2454 3057 Abbatibus,

1449 3078 1492 3105 ac
1522 3064 1701 3106 Henrico
1731 3066 1893 3105 Decano
1917 3063 2117 3107 Uraniensi
2147 3078 2219 3118 per
2243 3063 2455 3118 praesentes

1449 3122 1735 3163 committimus
1747 3148 1760 3170 ,
1775 3123 1810 3162 δι
1825 3121 2078 3172 mandamuS,
2091 3133 2134 3165 ut
2148 3122 2217 3178 ipsi
2233 3150 2245 3171 ,
2262 3122 2325 3165 vel
2342 3122 2422 3165 duo
2435 3150 2451 3173 ,

1448 3190 1514 3220 aut
1543 3193 1641 3221 unus
1662 3192 1801 3222 eorum
1829 3194 1898 3235 per
1923 3177 1988 3231 se,
2021 3181 2083 3222 vel
2112 3195 2184 3236 per
2212 3180 2336 3231 alios,
2364 3182 2454 3231 uti,

1447 3237 1659 3293 &quando
1672 3252 1770 3294 opus
1795 3238 1945 3292 fuerit,
1977 3239 2183 3295 praesentes
2210 3240 2388 3289 litteras,
2415 3241 2455 3281 &

1447 3296 1488 3337 in
1512 3296 1566 3338 eis
1594 3307 1781 3340 contenta
1795 3311 2039 3353 quaecunque
2063 3296 2292 3339 solemniter
2320 3297 2452 3352 publi-

1447 3364 1611 3405 cantes,
1641 3354 1756 3398 die'tis
1784 3356 1988 3398 Fratribus
2006 3386 2020 3408 ,
2050 3357 2089 3396 &
2113 3357 2346 3398 Conventui
2379 3355 2450 3398 iit-2

1446 3413 1643 3468 praemiffis
1655 3413 1824 3459 efficacis
1838 3411 2074 3456 defensionis
2090 3414 2266 3470 praesidio
2282 3409 2451 3454 assisten-

1445 3481 1506 3512 tes
1522 3499 1536 3522 ,
1567 3469 1710 3514 faciant
1723 3487 1792 3515 eos
1807 3470 2088 3528 praemissorum
2103 3471 2337 3515 eorumdem
2354 3471 2450 3513 effe-

1445 3533 1507 3571 ctu
1526 3530 1688 3584 pacifice
1706 3531 1807 3579 frui,
1838 3531 2092 3586 &gaudere,
2125 3545 2202 3573 non
2218 3531 2452 3587 permitten-

1444 3598 1501 3630 tes
1516 3603 1581 3630 eos
1596 3589 1764 3644 desuper
1779 3589 1798 3630 ἔι
1818 3589 2022 3644 quopiam,
2039 3590 2175 3646 quavis
2192 3590 2451 3638 auetoritate,

1443 3647 1748 3701 quomodolibet
1774 3647 1998 3697 molestari,
2029 3648 2346 3691 contradittores
2379 3660 2449 3703 pet·

1444 3706 1624 3749 censuras
1637 3735 1650 3757 ,
1673 3708 1712 3747 δι
1726 3720 1850 3761 paenas
1866 3706 2159 3749 Ecclesiasticas
2171 3735 2183 3757 ‚
2210 3707 2366 3762 aliaque
2382 3719 2454 3760 op·

1441 3775 1613 3822 portuna
1639 3764 1760 3823 juriS,
1786 3766 1825 3823 ᾅτ
1842 3762 1931 3824 sacti
1946 3767 2120 3813 remedia
2137 3795 2151 3819 ,
2177 3766 2449 3823 appellatione

2242 3825 2396 3881 postpo-
