2658 4256
983 225 1579 348 Tyrolenstr.

263 362 348 410 bris
371 375 405 429 iu
422 375 452 403 n
466 374 488 403 e
506 376 529 406 c
542 360 602 406 xx'
615 375 638 407 x
657 374 697 407 ι.
726 359 991 407 pontificatus
1022 362 1158 407 Nostri
1186 365 1274 407 An-

267 434 318 466 no
338 433 502 478 primo.
711 442 713 445 -

721 540 765 583 1².
782 536 908 582 Card·
923 533 1128 579 oliverius
1139 562 1153 576 .

325 651 496 711 E‘xempl.
515 655 640 700 ΑΜΒ.
671 654 714 696 in
731 653 851 696 Arcb.
871 654 1048 709 generals*
1063 651 1161 698 ord.
1181 654 1263 697 Ar*-

370 721 496 758 maerto
510 713 727 759 Provincla
735 710 978 766 Tyroienfis.

545 841 960 910 NOTA.

365 990 576 1033 Uanturnvis
607 987 745 1026 Vienna
774 985 919 1025 feliciter
950 988 1133 1032 negotium
1162 985 1264 1026 fuerit

399 1038 600 1078 conclusum
619 1060 631 1082 ‚
654 1036 719 1072 fuit
736 1045 851 1074 tamen
865 1036 1031 1073 executio
1047 1037 1103 1072 vel
1118 1035 1262 1081 impedi·

253 1100 310 1132 te,
330 1090 387 1125 vel
406 1087 522 1135 potius
540 1084 696 1133 suspensa
711 1108 725 1129 ‚
750 1085 855 1132 usque
869 1085 909 1120 ad
934 1094 1085 1131 tempus,
1106 1083 1204 1131 quod
1218 1084 1262 1120 se'·

251 1147 398 1189 quentes
411 1135 600 1182 fignificant
612 1133 745 1173 Littera
757 1133 983 1181 Apostolice.

486 1262 1260 1287 W·—

254 1362 491 1415 Miffiones
525 1365 736 1413 Fratrum
755 1362 800 1410 in
829 1358 1026 1410 Dioecesi
1043 1359 1260 1411 Salisbur·

323 1430 448 1505 genfi
476 1430 727 1490 institutas,
752 1447 998 1497 earumque
1016 1433 1134 1500 leges
1151 1467 1165 1487 ,
1182 1430 1258 1480 seu

321 1502 567 1562 Articulos
583 1501 609 1549 ὲ
629 1505 675 1551 S.
692 1502 1067 1572 congregatione
1083 1502 1138 1550 de
1151 1505 1259 1552 Pro-

321 1571 528 1642 paganda
551 1571 658 1622 Fide
675 1573 949 1641 approbatos
965 1570 1223 1623 confirmat.

287 1703 689 1754 CLEMENS
769 1705 985 1751 PAPA
1065 1704 1219 1752 XII.

433 1829 703 1889 Adfaturam
726 1831 787 1871 rei
814 1832 1039 1872 memoriam
1054 1856 1066 1869 .

350 1948 536 1992 Astorum
557 1947 749 2002 Princeps
772 1945 880 2007 Jesus
894 1946 1076 1989 Christus
1093 1974 1107 1998 ‚
1137 1945 1253 2002 cujus

364 2007 544 2063 suprema
566 2005 605 2047 in
620 2008 846 2049 Catholicae
861 2005 1046 2048 Ecclefiae
1061 2018 1255 2060 procura-

249 2069 364 2108 tione
382 2067 490 2107 vices
504 2091 519 2114 ‚
545 2077 618 2118 per
644 2065 840 2108 ineffabile
858 2063 1013 2106 Divinae
1029 2064 1255 2106 Providen—

251 2122 315 2167 tiae
332 2123 535 2165 confilium
548 2149 561 2172 ,
577 2119 797 2166 infirmitati
810 2122 952 2166 nostrae
966 2122 1225 2165 demandatas
1236 2152 1250 2174 ,

251 2181 371 2238 plane
384 2182 642 2223 immerentes
657 2208 671 2231 ‚
691 2185 776 2224 Nos
790 2181 966 2237 gerimus
980 2207 993 2229 ,
1021 2195 1065 2223 ea
1083 2180 1251 2224 Pontifi-

249 2241 354 2282 cium
373 2241 540 2283 animum
557 2239 734 2282 nostrum
747 2267 761 2290 s
787 2242 825 2282 in
841 2239 980 2282 ovibus
1000 2238 1069 2281 suo
1085 2241 1251 2294 Sangui-

247 2313 298 2341 ne
327 2297 572 2352 redemptis,
600 2298 639 2338 &
663 2312 737 2353 per
753 2299 855 2340 viam
871 2307 1029 2340 aeternae
1047 2299 1250 2354 perditio.

246 2359 306 2399 nis
331 2356 590 2413 pergentibus
621 2355 667 2398 ad
694 2358 968 2400 orthodoxum
993 2355 1105 2400 ovile
1132 2357 1250 2400 redu-

248 2416 384 2459 cendis
410 2414 654 2467 sollicitum,
681 2416 842 2459 caelestis
874 2415 1156 2460 consolationis
1178 2431 1247 2458 co-

245 2474 340 2531 pia,
366 2474 560 2517 &laetitiae
585 2473 858 2528 magnitudine
881 2476 1090 2517 cumulare
1105 2476 1247 2531 digna-

245 2543 309 2576 tus
324 2534 378 2577 est
391 2562 405 2585 ‚
430 2542 474 2575 ut
488 2530 633 2587 gaudio
646 2530 1012 2589 superabundantes
1027 2533 1246 2577 incredibi-

246 2594 300 2642 li,
325 2591 535 2648 jubilemus
554 2593 642 2633 Deo
656 2592 695 2634 in
714 2605 813 2634 voce
828 2592 1103 2635 exultationis.

300 2650 340 2699 ξ.
377 2664 409 2694 ι.
470 2651 587 2691 Enim
604 2651 703 2693 vero
718 2652 973 2693 Venerabilis
992 2653 1130 2694 Frater
1146 2653 1248 2694 Leo-

248 2707 419 2764 poldus,
443 2707 779 2764 Archiepiscopus
804 2709 1110 2765 salisburgensis
1133 2735 1147 2758 2
1173 2723 1247 2760 pro

247 2766 394 2808 eximia
417 2767 568 2819 pietate
589 2765 652 2806 sua
666 2791 680 2813 a
704 2767 1248 2822 fingulariOrthodoxaeRe-

243 2823 406 2879 ligionis
436 2821 558 2871 zelo,
588 2821 765 2876 injuncto
797 2825 1002 2867 pastoralis
1037 2825 1247 2868 Ministerii

246 2895 412 2926 munere
443 2878 668 2923 custodiens
700 2881 855 2936 vigilias
885 2882 1000 2935 super
1029 2898 1150 2937 grege
1180 2884 1247 2925 fibi

247 2938 450 2986 commisso
465 2967 478 2989 ,
502 2938 650 2981 summa
670 2953 759 2980 cum
776 2940 945 2980 nominis
966 2940 1021 2981 sui
1036 2940 1180 2988 laude,
1196 2940 1248 2980 la·

246 3000 408 3043 boribus
425 2996 606 3054 plurimis
621 3025 634 3047 ,
648 3011 694 3039 ac
711 2996 927 3052 dispendiis
943 3011 990 3039 ex
1007 2997 1070 3038 sua
1082 3026 1095 3047 ,
1117 2998 1154 3037 in
1172 3011 1248 3048 qua

244 3056 603 3103 commorabantur
619 3083 630 3106 ,
646 3055 874 3108 amph'ffima
896 3057 1070 3097 Dioecess
1086 3055 1221 3106 eieftis
1234 3082 1248 3103 2

248 3130 294 3158 ac
309 3116 451 3170 procul
465 3113 634 3168 expulfis
659 3114 799 3170 viginti
817 3115 974 3156 duobus
989 3114 1166 3156 millibus
1185 3142 1198 3164 ,
1213 3115 1252 3155 δι

247 3174 415 3229 amplius
431 3173 637 3216 Haereticis
650 3202 663 3225 ‚
680 3175 916 3215 eorumdem
934 3175 1081 3215 Terras
1096 3173 1248 3214 Catho-

243 3233 331 3276 licae
347 3233 459 3276 Fidei
475 3229 717 3274 Cultor-ibus
743 3231 979 3274 habitandas
995 3231 1193 3273 attribuit.

304 3293 342 3342 ξ.
374 3306 412 3334 2,
471 3291 670 3332 Praeterea
691 3291 837 3332 veritus
851 3317 864 3336 2
880 3303 931 3331 ne
945 3290 1141 3345 temporis
1157 3302 1251 3344 pro-

247 3349 351 3392 eeffu
379 3347 646 3405 perditiffimis
671 3349 892 3390 hominibus
916 3349 1096 3403 antiquas
1124 3347 1250 3390 Sedes

248 3409 414 3451 subleste
442 3408 718 3461 repetentibus
743 3435 757 3458 ,
781 3408 820 3449 &
848 3406 998 3449 ibidem
1027 3420 1130 3450 nova
1153 3421 1248 3448 exe-

248 3466 404 3509 erandae
429 3467 581 3508 haerefis
608 3465 753 3508 semina
784 3465 948 3508 occulte
976 3464 1248 3521 spargentibus

244 3525 400 3588 iterurq
415 3525 498 3568 illic
518 3525 711 3581 pestiferae
737 3524 881 3580 segetis
895 3524 1076 3579 germina
1089 3523 1248 3566 sobole-

246 3581 400 3626 scerent
415 3612 429 3634 ,
442 3593 488 3626 ut
503 3595 572 3626 aut
588 3585 767 3640 nequitia
779 3583 954 3626 elidatur
965 3613 979 3635 ,
995 3582 1245 3640 opportune,

246 3641 370 3684 nullis
387 3656 548 3696 parcens
561 3643 761 3686 industriis
778 3672 791 3694 ‚
814 3645 850 3684 &
869 3640 1086 3696 sumptibus
1106 3642 1244 3697 provi-

249 3700 345 3742 dere
361 3700 505 3743 studuit
520 3730 531 3742 .
565 3704 680 3744 Inter
695 3713 851 3746 caeteras
866 3711 1000 3745 autem
1024 3699 1242 3744 utilissimas

245 3759 509 3814 providentiae
522 3759 593 3806 suae
614 3764 660 3806 ad
679 3761 898 3816 susceptum
911 3759 1243 3804 saluberrimum..

243 3831 342 3875 opus
358 3817 651 3877 conficiendum
673 3820 790 3866 initas
808 3819 984 3863 rationes
1006 3820 1076 3863 illa
1100 3820 1139 3861 in
1161 3818 1243 3873 pri·

2115 262 2272 346 14³

1332 363 1407 405 mis
1434 362 1707 414 maximopere
1738 362 2058 406 commendanda
2083 392 2098 414 ‚
2133 370 2240 420 quod
2271 371 2336 413 sex

1329 430 1542 476 perpetuas
1557 417 1759 463 Miffiones
1775 421 1798 461 ὲ
1821 421 2029 477 Religiofis
2050 423 2156 464 Viris
2183 426 2337 479 aliquot

1329 479 1596 535 Regularium
1616 475 1814 519 Ordinum
1832 505 1844 527 ,
1866 480 1903 519 &
1924 482 2202 524 institutorum
2230 483 2336 525 intra

1329 537 1581 592 praescriptos
1595 533 1618 590 (
1632 549 1679 578 ne
1690 533 1843 576 diffidia
1861 536 1941 578 ulla
1954 567 1967 589 ,
1982 548 2052 582 aut
2069 540 2246 585 confusio
2262 556 2335 583 un-

1325 609 1445 649 quam
1459 596 1557 637 oriri
1573 592 1747 650 poffint)
1766 591 1915 635 limites
1931 624 1945 646 ‚
1959 596 2029 639 sub
2047 599 2249 641 nonnullis
2266 601 2334 641 abs

1321 652 1363 694 se
1392 653 1514 695 editis
1533 651 1764 708 Capitulis,
1794 654 1970 706 regulis,
1996 657 2036 701 ὃς
2061 655 2215 712 legibus
2240 670 2331 698 om-

1322 710 1419 752 nino
1446 710 1692 765 peragendas
1718 708 1982 763 fundaverit,
2006 714 2329 770 institueritque‚

1323 782 1369 809 ac
1385 767 1608 811 necessariis
1623 767 1848 810 redditibus
1862 794 1877 816 2
1901 770 1942 815 δι,
1964 771 2245 816 emolumentis
2268 775 2333 817 di-

1324 827 1475 869 taverit
1492 856 1503 867 .
1536 829 1636 884 Qiae
1649 826 1814 883 quidem
1838 828 1969 869 omnia
1982 830 2329 888 Capitula2regu-

1323 884 1398 936 lae,
1428 883 1592 939 &leges
1616 889 1706 927 sunt
1737 885 1921 940 tenoris,
1943 888 2011 942 qui
2034 886 2238 944 sequitur,
2272 892 2332 934 vi-

1323 944 1503 991 delicet:

1324 1060 1560 1112 Miffiones
1585 1060 1631 1109 in
1666 1059 1864 1111 Dioecefi
1895 1061 2225 1131 Salisburgenfi
2253 1082 2331 1114 no-

1394 1130 1571 1183 viffime
1605 1130 1844 1183 institutae.

1380 1252 1418 1301 ᾧ.
1435 1266 1472 1307 3.
1499 1255 1529 1293 Ι.
1546 1252 1622 1292 Pro
1643 1253 1707 1292 ΡΙ).
1725 1253 1933 1307 Capucim's
1960 1253 2004 1292 in
2020 1252 2169 1307 oppido
2183 1280 2198 1303 ‚
2223 1252 2272 1300 ίξῒ

1436 1307 1678 1366 PraefibJura
1689 1309 1914 1366 Werthenfi
1921 1310 2001 1351 und
2015 1324 2100 1353 cum
2115 1314 2216 1354 Prae-

1465 1367 1640 1428 sebJurt's
1654 1368 1696 1410 in
1708 1369 1891 1427 Abtcrzau
1903 1397 1917 1420 ‚
1934 1369 1982 1416 δ’
1999 1371 2173 1426 Golling.

1317 1474 1413 1526 Nos
1442 1477 1671 1543 Leopoldus
1689 1480 1777 1527 Dei
1788 1482 1934 1546 gratia
1954 1467 2293 1544 Archiept'fio'pus
2312 1484 2328 1536 ,⁴

1384 1555 1438 1598 Εἴ
1461 1548 1654 1614 Princeps
1685 1546 2032 1614 salisburgeqfi's,
2064 1545 2221 1596 SanHae
2255 1547 2290 1595 S
2290 1568 2326 1595 e·

1383 1619 1449 1667 dis
1474 1618 1927 1686 ApostolicaesLegatus
1943 1616 2087 1666 Natus
2106 1655 2122 1678 ,
2159 1626 2211 1668 ἐφ’
2232 1619 2328 1668 Pri-

1385 1705 1473 1737 mas
1503 1689 1733 1739 Germanice
1746 1696 1836 1739 &c-

1318 1857 1321 1859 —
1375 1828 1412 1877 ᾧ.
1445 1841 1487 1882 4..
1549 1830 1748 1891 Qamvis
1772 1833 1858 1871 Nos
1889 1827 2029 1872 divini
2055 1828 2215 1871 favente
2242 1829 2327 1872 cle-

1314 1886 1465 1929 mentizi
1490 1888 1540 1929 ad
1557 1887 1914 1943 Archiepiscopale
1934 1889 2093 1931 Solium
2112 1889 2243 1932 evee'ti
2257 1916 2272 1939 ,
2304 1890 2326 1930 i

1314 1947 1442 2003 prima
1467 1948 1639 1990 ineuntis
1656 1947 1880 2003 Regiminis
1896 1948 2096 1991 nostridie
2119 1949 2325 2004 antiquius

1315 2005 1413 2047 nihil
1429 2019 1603 2061 unquam
1615 2007 1895 2057 habuerimus,
1929 2008 2050 2061 quarn
2067 2007 2297 2061 Religionis
2311 2035 2324 2058 ‚

1313 2066 1353 2106 &
1370 2066 1596 2110 Catholicae
1618 2065 1730 2108 Fidei
1760 2066 1899 2108 nostrae
1925 2078 2088 2114 curam,
2116 2080 2200 2122 quae
2223 2066 2324 2107 sem-

1313 2137 1416 2179 per,
1440 2125 1639 2182 &ubique
1655 2125 1766 2166 omni
1783 2138 1895 2178 aevo2
1925 2124 1962 2166 in
1990 2125 2098 2167 omni
2116 2125 2321 2180 Imperio,

1311 2183 1471 2237 &apud
1499 2198 1795 2241 quamcumque
1820 2191 1983 2241 gentem
2000 2183 2196 2240 praecipua
2211 2182 2318 2230 fuit,

1310 2244 1672 2299 quaeque.seeurum
1687 2243 1742 2285 est
1755 2244 1915 2299 publice
1932 2241 2141 2284 felicitatis.
2153 2243 2317 2297 pignus,

1309 2299 1424 2355 cujus
1439 2299 1690 2345 firmamento
1705 2303 1803 2344 stant
1819 2304 1963 2356 Regna
1976 2327 1990 2349 ‚
2022 2300 2318 2343 conservantur

1310 2359 1566 2413 Principatus
1579 2390 1592 2411 ‚
1606 2361 1871 2403 continentur
1888 2358 2061 2410 subditi,
2090 2359 2319 2412 omnigeni-

1309 2433 1388 2474 que
1403 2418 1498 2463 boni
1518 2418 1751 2461 tutiffimum
1776 2417 1831 2460 est
1846 2417 2023 2463 fulcrum
2039 2445 2052 2468 ‚
2080 2418 2239 2459 tanturn
2255 2428 2316 2459 ta-

1308 2491 1400 2519 men
1416 2476 1545 2521 abfuit
1562 2507 1574 2530 ,
1600 2489 1644 2520 ut
1660 2476 1812 2520 haerefis
1827 2505 1841 2528 ‚
1864 2475 1981 2521 hostis
1995 2475 2082 2533 ejus
2096 2475 2318 2532 pernicifli-

1309 2538 1658 2587 mus,vinceretur
1673 2566 1686 2588 ,
1717 2546 1760 2579 ut
1784 2536 1917 2591 potius
1934 2534 2086 2578 animus
2098 2534 2316 2582 meminiffe

1309 2597 1481 2638 horreat
1508 2624 1522 2646 ‚
1566 2595 1724 2652 ipsaque
1764 2593 1934 2648 refugiat
1975 2595 2110 2636 oratio
2150 2595 2316 2636 teterri-

1306 2669 1415 2695 mum
1431 2654 1531 2697 illud
1554 2656 1705 2697 bellum
1724 2683 1735 2704 ‚
1764 2653 1872 2708 quod
1889 2664 2107 2708 eapropter
2124 2652 2315 2699 adversus

1310 2716 1394 2756 Nos
1407 2739 1421 2760 ι,
1434 2714 1690 2756 Catholicam
1706 2712 2024 2766 Religionem2&
2041 2711 2313 2766 Principatum

1309 2773 1431 2825 ipsum
1462 2769 1612 2813 inferre
1636 2770 1846 2812 tentaitunt
1881 2769 2034 2821 ipsimet
2060 2768 2206 2810 subditi
2233 2784 2309 2811 no-

1308 2830 1376 2871 stri
1406 2859 1420 2879 ‚
1454 2831 1548 2870 dum
1586 2841 1780 2882 exurgens
1810 2824 2016 2867 noviffime
2048 2824 2169 2868 fatale
2196 2841 2309 2870 mon·-

1311 2889 1431 2929 strurn
1458 2901 1505 2928 ex
1522 2886 1708 2927 omnibus
1724 2883 1972 2939 pristinarum
1999 2883 2188 2928 haeresum
2211 2901 2308 2928 con-

1310 2954 1467 2986 cretum
1483 2973 1495 2993 ‚
1527 2944 1693 2995 stragem
1710 2941 1790 2983 late
1807 2947 2016 2986 Sacrorum
2034 2943 2122 2986 tota‘i
2140 2945 2308 2988 Provin-

1307 3000 1369 3042 εἰέι
1395 3000 1528 3042 nostrii
1543 2997 1832 3049 circumferre,
1863 3015 2051 3045 everrere
2066 3005 2197 3054 Aras,
2229 3002 2309 3044 dis-

1311 3061 1473 3101 turbare
1500 3061 1695 3114 Templa‚
1728 3060 1923 3115 Principis
1953 3061 2202 3116 majestatem
2233 3062 2304 3104 iri.»

1311 3127 1592 3172 contemptum
1607 3147 1620 3168 ‚
1651 3119 1762 3174 hujus
1783 3120 1971 3162 mandata
1998 3121 2036 3160 in
2052 3120 2273 3162 ludibrium
2290 3148 2303 3171 ,

1311 3176 1396 3232 jura
1424 3178 1557 3218 omnia
1585 3177 1759 3229 Divina,
1788 3180 1826 3220 &
1854 3179 2023 3220 humana
2050 3192 2122 3232 per
2148 3178 2304 3220 inaudi-

1313 3246 1396 3276 tum
1416 3233 1596 3278 furorem
1611 3264 1625 3287 ‚
1654 3237 1693 3279 &
1713 3237 1906 3279 vesaniam
1922 3236 2096 3284 nefarie,
2128 3236 2304 3282 &foedi-

1311 3293 1421 3347 frage
1451 3293 1602 3336 violare
1629 3297 1821 3350 parabat,
1853 3294 1952 3339 nihil
1976 3293 2166 3346 sceleris,
2200 3294 2300 3337 nihil

1309 3351 1425 3399 doli,
1458 3352 1555 3394 nihil
1585 3353 1804 3410 iniquitatis
1828 3353 2100 3404 intentatum,
2129 3355 2169 3395 δε
2195 3354 2302 3400 inau-

1311 3410 1392 3455 sum
1410 3409 1642 3467 relinquens
1657 3440 1672 3462 ‚
1703 3423 1747 3455 ut
1775 3414 1812 3453 &
1828 3410 1990 3465 plebem
2013 3412 2208 3467 reliquam
2221 3426 2298 3455 no-

1310 3469 1445 3512 vitatis
1480 3468 1674 3517 illecebri
1709 3481 2037 3524 corrumperetur
2063 3498 2075 3511 .
2109 3470 2297 3517 Pluribus

1306 3524 1457 3570 necesse
1486 3528 1589 3572 haud
1616 3530 1671 3572 est
1698 3544 1782 3572 rem
1811 3529 2068 3583 exprimere,
2099 3529 2188 3586 q'uia
2215 3531 2296 3571 haec

1304 3599 1375 3641 per
1402 3583 1439 3629 se
1456 3586 1611 3643 liquet,
1642 3590 1682 3629 &
1710 3589 1930 3644 loquuntur
1946 3586 1985 3628 id
2006 3586 2123 3637 satis,
2153 3588 2295 3633 &ela-

1301 3652 1412 3687 mant
1441 3655 1505 3687 tot
1532 3647 1693 3701 publica
1710 3650 1822 3695 acta,
1854 3655 1916 3686 tot
1936 3645 2109 3703 desuper
2135 3647 2295 3690 habita-

1305 3717 1393 3745 rum
1423 3705 1730 3759 Inquisitionum
1755 3703 1996 3759 volumi0a3¹
2036 3705 2156 3751 obliti
2195 3703 2293 3750 vero

1304 3760 1409 3804 haud
1424 3760 1556 3806 sumus
1573 3791 1587 3814 ‚
1600 3765 1668 3819 qui
1683 3773 1777 3806 tunc
1791 3761 1988 3806 sermones
2006 3765 2176 3806 hostium
2189 3788 2203 3809 ³
2225 3761 2291 3816 qui

1301 3834 1487 3865 rumores
1521 3821 1743 3866 amicorum
1778 3821 1914 3865 sorent
1939 3847 1954 3872 ³
1984 3837 2077 3866 cum
2111 3822 2291 3863 dicerent

2105 3880 2239 3936 palam
