2658 4256
432 192 551 303 64
1080 189 1676 279 “Provincia

356 345 499 396 genere
527 341 646 374 natus
663 362 674 375 .
713 325 748 374 S
748 329 861 375 exies
900 326 1045 375 cecidit
1064 325 1189 394 fitper
1218 344 1302 374 eum
1321 327 1415 393 sors
1434 321 1782 375 Provincialatas
1796 358 1812 383 ,
1847 326 1893 373 in
1923 326 2038 389 quus
2067 326 2270 378 licei-citio
2282 324 2449 394 fiaem'm‘a

368 398 424 447 Ei
439 417 531 446 cura
547 397 644 465 fitit
655 433 670 455 ,
706 413 751 445 ut
773 403 1023 465 primaevum
1052 398 1226 447 Ordinis
1254 402 1429 465 rigorem
1448 432 1463 455 ‚
1499 400 1544 444 in
1556 395 1852 462 simplicitatis
1874 397 1928 443 &⁰
1949 403 2206 461 paupertatis
2235 400 2349 447 cultu
2380 419 2446 449 cu-

368 469 545 518 fiodiret
557 504 571 526 ‚
591 468 736 536 forma
758 476 897 538 gregis
909 469 1048 534 saihs
1074 487 1127 517 ex
1146 472 1279 516 animo
1294 504 1309 526 ,
1338 466 1578 518 venerabili
1600 471 1751 514 canitie
1766 502 1781 524 ,
1806 466 1926 534 ficit
1947 467 2230 518 anachoretici?
2243 506 2260 529 ,
2285 488 2444 528 morum

363 544 613 609 gravitate,
640 541 695 587 (Υ
729 542 819 595 zelo
839 540 1075 606 Apostolico
1094 537 1320 606 petfiiiam
1350 544 1438 603 ejus
1460 543 1670 589 virtutem
1697 539 1924 600 pandente.
2382 536 2408 553 ³

507 610 584 658 Fr.
602 609 814 677 Perftc‘lus
832 611 1147 679 Conflantienfi's
1163 645 1179 668 ,
1208 613 1372 676 pariter
1404 612 1458 657 ὠ·
1487 625 1631 678 quater
1657 609 1947 659 Provincialis
1967 645 1983 667 ,
2018 626 2189 672 nomen,
2226 614 2336 680 quod
2359 614 2447 681 gefi

351 681 418 750 fit
437 718 451 739 ,
488 697 604 747 opere
629 683 823 748 exprfft
844 719 858 740 ,
892 683 977 731 Dei
998 719 1014 741 ,
1040 700 1087 730 ac
1116 682 1308 748 Deiparae
1333 685 1462 731 mirus
1497 681 1656 729 cultor.
1697 676 1748 727 In
1765 681 2074 745 conversatione
2088 681 2182 729 dum
2209 685 2306 747 agni
2321 684 2446 748 fimi·¹

366 753 582 801 litudinem
606 753 888 820 praeseserebat
907 789 923 812 ,
951 755 1101 803 leonem
1122 753 1172 820 J}
1191 752 1370 818 praebuit
1386 788 1403 811 ,
1439 751 1512 800 ubi
1535 753 1714 800 muneris
1740 754 1849 799 ratio
1877 753 1928 801 id
1948 755 2113 819 exegit.
2147 748 2346 816 Tempore
2364 758 2445 803 m‘i

365 822 592 871 bulationis
620 823 798 887 adjuvit
829 829 1009 872 oratione
1031 825 1112 891 fita
1132 824 1334 890 plurimos
1354 859 1369 882 ,
1403 824 1458 871 &²
1492 822 1592 871 aliis
1602 820 1764 893 flaura
1781 857 1796 881 ,
1817 821 1985 893 sibique
2016 837 2186 873 mortem
2208 822 2444 890 praedixit,

366 912 487 962 quam
505 893 622 960 sorte
652 898 759 945 vitae
787 894 982 963 perfebiae
1018 895 1278 962 confintanea
1299 897 1475 960 oppetiit
1492 930 1504 942 .
1570 932 1579 942 .
2438 902 2441 903 ’

515 963 703 1013 Virtutis
730 968 930 1029 exemplis
945 971 1081 1033 jungo
1123 966 1246 1014 Viros
1274 965 1419 1036 officiis
1447 965 1624 1014 Ordinis
1655 965 1884 1032 conspicuos
1906 1001 1918 1014 .
1955 964 2101 1015 Claret
2131 968 2176 1013 in
2204 964 2444 1033 Religionis

351 1034 480 1103 filiis
516 1034 594 1083 Fr.
614 1035 807 1103 Angelici
836 1035 1124 1104 Wolfflicensz’s
1150 1037 1281 1103 fitpra
1324 1040 1537 1086 memorati
1575 1054 1716 1084 nomen
1742 1071 1758 1094 ‚
1794 1032 1905 1104 quod
1937 1037 1992 1085 <J
2023 1037 2110 1105 ipsa
2132 1036 2223 1085 laus
2248 1039 2337 1101 ejus
2362 1037 2444 1102 est,

367 1108 454 1155 c'um
479 1106 537 1155 ad
559 1110 758 1155 rationem
792 1112 880 1171 ejus
897 1143 911 1165 ,
941 1112 1084 1158 vitam
1112 1106 1329 1155 infiituere
1350 1108 1512 1175 semper
1526 1106 1733 1174 studuerit
1757 1142 1774 1165 ,
1811 1109 1906 1155 hinc
1935 1126 2012 1155 non
2026 1108 2167 1174 filiam
2198 1106 2256 1155 ad
2280 1106 2449 1173 Defi'nii

364 1181 471 1225 toris
487 1212 501 1234 ,
537 1176 812 1245 Commiffiwii
827 1214 843 1234 ,
879 1183 933 1225 &
972 1177 1131 1225 Vicarii
1157 1177 1374 1227 Generalis
1407 1178 1541 1247 officia
1566 1177 1787 1246 aſjitmptus
1803 1212 1819 1234 ,
1846 1177 1926 1244 sed
1955 1181 2078 1226 etiam
2111 1176 2163 1226 ab
2184 1176 2446 1244 Angustissi-

364 1265 429 1296 mo
459 1245 710 1311 Imperatore
735 1246 940 1311 Leopoldo
955 1247 1147 1313 praesenti
1180 1248 1417 1313 Principum
1452 1265 1601 1295 coronae
1616 1283 1633 1305 ,
1667 1265 1737 1295 ceu
1764 1266 1881 1298 ‘verae
1897 1251 2084 1297 virtutis
2102 1248 2317 1312 exemplar
2331 1265 2444 1299 mon-

354 1318 511 1384 stratus
530 1317 595 1363 efl
619 1315 794 1365 verbis:
834 1319 950 1364 Ecce
981 1334 1112 1366 verus
1143 1316 1347 1368 Israelita
1365 1356 1381 1378 ,
1413 1321 1456 1367 in
1487 1334 1576 1385 quo
1606 1317 1740 1366 dolus
1770 1334 1861 1366 non
1891 1316 1982 1367 est.

504 1385 641 1434 Habet
672 1389 716 1433 in
742 1387 957 1451 praefintia
981 1391 1025 1434 in
1051 1386 1362 1451 Definitoratics
1388 1424 1404 1447 ,
1439 1395 1493 1438 &
1529 1385 1884 1454 Commiffiiriatsts
1920 1389 2139 1438 Generalis
2171 1405 2332 1436 munere
2369 1387 2442 1437 Se-

365 1456 560 1507 Hatorem
588 1456 662 1504 Fr.
682 1454 1072 1506 Maximilianum-ci
1087 1457 1326 1524 Wanghena
1338 1493 1353 1515 ,
1390 1463 1507 1521 cujus
1519 1462 1709 1506 meritum
1723 1464 1744 1518 (
1755 1474 1908 1525 praeter
1922 1477 1968 1507 ea
1984 1495 2001 1518 ,
2035 1477 2122 1528 quae
2141 1457 2442 1519 laudabiliter,

363 1534 418 1577 ¹&
432 1525 615 1594 sortiter
634 1560 648 1582 ,
686 1527 769 1576 vel
798 1529 842 1574 in
854 1525 1059 1593 fhvorem
1076 1528 1250 1576 Ordinis
1265 1562 1281 1585 ,
1308 1529 1392 1577 vel
1405 1527 1745 1578 Provinciarum
1769 1564 1784 1585 ,
1815 1530 2042 1595 presertim
2066 1530 2406 1580 Germanicarum
2420 1565 2441 1588 ,

361 1597 415 1646 ab
446 1615 488 1644 eo
512 1596 603 1645 aila
627 1600 865 1657 nominatim
894 1597 1126 1664 &sparsim
1155 1613 1347 1646 memorat
1369 1600 1539 1664 presens
1555 1597 1745 1646 Bullarii
1763 1605 1899 1665 opus)
1933 1603 2028 1665 apte
2055 1599 2305 1665 compendiat
2343 1599 2443 1665 sola

361 1666 571 1733 reflexio,
610 1668 720 1736 quod
738 1671 894 1734 ingenti
912 1666 993 1734 fidi
1027 1666 1226 1733 industria
1256 1668 1416 1735 causam
1454 1667 1501 1716 S.
1527 1666 1750 1731 Martyris
1782 1669 1943 1717 Fidelis
1971 1671 2032 1718 ad
2054 1667 2406 1736 ‘Beatificationis
2421 1703 2441 1727 ,

360 1740 417 1787 ὁ·
452 1737 788 1793 Canonizationis
814 1741 1030 1786 terminum
1046 1739 1164 1805 solus
1186 1738 1432 1803 produxerit
1447 1773 1463 1795 ,
1498 1741 1562 1785 ita
1597 1738 1786 1804 quidem,
1825 1753 1872 1785 ut
1889 1738 2039 1805 forsan
2072 1758 2115 1786 eo
2143 1758 2221 1786 non
2251 1737 2440 1788 laboran-

360 1823 432 1868 te,
469 1807 640 1874 Religio
670 1808 826 1856 Filium
848 1810 969 1874 fisum
987 1809 1118 1875 supra
1142 1807 1388 1875 saniiitatis
1413 1807 1695 1857 candelabrum
1718 1808 1894 1876 ptfitum
1924 1827 2003 1856 non
2037 1808 2294 1875 conspiceret.
2429 1822 2433 1825 '

503 1876 670 1944 Profiaeit
706 1880 788 1926 haec
821 1878 1052 1928 Provincia
1068 1913 1082 1936 ,
1112 1881 1167 1926 (θ’
1191 1879 1291 1926 aliis
1322 1880 1498 1928 Ordinis
1535 1879 1808 1936 Provinciis-¹,
1832 1880 1926 1928 dum
1963 1879 2024 1927 hae
2051 1879 2102 1928 ab
2132 1879 2211 1927 illa
2243 1879 2439 1946 Commis-

350 1948 491 2018 Jarios
514 1946 688 1997 habuire
718 1949 965 1999 Generales.
1000 1948 1202 1998 Exercitit
1234 1950 1310 1996 hoc
1340 1967 1479 1999 munus
1516 1949 1593 1997 Fr.
1609 1947 1814 1998 Mathias
1850 1949 2067 2020 Augiensts
2091 1950 2312 2018 praedit‘ius
2336 1948 2437 2000 bina

361 2023 464 2078 viee
487 2021 532 2067 in
564 2018 797 2068 Provincia
817 2018 1299 2087 Rhenano-Colonierfi,
1355 2029 1357 2032 ’

500 2089 577 2139 Fr.
597 2086 872 2154 sigismundus
901 2088 1262 2156 Rottenburgenfis
1282 2125 1296 2147 ,
1313 2089 1599 2140 Provincialis
1614 2124 1629 2147 ,
1646 2092 1690 2136 in
1713 2090 1932 2140 Rhenana.

499 2158 577 2207 Fr.
595 2157 802 2207 Lucianus
818 2158 1154 2232 Monttftntanus
1169 2195 1184 2218 ‚
1216 2160 1523 2218 Provincialis,
1542 2165 1586 2207 in
1603 2159 1850 2211 ‘Provincia
1866 2159 2108 2212 Walloniae.
2443 2211 2448 2216 ,

498 2227 579 2280 fr.
596 2227 817 2295 Angelicus
849 2229 1131 2299 Wolffacensts
1159 2235 1394 2278 enuntiatus
1427 2235 1471 2279 in
1495 2230 1629 2279 eadem
1656 2262 1674 2290 ,
1721 2232 1776 2280 (Y
1797 2229 2053 2298 postmodum
2076 2266 2094 2290 ,
2122 2249 2192 2280 ceu
2219 2228 2435 2299 Definison

638 2298 854 2350 Generalis
871 2336 886 2358 ,
899 2305 943 2350 in
971 2301 1152 2349 Flandro
1168 2298 1389 2369 -‘Belgica.

499 2368 577 2420 fr.
609 2366 856 2437 Theodffus
891 2389 944 2422 ex
967 2369 1097 2419 ‘Bt't‘rs
1110 2407 1125 2430 ,
1158 2369 1470 2427 Provincialis,
1490 2374 1534 2419 in
1560 2371 1778 2420 Bavarica
1791 2405 1804 2419 .

498 2440 577 2488 Fr.
614 2436 792 2488 Marcus
825 2440 1018 2508 Jacobus
1044 2441 1302 2509 Bibracerfis
1318 2476 1333 2498 ,
1364 2441 1655 2490 Provincialis
1673 2476 1688 2497 ,
1720 2444 1765 2488 in
1792 2439 1943 2488 eadem.

498 2509 577 2562 Fr.
608 2510 837 2562 Udalricus
858 2510 1225 2578 Montifontanus,
1263 2511 1480 2577 Definitor
1499 2547 1515 2571 ,
1548 2516 1592 2559 in
1626 2510 1823 2560 Cus‘lodia
1843 2511 2019 2560 Poloniae
2034 2545 2048 2560 .

438 2585 443 2590 ’
503 2580 583 2631 Fr.
615 2581 806 2630 Salomon
828 2581 1093 2650 Villinganus
1109 2617 1125 2645 ‚
1151 2581 1442 2635 Provincialis
1459 2618 1475 2641 ,
1487 2587 1531 2630 in
1548 2581 1778 2633 Provincia
1790 2580 2004 2632 Helvetia
2019 2616 2036 2640 ,
2054 2578 2266 2648 Alsatiam
2285 2579 2337 2628 ab
2352 2581 2439 2644 bae„

629 2652 827 2716 separans
848 2688 862 2702 .
1162 2654 1165 2656 ’
1674 2710 1676 2712 v

500 2719 579 2772 Fr.
598 2717 952 2771 &laximilianus
983 2725 1008 2772 a
1025 2722 1266 2791 Wanghena
1276 2722 1519 2788 praelibatus
1539 2758 1555 2781 ,
1584 2722 1699 2771 illud
1718 2721 1879 2790 quidem
1911 2725 1957 2769 in
1982 2721 2128 2791 Regno
2148 2717 2433 2786 Neapolitano

634 2793 787 2856 incepit
802 2825 818 2848 ,
854 2793 1050 2857 complere
1082 2809 1218 2842 tamen
1245 2797 1290 2842 in
1319 2794 1527 2864 utriusque
1551 2791 1706 2843 Sicilia
1725 2792 1888 2865 Regnis
1905 2797 2047 2857 juxta
2061 2790 2262 2842 Generale
2279 2790 2436 2858 Diplofi

635 2878 702 2910 ma
727 2859 776 2908 ob
806 2859 903 2927 sata
933 2876 1173 2928 temporum>
1196 2868 1394 2932 nequivit
1410 2900 1425 2915 .

642 2999 815 3056 Conflat
847 3001 1077 3071 univerfim
1110 3000 1341 3052 Provincia

774 3119 1062 3170 Conventibus
1096 3136 1240 3174 xxxt.

774 3190 846 3239 Re
863 3191 1031 3240 identiis
1074 3211 1149 3242 tv.

774 3190 1045 3326 Mosnafleriis
1066 3261 1324 3313 Monialium
1339 3261 1636 3330 Capucinarum
1650 3297 1668 3322 ‚
1686 3262 1857 3332 {aarum
1872 3262 2013 3311 curam
2027 3293 2044 3320 ,
2061 3259 2116 3313 Φ
2136 3257 2423 3328 vificationem

837 3331 1066 3400 delegatam
1091 3333 1216 3387 habet
1250 3351 1326 3385 IV·

2270 3839 2365 3886 Pie-
