2658 4256
435 200 478 223 bo

436 310 708 370 Quamlibet
725 302 974 357 divisarum
989 307 1332 358 Provinciarum
1346 335 1362 357 ,

366 386 508 436 tribus
523 382 641 430 votis
654 373 1239 443 inCapitulisGeneralibus
1253 386 1364 438 gau-

366 457 470 506 dere
486 488 501 511 ,
534 449 582 500 δε
598 465 740 497 novas
759 448 803 494 in
823 449 874 495 iis
891 453 1069 496 Domos
1100 443 1188 493 fine
1211 458 1364 490 recur-

367 525 417 576 su
446 522 502 572 ad
526 512 733 570 sanciam
751 517 921 566 Sedem¹
932 516 1155 570 construi,
1184 513 1241 561 ad
1263 516 1361 559 Au-

365 590 600 663 gustiffimi
619 589 912 652 Imperatoris
939 585 1161 654 Leopoldi
1175 582 1266 633 &c.
1295 582 1361 629 in-

363 664 542 714 stantias
583 657 824 726 indulget.
864 654 1126 706 Innocentius
1141 652 1236 706 XI.
1274 670 1361 700 cum

367 749 491 783 nota.
1276 741 1358 771 20·

430 796 674 850 Pontificio
704 793 946 864 Rescripto
965 832 981 856 ,
1019 815 1074 847 ex
1106 795 1358 847 Provinciis

362 870 621 921 Germaniae
646 869 954 916 secretarium
982 885 1088 916 cum
1118 865 1239 916 socio
1267 869 1359 914 Na-

363 941 522 990 tionali
545 941 588 985 in
611 941 821 985 Romana
841 938 1032 987 Ordinis
1063 940 1208 988 Curia
1232 935 1360 986 stabi-

364 1012 434 1062 liri
465 1006 790 1057 confirmatur.
1281 1023 1359 1055 22.

427 1076 670 1145 Rescripto
688 1081 728 1126 A
735 1076 958 1144 postolico
973 1111 988 1135 ‚
1014 1077 1166 1144 gratia
1184 1078 1361 1126 Altaris

362 1165 428 1200 ter
459 1152 502 1199 in
536 1147 781 1215 septimana
805 1145 896 1197 ὅτε.
926 1148 1118 1197 Ordinis
1147 1145 1360 1196 Ecclefiis

364 1219 563 1270 concessa
584 1219 639 1268 ad
656 1215 875 1269 Ecclefias
893 1217 1163 1267 Miffionum
1178 1253 1194 1275 ‚
1210 1216 1258 1269 ὅ(
1274 1222 1359 1268 Re-

362 1290 652 1342 fidentiarum
670 1304 767 1339 tum
786 1289 1089 1356 Regularium
1108 1322 1125 1347 ‚
1157 1302 1257 1340 tum
1275 1292 1360 1340 Sae-

365 1364 590 1411 cularium
608 1359 894 1407 extenditur.
1279 1359 1358 1410 ibi.

427 1434 484 1478 In
515 1431 648 1478 Locis
673 1427 939 1478 Miffionum
955 1463 971 1486 ,
1001 1431 1046 1477 in
1074 1429 1236 1493 quibus
1255 1433 1359 1479 Fra-

348 1512 447 1547 tres
464 1495 684 1546 Ecclefias
717 1499 922 1564 proprias
941 1513 1032 1544 non
1062 1498 1256 1556 habent,
1287 1499 1360 1551 In-

358 1567 618 1636 dulgentias
638 1566 831 1616 Ordinis
851 1600 865 1622 ,
892 1563 1175 1614 saecularibus
1206 1570 1360 1616 Eccle-

360 1638 431 1687 fiis
456 1638 783 1686 communicat.
820 1633 1079 1685 ‘Benediblus
1095 1633 1242 1686 XIV.
1275 1655 1356 1698 23.

430 1706 662 1758 Omnibus
715 1710 932 1755 Fratrum
974 1707 1359 1757 Provinciarum..

362 1778 621 1828 Germaniae
634 1774 841 1826 Ecclefiis
854 1793 938 1844 pro
953 1772 1060 1826 festo
1072 1778 1276 1827 Titulari
1289 1795 1359 1828 ea-

362 1848 574 1898 rumdem
590 1845 890 1896 Ecclefiarum
904 1846 1248 1916 Indulgentiam
1262 1849 1355 1917 ple·

363 1921 536 1969 nariam
558 1919 834 1985 impertitur.
865 1915 995 1966 Idem.
1228 1929 1231 1931 ’
1277 1938 1357 1983 24.

436 1987 777 2057 Indulgentiam
807 1989 1078 2054 plenariam,
1114 1990 1250 2040 etiam
1267 1995 1357 2041 De·

362 2055 530 2108 functis
563 2075 643 2125 per
671 2057 862 2107 modum
901 2056 1102 2128 suffragii
1131 2062 1356 2129 applican-

360 2127 468 2177 dam
486 2164 500 2186 ,
530 2146 616 2196 pro
636 2127 864 2179 menstrua
898 2133 1238 2180 Communione
1265 2136 1356 2182 Ge·

360 2200 502 2247 nerali
521 2231 538 2253 ,
564 2199 609 2244 in
642 2195 850 2246 Ecclefiis
870 2200 1219 2251 Provinciarum
1241 2206 1353 2254 Ger-

364 2269 554 2324 mania),
588 2267 661 2315 vel
697 2268 832 2317 etiam
862 2269 909 2317 in
943 2270 1151 2323 Ecclefiis
1180 2271 1357 2322 saecula-

363 2338 487 2387 ribus
523 2337 548 2384 a
580 2336 810 2385 Fratribus
846 2337 1114 2392 instituenda
1140 2379 1157 2402 ,
1193 2343 1355 2394 confir-

365 2422 485 2457 mat.
526 2405 654 2455 Idem.
1277 2416 1356 2465 ibi,

436 2476 631 2545 Epistola
667 2479 814 2527 Saerae
847 2482 1232 2552 Congregationis
1266 2486 1354 2536 da,

364 2546 657 2615 Propaganda
675 2546 783 2596 Fide
797 2583 813 2606 ,
852 2551 878 2599 ὲ
898 2553 994 2601 -ΡΡ,
1014 2552 1232 2604 Ministris
1248 2560 1356 2607 Pro·

365 2618 655 2675 vincialibus,
687 2635 770 2667 ceu
795 2618 1020 2670 Praefectis
1049 2622 1322 2676 Miffionum
1339 2663 1354 2686 ,

364 2686 529 2737 statum
564 2689 723 2737 harum
758 2693 887 2753 juxta
928 2693 1122 2743 modum
1157 2695 1355 2764 praescri-

365 2771 496 2824 ptum
515 2792 528 2814 ‚
559 2758 704 2807 eidem
732 2763 877 2809 Sacrae
894 2765 1257 2836 Congregationi
1287 2786 1358 2818 ex·

368 2829 476 2895 poni
495 2826 707 2889 jubetur.
743 2848 832 2879 cum
847 2846 959 2881 nota.
1275 2857 1356 2904 25.

437 2968 828 3020 PROVINCIA
865 2974 1260 3029 HELVETICA
1274 3015 1287 3029 .

434 3107 709 3157 Monialibus
739 3111 848 3159 Loci
866 3109 1146 3163 Wunenstein
1167 3115 1216 3163 in
1231 3118 1356 3166 Prin-

368 3177 503 3244 cipali
522 3178 702 3228 Ditione
727 3182 1062 3232 Sant—Gallenfi
1080 3185 1323 3236 Ecclefiam
1339 3221 1356 3245 ,

370 3249 706 3299 coemeterium
718 3286 733 3309 ,
750 3249 798 3301 ὅ(
815 3252 1102 3303 sacellanum
1119 3255 1194 3304 seu
1210 3261 1354 3308 Saecu·

367 3318 507 3366 larem
526 3351 541 3374 ,
573 3315 647 3368 seu
678 3321 954 3389 Regularem
987 3326 1172 3375 concedi
1196 3363 1211 3385 ,
1245 3330 1351 3396 Epi-

369 3384 506 3454 scopo
532 3389 858 3440 Constantienfi
882 3396 1152 3446 committit.
1183 3398 1267 3448 Leo
1281 3399 1349 3450 X.

368 3475 454 3505 cum
469 3473 577 3507 nota.
1268 3489 1292 3532 3
1303 3489 1350 3520 0.

438 3525 677 3577 Pontificio
703 3533 942 3592 Oraculo,
959 3552 1036 3601 per
1066 3540 1115 3587 P.
1137 3542 1357 3591 Procura-

366 3611 513 3661 torem
547 3601 817 3650 Generalem
846 3605 1035 3655 Ordinis
1063 3611 1109 3658 P.
1124 3610 1355 3662 Commis-

368 3665 483 3715 sario
504 3670 717 3719 intimato
733 3706 748 3727 ,
781 3673 958 3726 licentia
979 3679 1278 3733 manducandi
1295 3685 1355 3734 la·

367 3736 546 3786 &icinia
591 3751 791 3807 tempore
814 3748 968 3808 jejunii
994 3766 1124 3801 more
1160 3755 1355 3805 aliarum

905 180 1935 279 ELENCHvs.

1423 297 1723 362 Religionum
1759 305 1804 346 in
1838 300 1928 345 illis
1965 303 2164 360 partibus
2184 340 2201 365 ,
2231 304 2418 365 Provim

1423 370 1500 416 ciae
1534 367 1830 416 conceditur.
2334 395 2358 439 3
2375 397 2416 433 χ,

1491 439 1538 485 N
1545 437 1946 501 untioApostolico
1964 455 2067 490 cum
2083 445 2275 495 Clericis
2292 445 2419 498 Press-

1421 506 1690 573 byterandis
1716 520 1818 557 tum
1839 507 1968 574 super
1996 523 2122 572 aetate
2138 531 2222 582 pro
2237 534 2331 566 uno
2344 535 2417 566 an·

1420 595 1481 626 no
1510 613 1526 635 ,
1569 591 1670 626 tum
1700 575 1830 645 super
1862 578 2115 628 interstitiis*
2137 583 2416 652 dispensandi

1421 646 1689 697 facultatem
1711 649 1907 718 largitur
1923 686 1935 698 .
1970 648 2121 699 Sixtus
2147 651 2199 701 V.
2334 657 2415 707 ibi.

1491 717 1693 785 Epistola
1713 722 1860 769 Sacrae
1877 723 2273 791 Congregationis
2297 726 2419 793 Epis-

1418 806 1640 856 coporum
1662 825 1677 847 ,
1692 789 1738 839 ὃ(
1758 793 2057 859 Regularium
2075 827 2089 848 ,
2121 792 2418 846 Novitiarum

1420 859 1611 911 Ordinis
1629 859 1826 911 Cisterc.
1848 861 2060 913 Rathusae
2078 859 2438 926 Profeffionem„

1418 948 1504 999 pro
1531 946 1641 980 tunc
1664 932 1689 980 ὲ
1711 933 1942 983 Fratribus
1972 932 2131 983 nostris
2148 933 2285 1000 recipi
2302 967 2320 990 ,
2343 935 2425 982 Pa·
2490 971 2492 973 -

1419 1004 1478 1052 tri
1496 1003 1772 1052 Provinciali
1790 1005 2115 1054 committitur.
2339 1002 2420 1053 ibi.

1491 1077 1697 1123 Domum
1715 1092 1821 1124 cum
1843 1075 2035 1125 Ecclefia
2052 1079 2266 1124 Lucernae
2281 1073 2307 1121 a
2325 1077 2428 1123 Do·

1420 1144 1546 1192 mino
1576 1142 1781 1211 Casparo
1815 1144 1994 1203 Pfiffer,
2026 1144 2302 1196 Confiliario
2330 1142 2430 1196 &eo

1420 1213 1555 1264 latius
1574 1214 1896 1275 construtstam,
1911 1221 1933 1266 a
1950 1215 2184 1266 Fratribus
2200 1215 2289 1265 fine
2305 1212 2426 1264 scru-

1416 1287 1530 1351 pulo
1545 1288 1769 1353 acceptari
1787 1287 1996 1356 indulget
2015 1323 2031 1344 ,
2062 1289 2320 1354 Scripturas
2346 1285 2424 1333 de-

1419 1353 1560 1423 super
1581 1354 1810 1407 confeflas
1839 1355 2088 1407 confirmat
2116 1390 2130 1409 ‚
2173 1351 2424 1404 infabrica'

1417 1425 1687 1476 Monasterii
1713 1463 1729 1486 ,
1772 1425 1847 1477 seu
1881 1428 2158 1477 ornamentis
2195 1423 2367 1493 aliquid
2397 1424 2426 1474 ὲ

1419 1498 1741 1562 Superioribus
1762 1500 1999 1549 immutari
2017 1495 2249 1547 interdicit
2262 1531 2278 1554 ,
2315 1499 2422 1544 Fra-

1417 1578 1510 1612 tres
1535 1568 1580 1614 in
1612 1585 1665 1615 eo
1694 1571 1948 1638 privilegiis
1977 1567 2070 1621 διο.
2111 1567 2303 1618 Ordinis
2333 1563 2428 1615 frui

1418 1631 1648 1691 declarat,
1675 1655 1728 1683 ac
1746 1639 2028 1690 Litterarum
2054 1637 2239 1690 suarum
2258 1653 2429 1685 execu-

1419 1703 1594 1752 tionem
1610 1702 1871 1754 Abbatibus
1905 1707 2099 1754 Ordinis
2131 1712 2177 1754 S.
2196 1703 2430 1754 Benedisti

1417 1770 1656 1832 Einfidlae‚
1687 1773 1735 1825 <St
1762 1776 1942 1824 Montis
1973 1775 2299 1843 Angelorum,
2327 1791 2431 1837 necq

1413 1860 1505 1893 non
1527 1847 1716 1894 Decano
1746 1843 1987 1901 Uranienfi
2023 1845 2292 1896 committit.
2330 1843 2427 1893 cle-

1415 1932 1527 1964 mens
1554 1913 1689 1965 VIII.
2339 1932 2423 1977 32.

1484 1984 1801 2056 Indulgentias
1831 1988 2084 2055 plenarias,
2120 1985 2310 2037 eandem
2344 1989 2426 2035 Ec·

1414 2054 1594 2105 cleliam
1619 2057 1890 2108 Conventfis
1913 2062 2129 2108 Fratrum
2149 2062 2364 2107 Lucernae
2377 2056 2427 2105 in

1414 2123 1524 2175 festo
1547 2131 1600 2176 B.
1633 2130 1838 2197 Virginis
1870 2132 2033 2177 Mariae
2063 2128 2121 2177 ad
2151 2130 2314 2178 Coelos
2341 2124 2431 2183 Ass,

1414 2193 1605 2265 sumptae
1635 2197 1921 2247 visitantibus
1950 2233 1968 2257 ,
2004 2198 2053 2249 δι
2078 2198 2189 2247 alias
2227 2196 2424 2247 centum

1414 2265 1593 2316 dierum
1628 2284 1783 2317 coram
1820 2268 2083 2334 quindecim
2109 2270 2312 2336 Capellis
2338 2269 2425 2316 in...

1414 2338 1489 2387 via
1510 2336 1566 2387 ad
1583 2341 1886 2389 Conventum
1910 2338 2067 2388 ereffls
2086 2337 2323 2390 orantibus
2340 2339 2427 2388 lar-

1414 2412 1570 2476 gitur.
1609 2408 1762 2459 Paulus
1789 2409 1843 2458 V.
2338 2426 2427 2471 33.

1484 2482 1666 2529 Senatui
1699 2480 1913 2550 Friburgi
1942 2481 2267 2539 Nuithonum,
2303 2481 2427 2529 litte-

1415 2566 1486 2598 ras
1511 2550 1538 2597 ὲ
1564 2554 1640 2599 Fr.
1662 2554 1804 2603 Paulo
1838 2554 1864 2598 εὶ
1891 2550 2077 2601 Caesena
2097 2547 2427 2602 Commissario

1415 2617 1496 2668 fibi
1510 2619 1706 2671 redditas
1723 2660 1739 2682 ‚
1776 2621 2065 2690 exhibitaque
2101 2623 2206 2671 huic
2223 2621 2429 2671 humani-

1416 2690 1524 2739 tatis
1556 2690 1710 2742 officia
1737 2692 1818 2742 fibi
1847 2693 1986 2742 relata
2026 2692 2111 2742 effe
2145 2691 2302 2742 scribit
2325 2727 2341 2750 ,
2373 2709 2426 2741 ac

1416 2763 1565 2810 zelum
1610 2763 1829 2820 Senatfis,
1867 2763 2094 2814 Pontificii
2137 2763 2306 2812 amoris
2334 2760 2426 2810 fide

1415 2833 1711 2884 commendat
1728 2871 1740 2883 .
1778 2833 1894 2883 Idem
1911 2870 1923 2883 .
2344 2829 2427 2880 ibi.

1486 2902 1648 2952 Eidem
1687 2903 1874 2956 Senatui
1917 2904 1978 2952 ob
2024 2896 2426 2951 controversiam..

1415 2972 1681 3022 Monasterii
1699 2973 1837 3023 nostri
1861 2981 2005 3030 1613.
2023 2970 2316 3018 terminatam
2331 3004 2347 3027 ,
2372 2967 2424 3022 ἃ

1415 3042 1475 3090 ob
1499 3041 1753 3090 concessum
1774 3038 1979 3092 Ecclefiae
1998 3043 2051 3089 Β.
2075 3043 2137 3090 V.
2157 3040 2317 3088 Mariae
2335 3041 2420 3090 Al-

1415 3123 1510 3162 tare
1537 3111 1885 3180 privilegiatum·
1901 3124 2167 3180 perpetuum
2182 3124 2333 3179 grates
2354 3127 2417 3159 re-

1415 3181 1574 3233 ferenti
1605 3217 1620 3240 ,
1655 3181 1906 3233 constantes
1943 3179 2191 3232 Pontificiae
2226 3181 2419 3231 benevo-

1416 3254 1561 3303 lentiae
1581 3250 1729 3302 sensus
1747 3256 1967 3322 explicat,
2004 3249 2186 3317 eJusque
2210 3249 2417 3301 constans

1413 3340 1522 3394 erga
1552 3322 1719 3375 Sedem
1748 3322 2062 3393 Apostolicam
2093 3319 2297 3372 studium
2323 3323 2418 3372 lau-

1410 3394 1543 3446 dibus
1568 3408 1728 3444 ornat.
1765 3394 1879 3444 Idem
1897 3430 1910 3443 .
2331 3410 2417 3456 34.

1481 3463 1723 3517 Pontificio
1754 3464 1991 3522 Oraculo,
2030 3460 2276 3513 Ecclesiam
2309 3466 2415 3512 Bea-

1414 3549 1470 3587 tae
1498 3541 1561 3587 V.
1591 3538 1751 3587 Mariae
1779 3538 1824 3587 in
1843 3531 2144 3594 Werdenstein
2177 3534 2415 3584 Fratribus

1412 3606 1571 3657 nostris
1586 3606 1718 3666 dari,
1753 3605 1802 3660 ὅ(
1819 3607 1874 3658 ab
1893 3608 1960 3657 his
1977 3606 2198 3671 acceptari
2216 3638 2232 3661 ,
2262 3620 2414 3656 ratum

1413 3679 1566 3730 haberi
1584 3680 1767 3729 Senatui
1784 3682 1995 3730 Lucernae
2016 3674 2276 3727 rescribitur
2292 3711 2308 3735 ,
2329 3694 2419 3726 cum
2444 3702 2445 3705 ¹

2339 3745 2424 3796 ibi..

2259 3821 2364 3862 Pon-

1414 3767 1512 3802 nota
1526 3786 1539 3799 0
