2658 4256
369 352 599 393 crescentes
627 347 848 390 admiratus
872 347 979 399 sum,
1013 359 1119 388 nunc
1146 344 1250 401 apud
1278 350 1375 388 San·

367 408 574 452 &iffimum
603 406 822 448 Dominum
850 407 1042 449 Nostrum
1073 405 1169 460 saepe
1194 417 1373 446 comme-

368 481 530 509 morare
556 478 633 507 non
659 466 918 518 praetermifi:
949 462 1076 519 Cujus
1107 460 1277 518 proinde
1303 477 1374 517 pa·

368 533 542 567 ternum.
562 535 742 564 amorem
768 536 863 579 erga
889 521 1181 566 Celsitudinem
1212 520 1368 571 Tuam,

370 592 579 636 totamque
593 578 885 623 Sereniffimam
901 583 1076 623 Domum
1087 609 1101 630 ,
1113 577 1291 636 qualibet
1305 593 1373 621 oc-

370 640 523 683 calione
537 638 699 689 oblata,
723 640 1005 694 experimento
1017 639 1230 692 cognosces
1245 665 1256 677 .
1289 639 1371 679 Va·

370 698 448 746 le,¹
465 697 712 740 serenis-sime
732 698 822 739 Dux
838 725 851 747 ,
883 712 927 740 ac
947 696 1204 752 Religioni&
1229 696 1372 739 virtuti

370 766 456 798 toto
481 758 646 810 pectore
672 756 906 799 incumbens
933 770 998 798 me
1025 768 1158 799 amare
1191 767 1341 809 perge.

430 815 570 857 Romae
593 827 655 869 ¹9·
670 815 873 856 Novemb.
895 827 1013 868 ¹74¹·

595 927 854 975 Celfitudinis
868 933 963 975 Tuae
974 961 987 973 .

876 1046 1128 1097 Addiliiffmus
1143 1049 1276 1087 Servus

887 1098 1015 1147 Card.
1044 1099 1231 1147 Valenti.

425 1231 582 1282 Exemp.
608 1225 731 1269 Auth.
756 1223 796 1266 in
823 1223 943 1266 Arch.
968 1226 1155 1267 Generali
1182 1225 1276 1266 ord.
1292 1226 1371 1267 Ar-

485 1286 611 1328 mario
623 1313 638 1336 ,
665 1284 882 1326 Provincia
893 1283 1312 1326 AnteriorisAustriae.

366 1425 599 1440 ——
833 1425 1182 1441 ———

369 1518 720 1570 Conceffionem
735 1521 933 1585 Capellae
954 1523 1075 1569 B.V.
1089 1519 1249 1568 Mariae
1264 1521 1378 1567 Lau·

431 1602 595 1638 retanae
624 1602 751 1637 extra
771 1589 1014 1656 Oppidum
1034 1587 1335 1656 Stiieblingen
1351 1589 1377 1635 ὲ

426 1656 665 1727 Joscpho,
698 1659 905 1726 Principe
937 1658 993 1708 de
1034 1657 1334 1725 Furstenbcrg
1362 1693 1377 1715 ,

435 1729 726 1797 Landgravio
760 1728 852 1780 διο.
883 1729 941 1779 ad
977 1725 1176 1777 formam
1213 1729 1374 1778 Custo-

431 1797 518 1847 diae
533 1834 549 1856 ,
575 1803 600 1846 a
628 1799 861 1848 Fratribus
890 1812 1130 1866 acceptatae
1145 1834 1162 1857 ,
1194 1796 1376 1866 Episcoe

433 1870 674 1935 palemque
703 1867 892 1935 desuper
919 1866 1184 1917 consensum
1216 1866 1377 1917 confir-

433 1952 530 1987 mat
545 1975 561 1998 ,
600 1957 652 1987 ac
680 1940 921 2006 Capellam
942 1937 1112 1988 distam
1128 1973 1145 1998 ,
1180 1940 1376 2006 Regula-

372 2007 379 2009 *
438 2025 541 2066 rem
568 2008 650 2059 este
676 2009 906 2061 declarat.

364 2137 916 2194 BENEDICTUS
968 2138 1165 2189 PAPA
1215 2140 1378 2190 XIV.

537 2275 608 2326 Afd
615 2284 852 2332 perpetuam
877 2278 937 2321 rei
959 2278 1206 2321 memoriam.

478 2393 616 2447 Xponi
645 2396 772 2437 Nobi-s
798 2409 926 2450 nuper
944 2392 1039 2439 fecit
1056 2395 1226 2439 dilectus
1254 2391 1378 2436 Filius

479 2452 774 2495 Maximilianus
789 2453 1284 2509 aWanghena,Definitor
1296 2454 1380 2493 Ge-

362 2508 512 2550 neralis
527 2509 693 2550 Ordinis
711 2511 916 2552 Minorum
931 2512 1064 2555 Sancti
1087 2510 1286 2554 Francisci
1298 2512 1379 2551 Ca-

363 2566 614 2621 pu'cinorum
628 2578 952 2624 nuncupatorum
965 2598 980 2621 ,
998 2569 1107 2624 quod
1123 2599 1137 2622 ,
1161 2565 1346 2623 cumipse
1365 2596 1379 2619 ,

363 2625 460 2667 dum
478 2626 650 2668 Ministri
678 2627 945 2670 provincialis
972 2629 1196 2673 Provinciae
1211 2627 1378 2669 Austriae

365 2685 582 2726 anterioris
612 2699 775 2728 munere
804 2684 1048 2739 fungebatur
1075 2713 1090 2736 ,
1134 2686 1183 2730 ad
1214 2687 1376 2729 uberius

360 2742 683 2797 promovendam
711 2747 932 2786 animarum
948 2745 1115 2787 salutem
1142 2746 1293 2800 praeviis
1308 2759 1377 2797 ap-

362 2799 674 2854 probationibus
689 2828 703 2850 ,
727 2803 767 2843 δι
796 2803 973 2845 licentiis
1003 2814 1091 2846 tum
1118 2803 1375 2846 Venerabilis

368 2860 524 2900 Fratris
541 2862 836 2902 Bonaventurae
849 2860 870 2900 a
885 2861 1373 2918 Ferraria,Archiepisco·

367 2918 408 2972 pi
427 2918 654 2960 Ferrarien.
669 2928 765 2960 tunc
782 2921 977 2974 temporis
992 2920 1155 2961 Ordinis
1173 2919 1375 2976 hujusmo-

367 2975 412 3017 di
429 2975 596 3017 Ministri
615 2977 834 3020 Generalis
847 3007 861 3028 ,
895 2987 980 3019 tum
990 2977 1062 3020 bo.
1080 2991 1199 3021 mem.
1212 2978 1375 3034 J'oannis

370 3033 590 3085 francisci,
606 3034 790 3089 Episcopi
807 3036 1146 3085 Constantienfis,
1165 3046 1252 3080 tum
1273 3036 1376 3078 dile-

371 3093 988 3149 StiFilii‚NobilisViri‚10sephi
1007 3095 1202 3150 Principis
1219 3094 1377 3138 defur-

369 3151 555 3207 ssenberg
579 3152 830 3208 Landgravii
848 3154 888 3195 in
906 3153 1168 3209 Stiiehlingen
1190 3167 1378 3197 novam-e

369 3210 590 3252 Coloniam
609 3241 622 3261 ,
653 3212 716 3254 scu
744 3212 972 3266 Hospitium
1006 3227 1132 3268 prope
1163 3212 1377 3270 Capellam

372 3270 417 3310 B.
436 3270 572 3311 Mariae
589 3270 768 3326 Virginis
786 3274 1026 3314 Lauretanae
1040 3283 1156 3315 extra
1173 3271 1377 3329 Oppidum

369 3326 632 3386 Stiiehlingen
649 3341 867 3386 nuncupat.
889 3330 1167 3374 Constantien.
1184 3328 1378 3374 Dioecelis

368 3384 550 3429 erexisset
564 3415 578 3438 ,
606 3385 860 3443 eandemque
882 3388 1094 3444 Capellam
1122 3391 1252 3432 didius
1279 3388 1377 3444 Epi-

367 3443 510 3497 scopus
534 3447 842 3490 Constantiensis
860 3447 1068 3491 Fratribus
1083 3449 1248 3491 Ordinis
1276 3462 1375 3504 prae·

370 3502 466 3544 dieti
498 3504 751 3559 assignaverit
765 3535 779 3557 ,
804 3521 850 3548 ac
878 3506 1099 3550 Ecclesiam
1126 3508 1375 3562 Regularem

370 3561 668 3616 declaraverit,
687 3564 813 3622 ipseq3
831 3565 1124 3609 Maximilianus
1137 3566 1280 3610 dietam
1296 3569 1375 3609 Ca·

369 3621 519 3676 pellam
536 3636 706 3679 propter
722 3625 808 3667 vasa
822 3635 1029 3680 argentea,
1041 3626 1081 3666 δε
1096 3626 1213 3669 aliam
1226 3625 1373 3668 sacram

369 3680 902 3739 supellcstileinfflaupertati
916 3684 1084 3726 Ordinis
1098 3686 1270 3741 praedieti
1291 3699 1371 3728 non

370 3736 689 3793 confiirniem‚ad
704 3743 827 3786 solam
841 3742 1061 3785 custodiam
1077 3744 1369 3801 acceptaverit,

1142 210 1723 301 Provincia

1437 349 1466 390 ti
1497 348 1679 402 Episcopi
1703 344 1975 388 Constantien.
2006 351 2184 400 tenoris,
2209 350 2275 405 qui
2304 348 2431 405 sequi-

1437 416 1501 447 tur
1517 420 1531 459 3
1548 405 1733 447 videlicet
1751 419 1806 444 Ξ
1826 406 1988 445 loannes
2006 405 2233 449 Franciscus
2249 436 2263 458 ,
2285 411 2361 450 Dei
2394 410 2431 449 δε

1434 463 1671 519 Apostolicae
1699 463 1812 504 Sedis
1843 462 1969 514 gratia
1994 461 2207 520 Episcopus
2237 468 2427 509 Constan-

1434 524 1567 565 tienfis
1583 550 1595 571 ,
1609 524 1648 563 &
1665 519 1932 572 Augustanus,
1948 524 1985 562 S.
2004 521 2057 562 R.
2070 522 2102 562 1.
2123 525 2330 578 Princeps,
2349 527 2433 568 Do·

1432 583 1562 623 minus
1577 581 1711 635 Augiae
1725 577 1889 632 Maioris
1903 607 1916 630 ,
1927 581 1964 620 &
1976 578 2256 634 Oeningae&c.
2271 583 2431 626 univer-

1433 643 1479 683 sis
1494 669 1508 691 ,
1534 643 1571 681 &
1589 637 1745 693 singulis
1762 638 1902 678 harum
1917 636 2056 680 seriem
2075 638 2260 687 lecturis,
2291 643 2354 684 vel
2372 643 2430 684 le-

1434 700 1472 753 gi
1499 697 1695 739 audituris
1719 696 1887 749 gratiam
1910 697 2107 747 nostram,
2133 698 2172 738 &
2197 694 2363 740 salutem
2393 699 2432 742 in'

1435 756 1742 798 Domino.1nter
1756 754 2129 798 cuneiasPastoralis
2145 754 2267 797 nostri
2283 756 2432 800 incum—
2469 799 2480 811 x

1434 816 1564 858 bentis
1589 811 1710 855 officii
1736 825 1852 853 curas
1868 813 1935 855 illa
1954 823 2066 855 certe
2082 815 2248 858 maxima
2265 814 2321 856 est
2339 844 2355 866 ,
2383 823 2431 858 ut

1433 887 1481 915 ea
1495 885 1604 929 ,quae
1616 870 1666 913 ad
1684 869 1882 926 majorem
1902 874 1975 914 Dei
1991 873 2159 928 gloriam
2182 874 2435 928 proximique

1433 930 1644 987 spirituale
1662 930 1811 971 bonum
1833 930 2087 982 redundant,
2112 933 2283 986 benigne
2298 929 2437 974 fovea-

1433 1005 1516 1033 mus
1530 1016 1543 1038 ,
1561 991 1623 1039 δι,
1639 997 1684 1030 ut
1699 989 1969 1035 defideratum
1993 987 2111 1033 finem
2135 993 2185 1034 eo
2202 990 2359 1033 felicius
2373 989 2436 1031 as-

1432 1046 1675 1106 sequantur,
1706 1045 1919 1090 consensus
1945 1049 2069 1091 nostri
2096 1049 2302 1092 Ordinarii
2332 1048 2438 1104 adji-

1432 1110 1579 1151 ciamus
1593 1107 1870 1148 auftoritatem
1889 1135 1900 1147 .
1932 1111 2038 1150 Cum
2064 1108 2200 1163 itaque
2219 1108 2345 1151 Nobis
2364 1121 2435 1163 pro

1434 1178 1548 1224 parte
1568 1163 1861 1217 Religiosorum
1877 1166 2003 1207 Nobis
2020 1167 2059 1207 in
2075 1167 2240 1209 Christo
2259 1167 2435 1209 dilecto-

1433 1240 1520 1269 rum
1540 1226 1615 1266 PP.
1633 1223 1799 1264 Ordinis
1821 1226 1860 1266 S.
1878 1224 2092 1275 Francisci,
2110 1225 2331 1268 Provincia:
2349 1229 2436 1267 An·

1436 1286 1594 1328 terioris
1625 1282 1810 1330 Austriae,
1854 1283 2179 1336 Capucinorum,
2207 1281 2433 1324 humillime

1435 1343 1558 1388 fuerit
1583 1341 1804 1396 expositum
1823 1368 1836 1391 ,
1866 1340 2042 1396 qualiter
2056 1355 2128 1396 pro
2143 1341 2319 1383 uberiori
2336 1340 2438 1383 Ani-

1357 1422 1374 1432 ·
1436 1415 1588 1446 marum
1615 1400 1740 1443 salute
1760 1428 1774 1450 ,
1806 1413 1850 1441 ac
1875 1399 2015 1442 divino
2045 1399 2159 1443 cultu
2178 1399 2442 1455 'singulariter

1437 1458 1713 1519 promovendo
1739 1469 1852 1501 extra
1878 1457 2083 1511 Oppidum
2099 1459 2438 1514 Stiiehlingauum

1436 1534 1561 1578 prope
1575 1517 1817 1571 Cappellam
1849 1520 1888 1558 B.
1909 1520 1966 1558 M.
1986 1517 2164 1570 Virginis.
2180 1521 2440 1573 Lffauretanae,

1436 1592 1554 1636 quam
1575 1590 1622 1619 ex
1648 1589 1754 1616 nunc
1771 1573 2018 1629 Regularem
2037 1574 2112 1617 eise
2128 1577 2309 1616 volumus
2324 1605 2338 1626 ,
2366 1590 2440 1617 no-

1437 1651 1528 1680 vam
1544 1633 1758 1678 Coloniam
1773 1661 1788 1683 ,
1801 1633 1881 1675 sive
1899 1632 2125 1688 Hospitium
2141 1635 2297 1688 erigere
2312 1635 2441 1676 inten-

1438 1698 1534 1739 dant
1548 1722 1563 1746 ,
1581 1693 1752 1734 obtento
1769 1694 1816 1733 ad
1838 1691 1875 1731 id
1892 1692 2150 1735 sereniffirnae
2167 1692 2318 1736 Domus
2331 1693 2443 1735 Prin-

1433 1756 1567 1808 cipum
1587 1751 1638 1792 de
1658 1749 1929 1804 Fit'rstenberg
1951 1778 1963 1799 ‚
1993 1748 2057 1792 seu
2086 1752 2351 1794 Dominorum
2368 1751 2440 1794 iit-2

1435 1809 1704 1864 Stiiehlingen
1745 1807 2071 1850 Terrirorialium
2103 1807 2248 1852 assensu
2261 1837 2275 1858 ·‚
2308 1809 2439 1861 Nobis

1434 1867 1687 1926 originaliter
1701 1867 1884 1910 exhibito
1898 1895 1912 1918 ‚
1938 1868 2115 1910 nostrum
2131 1883 2291 1925 quoque
2307 1897 2321 1919 ,
2354 1879 2442 1911 tan-

1436 1942 1555 1986 quam
1570 1926 1775 1968 Ordinarii
1789 1925 1884 1966 dieti
1905 1926 1980 1967 loci
2002 1925 2268 1983 Stiiehlingen
2286 1926 2436 1981 efflagi-

1436 1998 1569 2031 tantes
1585 1984 1835 2035 consensum,
1852 1984 1900 2026 ad
1918 1987 2198 2028 executionem
2215 1986 2330 2043 hujus
2347 1999 2442 2040 ope-

1436 2047 1490 2090 ris
1504 2046 1554 2087 de
1568 2044 1653 2100 jure
1667 2044 1831 2086 omnino
1846 2042 2133 2097 neceffarium3
2154 2045 2314 2087 Idcirco
2329 2048 2415 2087 Nos
2427 2068 2447 2091 ,.

1436 2119 1529 2148 cum
1545 2103 1781 2160 petitionem
1801 2102 1897 2142 hanc
1916 2101 2091 2156 aequitati
2106 2101 2378 2154 conformem,
2395 2115 2440 2145 ac

1439 2167 1549 2208 bono
1561 2160 1748 2214 publico,
1779 2160 1899 2215 quam
1927 2162 2099 2203 maxime
2116 2162 2262 2205 utilem
2276 2191 2291 2213 ,
2317 2159 2439 2218 atque

1439 2218 1687 2264 salutiferam
1704 2219 1794 2260 fore
1813 2219 2060 2272 judicemus,
2083 2221 2124 2261 δι
2147 2222 2198 2263 ad
2221 2230 2444 2264 emanatam

1439 2279 1673 2324 citationem
1689 2277 1900 2319 ediRalem
1914 2277 1951 2319 se
1970 2291 2089 2320 nemo
2104 2279 2354 2334 opposuerit,
2368 2275 2441 2320 tali

1440 2337 1625 2397 petitioni
1640 2335 1920 2378 favorabiliter
1939 2335 1978 2376 in
1999 2337 2174 2379 Domino
2189 2344 2439 2387 annuentes,-

1439 2409 1485 2442 ut
1513 2396 1684 2440 Colonia
1715 2408 1784 2448 per
1812 2394 1938 2435 dictos
1976 2397 2055 2437 ΡΡ.
2083 2397 2314 2451 Capucinos
2346 2397 2441 2438 loco

1441 2453 1629 2514 praemiffo
1644 2454 1740 2508 erigi
1757 2452 1871 2507 possit
1886 2483 1900 2503 ,
1925 2467 1969 2496 ac
1986 2453 2143 2503 valeat,
2171 2455 2344 2496 nostrum
2372 2465 2442 2508 per

1441 2513 1649 2572 praesentcs
1685 2513 1939 2567 impertimnr
1968 2512 2196 2555 consensum
2224 2542 2237 2564 ‚
2269 2516 2440 2555 Decano

1440 2572 1625 2629 Capituli
1652 2571 1982 2621 committentes,
2023 2587 2068 2614 ac
2101 2572 2333 2615 mandantes
2351 2599 2365 2621 ,
2394 2578 2442 2612 ut

1439 2630 1746 2676 nostronomine
1760 2656 1774 2678 ‚
1796 2631 1835 2671 δι
1851 2629 2091 2672 auctoritare
2119 2638 2439 2685 praememoratos

1437 2694 1521 2735 ΡΡ.
1536 2690 1766 2745 Capucinos
1781 2688 1818 2729 in
1836 2702 1983 2730 novam
1998 2689 2241 2740 Coloniam,
2257 2689 2336 2730 live
2352 2690 2441 2729 Ho-

1437 2749 1597 2804 spitium
1612 2747 1842 2790 introducat
1857 2777 1870 2798 ‚
1883 2758 2003 2802 atque
2018 2748 2211 2790 immittat
2225 2776 2238 2798 ,
2253 2747 2446 2802 praedicto

1437 2808 1530 2850 huic
1545 2808 1674 2862 operi,
1687 2807 1736 2849 ad
1755 2806 1831 2846 Dei
1847 2807 2297 2861 gloriam,Celitumque
2314 2807 2443 2847 hono-

1438 2879 1524 2908 rem
1540 2894 1554 2915 ,
1583 2880 1628 2906 ac
1657 2865 1893 2906 Animarum
1923 2863 2090 2905 salutem
2116 2864 2235 2908 unice
2254 2861 2442 2906 tendenti

1437 2925 1534 2967 felix
1551 2922 1727 2965 safiurus
1741 2920 1979 2977 auspicium.
1995 2924 2268 2965 Concedimus
2284 2924 2443 2976 insuper

1437 2980 1752 3038 praememoratis
1777 2983 1856 3023 ΡΡ.
1873 2981 2091 3037 Capucinis
2107 2981 2314 3023 licentiam
2341 2993 2443 3022 con-

1438 3041 1621 3084 servandi
1644 3039 1810 3084 SSrhum
1823 3052 1914 3080 cum
1929 3037 2053 3080 SSr‘r'io
2063 3039 2167 3081 Oleo
2184 3051 2257 3092 pro
2269 3039 2332 3080 sua
2347 3049 2441 3081 tan-

1437 3101 1524 3142 tum
1541 3128 1556 3151 ,
1582 3100 1622 3140 δι
1650 3097 1958 3152 Peregrinorum
1985 3097 2233 3147 devotione,
2256 3097 2440 3152 absque)

1437 3157 1601 3202 minimo
1627 3165 1759 3199 tamen
1780 3154 1962 3197 Ecclefiae
1979 3156 2227 3199 Parochialis
2246 3155 2439 3212 praejudi-

1438 3216 1503 3260 cio
1521 3243 1535 3266 ,
1563 3216 1604 3257 in
1622 3228 1792 3271 quorum
1815 3215 1996 3255 omnium
2023 3213 2288 3258 indubitatam
2318 3213 2440 3256 fidem

1439 3275 1683 3318 haslitteras
1706 3275 1730 3317 a
1747 3272 1914 3315 Vicario
1941 3274 2075 3315 nostro
2105 3276 2143 3316 in
2170 3274 2441 3329 spiritualibus

1438 3333 1629 3378 Generali
1657 3331 1875 3380 subscribi,
1900 3332 2099 3389 &Sigillo
2124 3334 2259 3376 nostro
2273 3330 2440 3376 Pontifi-

1438 3392 1514 3436 cali
1541 3390 1996 3447 communirijusfimus.
2029 3395 2179 3434 Datum
2198 3390 2439 3435 Constantiae

1435 3455 1553 3495 Anno
1572 3450 1734 3493 Domini
1754 3463 2020 3492 Moccxxxvt.
2033 3451 2196 3506 Augusti
2213 3450 2356 3493 Indici.
2370 3461 2438 3490 xv.

1437 3515 1550 3555 Loco
1566 3511 1622 3565 »Β
1638 3507 1784 3564 Sigilli.
1800 3521 1856 3550 =
1875 3507 2102 3551 Franciscus
2119 3510 2294 3565 Joannes
2307 3534 2335 3544 —
2350 3510 2439 3549 An·

1436 3581 1523 3613 ton.
1540 3567 1758 3625 Episcopus
1781 3568 1922 3610 Uthin.
1947 3565 2165 3622 Suffragan.
2193 3570 2231 3610 δι
2246 3570 2336 3611 Vic-
2353 3569 2440 3609 Ge-

1432 3627 1597 3673 neralis.
1623 3642 1679 3668 =
1703 3626 1912 3683 Qoniam
1936 3635 2069 3668 autem
2094 3626 2221 3669 dictus
2253 3625 2437 3670 Maximi-

1434 3689 1560 3731 lianus
1573 3715 1588 3740 ‚
1605 3686 1766 3730 nomine
1781 3685 1904 3727 etiam
1920 3687 2132 3727 memorati
2143 3688 2303 3743 Josephi
2321 3686 2435 3729 Prin—

1431 3747 1553 3802 cipis,
1576 3755 1620 3788 ut
1635 3744 1855 3787 institutum
1871 3744 2037 3785 Ordinis
2057 3745 2278 3801 hujusmodi
2295 3758 2438 3801 perpe-

366 3797 709 3852 quemadmodum
731 3802 884 3846 constat
899 3815 950 3844 ex
963 3802 1154 3847 consensu
1169 3816 1368 3846 memora-
1429 3807 1502 3848 tuo
1517 3804 1669 3849 salvum
1686 3831 1700 3856 ,
1724 3803 1978 3846 &illibatum
1993 3817 2200 3849 remaneat
2216 3832 2229 3853 2
2257 3807 2295 3845 δι
2310 3817 2357 3844 ex
2378 3804 2436 3844 lc·

2287 3862 2381 3914 giti-
