2658 4256
701 241 1292 328 eslnterioris
1347 238 1788 325 Aqurtae.
2105 276 2216 354 77

224 375 291 419 πίε
305 370 555 413 Canonicatu
570 371 803 417 donaremus
818 402 832 424 ,
849 375 1010 415 vixdum
1028 385 1127 414 unus
1143 378 1204 413 διγ
1274 372 1414 414 debito
1430 370 1542 412 cultu
1557 369 1741 420 supremae
1757 368 1870 412 sedis
1890 372 2149 425 perseverans
2163 405 2175 423 ,
2203 393 2275 420 cu-

215 429 472 484 lisburgenfis
494 431 645 472 vacavit
662 461 676 483 ,
707 434 758 475 Ei
778 434 904 475 statim
919 431 1213 483 affignavimus:
1274 430 1432 472 mulare
1457 424 1638 484 quotidie
1662 426 1784 477 magis
1814 428 2018 471 contende
2048 432 2270 485 (unct—ptum

216 490 368 532 donum
385 486 568 544 profesto
582 519 597 540 ,
629 490 714 546 ejus
730 487 944 546 praesertim
968 489 1073 530 aetati
1087 517 1103 538 ,
1133 500 1212 528 non

218 545 387 600 vulgare
402 575 416 597 ,
446 547 633 603 quodque
663 547 820 590 idcirco
843 546 936 590 Tibi
969 543 1211 588 luculentius

212 604 494 660 propeufiffimi
521 608 640 648 animi
655 620 750 659 erga
769 608 853 647 Vos
876 603 994 647 nostri
1019 600 1117 644 dare
1137 600 1212 641 do-

212 675 442 705 cumentum
459 664 574 719 poffit
586 693 601 714 ,
631 676 677 705 ac
688 664 818 718 palam
831 662 1056 711 ostendere,
1067 671 1211 712 magno

210 721 344 765 Nobis
358 723 399 765 in
413 723 549 778 pretio
563 720 639 765 effe
656 721 800 762 castam
815 721 1107 774 Religionem,
1129 715 1207 773 qua

208 781 360 832 Deum,
374 779 724 825 constantiffimum
738 776 968 831 obsequium
979 806 994 828 ,
1007 791 1088 833 quo
1104 776 1207 826 Nos,

206 838 511 892 Romanamque
526 836 674 880 sedem
699 834 976 877 venerabundi
1001 833 1206 889 prosequi-

205 897 335 947 mini,
366 894 554 950 cujusque
577 893 723 935 merito
740 893 1009 948 Apostolicam
1034 889 1205 934 Benedi-

203 956 376 997 c‘tionem
395 953 484 995 Tibi
500 981 515 1003 ,
547 951 704 995 Dilecta
716 952 756 991 in
770 950 935 992 Christo
950 950 1053 992 Filia
1070 977 1085 1000 ,
1118 951 1205 989 No-

203 1013 295 1054 bilis
317 1011 468 1054 Mulier
492 1037 506 1060 ,
535 1009 762 1064 inclitaeque
793 1010 888 1050 Tuae
919 1007 1058 1050 Soboli
1085 1018 1205 1061 pera-

200 1078 359 1112 manter
380 1066 651 1121 impertimur.

259 1129 413 1168 Datum
430 1126 568 1167 Romae
588 1123 695 1179 apud
716 1127 759 1168 S.
775 1125 940 1167 Mariam
969 1121 1204 1179 Maiorem-a

199 1184 271 1228 sub
284 1183 444 1226 Annulo
457 1182 671 1225 Piscatoris
686 1182 752 1225 die
771 1196 785 1224 1
800 1184 1001 1238 1.Januar.
1017 1194 1202 1226 Moccxn.

197 1241 458 1286 Pontificatus
474 1241 610 1286 Nostri
632 1255 738 1286 anno
750 1241 911 1285 decimo
926 1269 939 1283 .

499 1360 566 1415 Jo:
582 1359 820 1403 Vincentius
836 1356 1115 1403 Lucchefinius
1129 1385 1141 1397 .

255 1479 318 1519 Ex
334 1476 454 1517 Arcb.
479 1478 621 1516 Secret.
650 1480 767 1518 Brev.
792 1475 840 1518 ad
868 1473 1078 1530 Principes
1106 1475 1199 1528 Reg-

310 1532 432 1590 menſs
450 1533 499 1581 ὃ
511 1532 607 1577 anni
627 1536 756 1590 praed.
777 1534 859 1594 fol.
875 1534 926 1590 63
936 1546 976 1582 7.

197 1670 546 1688 *ιι-.-
551 1667 1204 1688 Μ--ι-ο-ι-

195 1772 244 1818 A
273 1769 398 1818 dieto
433 1772 509 1817 Fr.
525 1768 874 1825 maximiliano,
911 1769 1080 1816 litteras
1107 1765 1130 1813 a
1159 1762 1203 1812 se

259 1838 516 1910 gaudenter
552 1851 750 1905 receptas
777 1874 793 1897 ,
828 1837 1197 1902 constantemque

260 1924 368 1978 erga
395 1909 750 1976 &Religionem
769 1911 972 1957 animum
997 1909 1042 1956 in
1059 1908 1111 1955 iis
1133 1908 1198 1954 vi-

258 1977 360 2028 sum
391 1975 504 2037 effe,
532 1979 711 2030 *Carolo
735 1980 972 2048 Eugeni0‚
997 1980 1194 2035 Wirten-

262 2048 428 2117 bergiae
455 2050 652 2116 Principi
670 2047 876 2098 rescribit
888 2084 901 2097 .

195 2178 232 2221 A
247 2182 382 2233 tergo:
414 2174 568 2217 DileHo
584 2175 715 2227 Filio,
737 2175 874 2220 Nobili
911 2177 998 2218 Viro
1011 2203 1026 2226 ,
1057 2174 1198 2219 Carolo

337 2237 523 2289 eugenio,
537 2233 848 2290 Wirtembergiae
862 2233 1035 2289 Principi
1046 2262 1058 2275 .

194 2353 658 2404 CLEMENS
727 2353 952 2402 PAPA
1036 2352 1194 2403 XII.

249 2468 398 2514 Dilcffe
426 2470 508 2513 1³:72
521 2497 535 2520 ,
573 2465 724 2511 Nobilis
752 2470 816 2514 Vir
829 2498 845 2521 ‚
854 2466 1031 2527 filistem
1046 2496 1060 2520 ‚
1081 2467 1136 2519 ὠ·

391 2527 646 2583 Apostolicam
669 2528 991 2571 Benedt'ffltoncm.

199 2678 201 2682 .
312 2643 481 2687 Eddidit
495 2644 622 2686 Nobis
647 2647 671 2690 ὲ
686 2646 914 2690 Nobilitate
936 2654 1005 2687 tua
1026 2644 1165 2687 literas
1178 2671 1194 2695 ,

337 2702 445 2745 omni
458 2700 629 2746 refertas
645 2704 901 2748 humanitatis
922 2733 935 2755 ,
966 2703 1193 2745 veneratio-

187 2758 468 2814 nis,officiique
484 2759 957 2814 fignificatione,dileetus
972 2762 1094 2804 Filius
1109 2763 1195 2802 Ma-

188 2815 455 2866 ximilianus,&
472 2817 670 2870 Religiosa
685 2821 984 2873 Capucinorum
1001 2818 1165 2862 Familia
1177 2845 1192 2868 ,

190 2891 278 2932 quae
293 2875 457 2930 quidem
471 2874 598 2916 literae
613 2879 696 2916 Nos
714 2877 881 2920 mirifice
895 2876 1190 2918 exhilaratum:

186 2932 443 2991 praeseferunt
457 2933 565 2974 enim
578 2960 591 2982 ,
618 2947 700 2987 quo
712 2933 1020 2974 constamiffimo
1044 2934 1088 2973 fis
1108 2933 1194 2973 ani-

189 3007 257 3036 mo
268 3005 359 3047 erga
379 2989 661 3034 sanfflffimam
675 2991 842 3034 nostram
861 2990 1115 3044 Religionem
1127 2990 1195 3039 ,Bt

187 3051 332 3107 quibus
361 3049 410 3092 ad
426 3064 514 3092 eam
536 3049 614 3090 rite
640 3049 852 3092 colendam
881 3048 1050 3103 egregiis
1073 3045 1197 3088 mori·

189 3110 261 3151 bus
282 3108 516 3151 instituatis.
547 3110 807 3163 Qapropter
822 3106 1032 3162 singulari,
1053 3119 1099 3147 ac
1123 3118 1192 3146 ve—

186 3167 234 3210 re
260 3178 431 3223 paterno
454 3180 590 3209 amore
614 3166 792 3221 amplexi
808 3168 868 3209 'I'e
893 3164 1052 3214 sumus,
1081 3162 1194 3218 opti-

189 3239 261 3269 mae
273 3225 494 3270 Genitricis
515 3224 704 3267 industria
716 3250 732 3272 2
758 3239 802 3266 ac
819 3222 1029 3266 sedulitate
1045 3222 1066 3263 a
1080 3232 1193 3263 tene-

190 3285 244 3328 ris
258 3284 372 3327 annis
391 3283 651 3339 incipientem
666 3283 829 3326 virtutis
844 3282 924 3324 iter
936 3310 953 3331 ,
970 3295 1016 3323 ac
1032 3279 1192 3335 populis

191 3343 359 3397 imperio
392 3352 461 3383 tuo
492 3340 672 3397 subjectis
702 3352 854 3385 certam
884 3340 992 3394 spem
1023 3336 1191 3381 afferen-

193 3411 274 3443 tem
288 3428 303 3450 ‚
333 3402 433 3443 bene
451 3399 517 3442 fibi
533 3397 620 3442 fore
635 3414 684 3441 ex
701 3403 774 3443 hac
796 3409 863 3442 tua
877 3396 1014 3450 insigni
1033 3397 1191 3451 pietatis

196 3458 330 3502 indole
346 3487 360 3509 ,
384 3473 503 3514 quam
520 3459 733 3503 catholica
748 3459 949 3507 veritate,
971 3469 1015 3497 ac
1036 3456 1076 3497 le
1107 3454 1193 3496 ibus

195 3516 617 3565 imbutam2uberrimis
630 3531 699 3558 eos
717 3515 1056 3571 locupletaturam
1071 3468 1194 3554 lgelici.

196 3574 289 3614 tatis
316 3572 529 3624 fructibus,
561 3589 682 3617 nemo
706 3573 798 3616 sane
828 3573 1015 3616 dubitare
1037 3570 1193 3627 potest.

196 3631 325 3685 imple
339 3633 474 3686 igitur,
487 3636 645 3677 Dileete
660 3633 751 3683 Fili,
768 3631 931 3675 Nobilis
946 3630 1039 3682 Vir,
1055 3631 1194 3672 factam

197 3689 249 3730 de
267 3691 327 3730 Te
349 3689 675 3745 exspectationem
688 3720 702 3743 ,
720 3691 810 3732 &in
829 3690 1059 3746 proposito,
1084 3687 1192 3743 quod

193 3763 268 3802 pro
281 3746 515 3801 sempiterna
529 3750 650 3793 salute
667 3749 843 3792 feliciter
858 3758 970 3790 tenes
988 3777 1002 3797 ,
1035 3747 1190 3788 Ortho-

195 3806 308 3848 doxae
330 3805 517 3849 sectandae
531 3808 785 3865 Religionis,
815 3805 1189 3861 observantiaeque.-

1271 490 1292 532 ὶ
1310 487 1438 529 Nobis
1457 486 1577 542 usque
1590 483 1719 526 adhuc
1739 483 1887 538 insigne
1912 489 1962 529 de
1983 490 2042 528 Te
2055 492 2242 542 gaudium
2258 521 2272 543 ,

1272 560 1387 600 quam
1404 545 1444 586 in
1459 543 1563 599 spem
1575 569 1590 594 ,
1603 539 1870 594 Apostolicam
1885 546 2206 590 Benedictionem
2222 564 2272 592 ex

1269 604 1414 644 intimo
1435 601 1588 656 paterni
1613 598 1746 640 cordis
1772 600 1916 643 ardore
1941 605 2032 646 Tibi
2058 619 2271 659 peraman-

1270 668 1332 703 ter
1348 660 1624 714 impertimur.

1327 720 1477 759 Datum
1492 718 1631 760 Romae
1641 713 1746 770 apud
1763 716 1976 758 S-Mariam
1993 719 2188 775 Majorem
2204 720 2271 764 sub

1269 774 1432 820 Annulo
1445 772 1660 817 Piscatoris
1673 802 1687 825 ,
1709 775 1787 815 Die
1807 777 1967 830 11.Jan.
1986 791 2171 822 moccxn.
2191 781 2268 822 &c-

1491 893 1555 948 Jo:
1573 888 1814 932 Vincentius
1836 890 2090 937 Luchefinius
2110 897 2271 939 Secret.

1325 1010 1468 1060 Autog.
1484 1007 1527 1046 in
1538 1007 1680 1046 secret.
1700 1006 1814 1046 Brcv.
1835 1003 1885 1047 ad
1901 1006 2038 1050 Princ.
2060 1022 2141 1064 reg.
2155 1012 2274 1068 mens:

1381 1065 1429 1112 θ’
1443 1063 1538 1106 anni
1555 1063 1683 1118 pred.
1698 1061 1781 1122 fol.
1796 1062 1847 1120 63
1857 1075 1896 1114 7.

1265 1303 1341 1351 Fr.
1356 1296 1816 1368 Hermenegilduma
1848 1300 2032 1352 Brisaco
2043 1338 2059 1360 ,
2075 1302 2273 1355 eletstum

1333 1375 1358 1420 ἢ
1375 1367 1663 1418 sereniffimo
1686 1370 2030 1442 wirtenbergiae
2052 1377 2181 1423 Duce
2200 1376 2275 1423 iti-

1329 1441 1574 1490 nerationis
1619 1440 1873 1499 comitem,
1907 1441 2086 1493 Habitu
2127 1445 2275 1494 Cleri-

1332 1510 1419 1561 cali
1450 1510 1664 1560 Saeculari
1698 1508 1905 1557 incedere
1940 1510 2093 1578 posse,
2124 1514 2271 1564 eidem

1332 1581 1454 1630 Duci
1470 1613 1486 1635 ,
1518 1579 1669 1627 Emin.
1688 1581 1749 1626 D.
1769 1579 2026 1630 Cardinalis
2057 1581 2269 1633 Pontifici

1331 1650 1363 1699 ὲ.
1386 1649 1579 1699 Secretis
1611 1644 1864 1717 fignificat.

1413 1766 1907 1812 SEREN1581ME
1954 1772 2126 1814 DUX.

1396 1883 1490 1929 Uod
1511 1882 1535 1923 ἑ
1562 1884 1785 1937 periculosa
1801 1886 2045 1931 variolarum
2065 1887 2272 1933 infirmita-

1413 1953 1455 1986 te
1473 1946 1583 1984 Deus
1594 1946 1695 1999 Opt.
1715 1948 1824 1988 Max.
1840 1946 2136 1990 Celfitudinem
2158 1957 2272 1992 tuam

1414 2000 1578 2052 salvam,
1591 2016 1637 2046 ac
1649 2002 1837 2061 sospitem
1851 2002 2010 2048 evafiffe
2023 2006 2156 2059 dedit,
2168 2006 2271 2051 sum-

1258 2074 1426 2117 mopere
1454 2061 1567 2103 laetor
1594 2087 1609 2109 2
1639 2063 1679 2105 δε
1704 2064 1852 2118 gratias
1881 2065 2053 2120 supremi
2082 2067 2270 2109 Numinis

1260 2119 1635 2174 benignitatiquam
1651 2122 1837 2164 maximas
1853 2121 1981 2165 habeo
1992 2151 2007 2175 ,
2031 2133 2149 2180 atque
2165 2137 2268 2181 ago;

1259 2178 1373 2236 cujus
1389 2177 1628 2234 singularem
1652 2194 1726 2236 pro
1752 2179 1889 2222 salutis
1908 2190 1983 2223 tuae
1997 2183 2270 2226 conservatio-

1260 2253 1312 2281 ne
1328 2236 1626 2292 providentiam
1641 2266 1656 2292 ,
1680 2239 1705 2281 fi
1723 2239 1892 2292 intanto
1907 2240 2091 2297 periculo
2104 2242 2270 2297 perspe-

1259 2299 1365 2340 &am
1380 2296 1574 2348 habuisti,
1606 2297 1760 2354 optime
1775 2297 1996 2354 intelligis,
2024 2312 2172 2343 omnes
2189 2299 2270 2343 illi·

1256 2370 1303 2398 us
1317 2353 1469 2396 fruetus
1483 2355 1533 2395 ad
1550 2356 1666 2410 ipsius
1680 2356 1758 2397 Dei
1780 2356 1978 2413 gloriam,
2009 2359 2046 2399 &
2072 2358 2227 2400 cultum
2247 2387 2263 2410 ,

1256 2414 1307 2457 ad
1324 2413 1502 2454 omnium
1520 2414 1720 2456 virtutum
1746 2415 2072 2469 prosecutionem
2087 2417 2163 2458 &c-
2184 2414 2262 2459 effe

1255 2470 1513 2516 referendas.
1530 2475 1621 2514 Hoc
1635 2482 1680 2513 ut
1693 2471 2008 2516 commodiffime
2021 2475 2163 2531 assequi
2177 2474 2269 2531 pos-

1254 2532 1300 2574 sis
1315 2561 1330 2586 ‚
1349 2544 1439 2573 cum
1458 2529 1668 2572 Celiitudo
1689 2532 1772 2573 Tua
1785 2533 1808 2576 ὸ,
1829 2545 1892 2576 me
1908 2534 2106 2587 petierit,
2133 2544 2176 2576 ut
2192 2547 2268 2590 pro

1255 2592 1306 2632 R.
1324 2592 1368 2632 Ρ.
1387 2589 1705 2644 Hermenegildo
1718 2590 1931 2644 Capucino
1946 2620 1959 2641 ,
1974 2593 2097 2636 totius
2114 2593 2267 2637 educa-

1254 2648 1378 2691 tionis
1402 2657 1477 2688 tuae
1495 2647 1733 2699 Direetore,
1761 2649 2023 2705 impetrarem
2045 2655 2069 2698 a
2096 2652 2268 2696 sanetis-

1256 2706 1350 2749 fimo
1367 2708 1545 2748 Domino
1561 2706 1711 2750 Nostro
1727 2706 1930 2750 licentiam
1954 2709 2168 2753 incedendi
2191 2711 2265 2751 ha-

1255 2765 1341 2806 bitu
1360 2763 1556 2806 Clericali
1572 2763 1755 2807 Saeculari
1768 2792 1782 2814 ,
1800 2767 1880 2819 quo
1895 2765 2051 2808 facilius
2066 2766 2261 2811 affiduum

1253 2823 1291 2864 se
1310 2823 1401 2864 Tibi
1427 2823 1634 2865 Comitem
1665 2823 1840 2874 praebere
1867 2817 1994 2875 posset
2009 2850 2022 2873 ‚
2043 2824 2260 2867 honestiffi-

1251 2893 1362 2922 mum
1384 2880 1461 2919 hoc
1486 2878 1750 2922 Celsitudinis
1775 2880 1873 2919 Tuae
1896 2879 2137 2925 defiderium
2161 2887 2262 2927 San-

1252 2937 1383 2978 &irati
1407 2940 1492 2977 Suae
1519 2932 1683 2986 exposui
1705 2961 1719 2982 ,
1745 2944 1867 2991 atque
1899 2937 2111 2996 benignum
2138 2942 2185 2984 ab
2207 2956 2258 2984 eo

1253 2991 1440 3036 aisensum
1463 2992 1619 3034 obtinui
1637 3016 1648 3029 ·
1683 2993 1806 3051 Qud
1823 3004 1866 3036 ut
1881 2995 2012 3040 eidem
2030 3002 2074 3043 P.
2087 3002 2258 3045 Herme-

1254 3047 1449 3103 negildo‚
1476 3051 1515 3091 &
1534 3047 1774 3102 Pontificio,
1795 3054 1833 3094 &
1855 3067 1944 3099 meo
1958 3058 2121 3100 nomine
2138 3086 2153 3110 ,
2183 3074 2259 3101 no-

1254 3115 1341 3149 tum
1355 3102 1476 3150 facias
1493 3136 1508 3158 ,
1524 3110 1583 3150 Te
1598 3120 1725 3163 rogO,
1750 3111 1916 3154 minime
1931 3114 2120 3158 dubitans
2132 3141 2146 3164 a
2159 3118 2255 3172 quin

1253 3166 1285 3207 is
1311 3179 1398 3208 eam
1425 3163 1577 3217 semper
1604 3167 1640 3208 in
1669 3166 1809 3212 vestitu
1838 3170 2068 3215 modestiam
2091 3170 2253 3228 servet,

1251 3237 1336 3279 quae
1365 3223 1682 3266 Ecclefiastieum
1698 3228 1869 3276 Virum,
1900 3238 2019 3284 atque
2047 3230 2156 3276 illius
2182 3248 2256 3288 po-

1251 3279 1436 3326 tiffimum
1462 3281 1716 3328 Profeslionis
1744 3287 1945 3330 hominem
1976 3289 2151 3333 maxime
2177 3291 2255 3334 de-¹

1252 3348 1319 3384 cet
1339 3367 1351 3379 .

1312 3399 1371 3440 Ac
1387 3394 1412 3436 fi
1427 3410 1514 3451 quae
1527 3396 1612 3442 sunt
1627 3400 1703 3444 alia
1718 3429 1732 3452 ‚
1745 3402 1862 3457 quaei
1881 3416 1944 3446 me
1959 3402 2027 3447 tua
2041 3405 2161 3449 causa
2174 3407 2255 3462 agi,

1257 3455 1323 3497 vel
1350 3454 1455 3509 apud
1478 3458 1683 3501 Summum
1699 3458 1933 3504 Pontificem
1958 3465 2089 3506 curari
2119 3465 2221 3509 velis
2237 3493 2252 3515 ,

1258 3515 1319 3555 Te
1334 3526 1438 3564 oro,
1468 3523 1512 3556 ut
1536 3531 1581 3558 ea
1599 3518 1690 3559 mihi
1715 3519 1778 3560 vel
1799 3532 1871 3573 per
1893 3518 2031 3563 literas
2058 3523 2249 3574 mandes,

1255 3571 1322 3614 vel
1346 3584 1417 3625 per
1444 3573 1499 3614 R.
1517 3576 1560 3617 P.
1576 3576 1920 3624 Maximilianum,
1950 3592 2066 3633 quem
2097 3582 2249 3637 semper

1253 3627 1506 3674 libentissime
1531 3633 1754 3686 excipiam,
1779 3647 1911 3688 neque
1934 3637 2040 3680 enim
2062 3640 2250 3681 commit-

1253 3696 1361 3734 tam,
1389 3696 1435 3730 ut
1459 3690 1699 3733 Cellitudini
1715 3691 1809 3733 Tuae
1834 3692 1915 3735 uua
1938 3694 1975 3736 in
2002 3710 2072 3744 re,
2096 3711 2249 3752 opera,

1247 3744 1403 3792 studio,
1428 3745 1609 3789 officiose
1624 3747 1772 3791 desim:
1803 3759 1890 3792 tuas
1917 3753 2023 3796 enim
2038 3757 2248 3811 praeclaras

1249 3803 1448 3855 virtutes,
1478 3803 1730 3861 summopere
1761 3807 1888 3866 diligo
1911 3839 1929 3861 ‚
1959 3826 2055 3869 quas
2085 3817 2125 3856 &
2154 3814 2250 3855 olim

2110 3886 2196 3913 cre-
