2658 4256
454 212 616 322 17³8

356 344 648 403 approbamus,
663 336 823 394 illisque
843 340 1064 394 perpetuae,
1082 335 1381 380 &inviolabilis

352 404 601 462 ⁴Apostolicae
618 399 818 441 firmitatis
834 399 957 440 robur
977 395 1190 454 adjicimus
1206 424 1218 447 ,
1235 410 1281 437 ac
1295 412 1380 439 om·

361 478 461 514 nes,
482 460 707 513 &singulos
724 456 912 512 tamjuris
928 458 1048 512 quain
1066 452 1156 495 facil
1178 456 1374 506 deiestus,

360 523 389 565 fi
417 524 481 577 qui
507 523 545 562 in
571 517 721 560 eisdem
753 515 1049 557 intervenerint
1080 542 1095 564 ,
1126 514 1350 569 supplemus
1363 540 1374 553 .

361 583 504 624 Tenor
522 588 657 619 autem
671 575 959 631 Capitulorum
975 572 1196 629 positorum
1212 574 1267 617 est
1279 602 1294 629 ,
1307 574 1376 631 qui

360 638 536 696 sequitur
556 650 567 678 :
1192 661 1197 667 .
1288 663 1293 667 r
1338 659 1345 667 ,

420 701 469 740 ln
507 693 666 736 nomine
694 691 945 735 Sanctiffimae
976 691 1191 734 Trinitatis
1220 692 1348 738 Patris
1362 721 1377 745 ,

363 759 403 799 δι
421 755 539 801 Filii,
571 754 610 793 &
626 751 797 807 Spiritus
811 752 943 793 Sanni
963 753 1095 793 Amen
1112 780 1122 791 .
1141 752 1377 796 Benedictus

359 819 471 858 Deus
484 839 497 861 ,
514 812 579 867 qui
596 824 796 865 nunquam
811 807 929 851 cessat
946 807 1109 853 Fideles
1124 809 1212 852 suos
1227 815 1378 853 anima-

357 888 406 918 re
422 870 562 916 caelesti
578 869 839 925 inspiratione
866 867 918 910 ad
947 868 1131 912 securam
1156 895 1170 917 ,
1201 871 1238 912 8(
1261 869 1373 911 dire-

359 936 463 974 Ctam
501 929 606 973 viam
636 927 800 975 salutis,
829 926 1085 983 dignatusest
1110 941 1216 970 anno
1231 927 1371 983 elapso

356 988 570 1035 millesimo
584 986 872 1031 sexcentefimo
887 986 1016 1029 tertio
1048 984 1218 1041 infigere
1233 988 1370 1031 cordi-

357 1053 433 1094 bus
459 1047 708 1106 quorundam
724 1045 937 1091 Nobilium
953 1075 967 1095 ‚
987 1044 1209 1103 &aliarum
1226 1046 1374 1092 Perso-

357 1123 500 1154 narum
518 1105 582 1149 hic
597 1104 730 1162 Pragae
744 1106 784 1149 in
796 1105 902 1148 Aula
920 1107 1047 1148 Sacrae
1057 1103 1374 1161 CaeffireaeMaje-

360 1167 472 1212 natis
498 1165 732 1220 degentium
749 1194 763 1217 ‚
796 1164 986 1209 ardentes
1003 1163 1059 1207 sui
1079 1166 1226 1207 amoris
1242 1166 1376 1208 stimu-

358 1229 421 1271 los
434 1253 448 1274 ,
463 1227 499 1267 &
512 1220 762 1267 acerbiffimae
778 1223 962 1268 Passionis
979 1223 1071 1266 Filii
1093 1224 1150 1267 sui
1165 1253 1178 1276 ,
1194 1223 1375 1267 Redem-

356 1285 489 1342 ptoris
511 1283 632 1326 nostri
650 1311 663 1334 ,
695 1297 744 1326 ex
760 1297 838 1338 quo
860 1283 1130 1329 condolentes
1147 1283 1287 1326 multis
1300 1283 1373 1326 do·

356 1345 510 1388 loribus
525 1343 564 1384 in
587 1341 817 1384 amarissima
832 1342 1005 1397 passione
1021 1343 1210 1401 perpessis
1224 1371 1237 1393 ‚
1272 1356 1371 1398 prae-

355 1404 472 1459 cipue
489 1402 641 1444 veroin
658 1402 744 1443 dira
758 1403 796 1443 &
809 1401 967 1445 crudeli
982 1400 1066 1458 ejus
1078 1402 1371 1457 flagellatione,

355 1460 643 1506 concluserunt
670 1459 738 1502 die
753 1462 927 1504 Veneris
942 1461 1089 1506 sancto
1115 1460 1268 1516 vesperi
1295 1461 1371 1502 de-

358 1531 497 1565 votam
522 1518 852 1574 supplicationem
879 1520 1087 1564 instituere
1103 1547 1117 1571 ,
1149 1521 1188 1562 δι
1203 1534 1276 1575 pro
1288 1532 1375 1560 me-

353 1581 481 1623 moria
525 1576 717 1633 praedit‘tae
746 1577 931 1619 Passionis
957 1579 1121 1620 Domini
1153 1574 1372 1634 nostrijesu

354 1634 509 1682 Christi
529 1635 649 1691 usque
664 1634 714 1676 ad
732 1635 962 1690 sanguinem
991 1637 1028 1677 se
1044 1636 1276 1692 flagellare.
1302 1636 1367 1678 Ad

355 1696 469 1752 cujus
494 1694 553 1737 rei
582 1694 820 1737 memoriam
843 1694 1005 1749 quidam
1021 1693 1299 1751 induticappis
1315 1694 1367 1736 de

360 1756 444 1798 tela
462 1753 553 1796 alba
569 1780 583 1803 ,
609 1764 721 1794 more
740 1751 1107 1810 Disciplinantium,
1123 1751 1286 1808 aliisque
1300 1767 1370 1794 co·

355 1812 591 1857 mirantibus
607 1809 784 1853 accensis
799 1813 927 1854 cereis
946 1810 1065 1867 longai
1083 1810 1191 1853 veste
1212 1812 1263 1854 de
1285 1810 1368 1856 tela

350 1874 466 1928 nigra
480 1869 637 1916 indutis
650 1897 665 1919 ,
681 1869 894 1926 omnesque
914 1867 1016 1913 facie
1033 1869 1230 1925 cooperta
1256 1881 1367 1914 tran-

351 1933 545 1986 segerunt
561 1929 672 1972 suum
688 1928 852 1979 bonum,
866 1930 903 1969 &
918 1930 1091 1972 sanetum
1103 1929 1342 1971 desiderium
1355 1957 1367 1973 .

351 1991 486 2033 Iidem
511 1988 589 2032 hoc
605 1999 712 2028 anno
725 1986 935 2029 millesimo
947 1987 1233 2031 sexcentesimo
1246 2001 1368 2047 quar·

351 2061 400 2091 to
415 2046 539 2102 magis
554 2046 595 2088 in
611 2045 680 2089 tali
694 2059 821 2102 opere
835 2045 982 2089 accensi
995 2075 1009 2098 ,
1040 2048 1080 2090 &
1104 2047 1367 2099 inflammati,

352 2105 567 2150 crescente
581 2118 749 2146 numero
763 2105 955 2160 primario
965 2105 1224 2150 Personarum
1238 2104 1368 2149 devo·

354 2177 490 2209 tarum
506 2190 520 2213 ,
541 2164 580 2207 &
596 2165 731 2205 Deum
756 2166 1012 2214 timentium,
1045 2179 1201 2209 necnon
1228 2167 1366 2208 Domi-

347 2236 494 2270 norum
509 2220 800 2278 praecipuorum
829 2224 976 2278 prioris
1003 2226 1095 2270 anni
1115 2238 1365 2269 numerum..-

347 2279 1112 2339 superantium,eandemProceslionem
1124 2283 1284 2338 publice
1297 2283 1366 2326 die

349 2340 529 2385 Veneris
545 2338 677 2383 Sanfti
706 2339 859 2396 vesperi
875 2340 1062 2400 singulari
1081 2341 1338 2399 edificatione
1350 2368 1364 2391 ³

350 2397 610 2453 &utriusque
635 2395 746 2442 sexus
769 2399 908 2454 populi
924 2402 1264 2459 compuntstione,
1296 2402 1364 2457 qui

354 2470 496 2514 magna
520 2454 749 2511 frequentia
777 2458 826 2500 ad
855 2460 956 2502 hanc
978 2460 1245 2504 devotionem
1271 2474 1368 2501 con·-

352 2524 537 2560 currerat
553 2542 567 2565 ,
600 2515 870 2559 exhibuerunt
886 2546 897 2557 .
933 2519 1011 2563 Ubi
1025 2519 1215 2562 divinitus
1230 2521 1251 2562 ἑ
1272 2521 1366 2560 Deo

355 2573 538 2630 inspirati
555 2573 826 2619 Sodalitatem
848 2573 1201 2630 Disciplinantium
1228 2575 1364 2619 deter-

349 2632 557 2679 minarunt
572 2630 740 2676 fundare
755 2660 768 2683 ,
799 2646 883 2690 quae
897 2632 1279 2686 Confraternitatis‚
1295 2634 1362 2679 seu

354 2690 585 2737 sodalitatis
613 2689 799 2733 Passionis
835 2693 999 2734 nomine
1025 2704 1324 2750 nuncuparetur
1345 2722 1358 2737 .

349 2750 540 2809 Qod,ut
554 2747 713 2792 meliori
727 2748 868 2799 modo,
882 2752 919 2794 δι
934 2751 1076 2794 ordine
1093 2750 1229 2803 fieret,
1245 2752 1360 2805 cogi-

348 2818 542 2854 taverunt
574 2808 676 2848 hanc
701 2804 808 2848 suam
833 2822 979 2851 novam
994 2809 1265 2853 Sodalitatem
1280 2814 1362 2855 Ar-

349 2865 779 2911 chi-Confraternitati
797 2867 987 2910 Romanae
1002 2868 1261 2924 ⁴conjungere
1288 2883 1363 2925 pro

350 2924 634 2985 participandis
648 2925 787 2979 gratiis
801 2952 815 2975 ,
841 2924 1157 2982 &indulgentiis
1171 2927 1361 2971 concessis

350 2987 400 3029 iis
416 2981 705 3028 Confratribus
730 2984 754 3026 a
779 2983 945 3025 diversis
960 2987 1131 3028 Summis
1148 2985 1360 3030 Pontifici-

288 3047 290 3050 ’
351 3047 451 3088 bus.
484 3045 539 3088 Et
565 3055 640 3098 pro
669 3038 866 3085 felicioris
894 3043 1031 3087 salutis
1051 3045 1111 3087 via
1125 3045 1243 3089 unice
1258 3059 1360 3087 con-

351 3110 581 3150 venerunt,
614 3100 652 3142 in
676 3101 749 3142 hac
764 3099 989 3144 Sodalitate
1007 3104 1209 3158 Regulam
1228 3104 1357 3148 Tertii

350 3161 517 3207 Ordinis
545 3159 760 3202 observare
783 3185 797 3208 ,
827 3160 867 3199 &
888 3161 910 3202 a
931 3164 971 3202 S.
1001 3164 1120 3206 Patre
1147 3163 1359 3206 Francisco

350 3221 572 3263 institutam
587 3247 601 3267 ‚
632 3219 718 3264 &a
745 3217 1008 3262 NicolaoIV.
1026 3221 1225 3265 Pontifice
1251 3236 1359 3263 anno

350 3279 528 3323 secundo
552 3274 878 3319 suipontificatus
892 3304 906 3327 ,
935 3277 974 3319 δι
989 3279 1011 3320 a
1025 3281 1160 3322 Leone
1178 3283 1228 3325 X.
1253 3294 1362 3323 anno

350 3337 564 3381 millesimo
577 3334 894 3391 quingentefimo
911 3337 1098 3390 vigesimo
1113 3340 1242 3395 primo
1261 3339 1364 3382 mul-

351 3399 403 3438 tis
420 3395 559 3453 gratiis
576 3422 591 3444 ,
621 3393 941 3450 &indulgentiis
955 3395 1233 3443 confirmatam
1248 3427 1262 3452 ,
1275 3414 1362 3456 quae

351 3457 402 3500 ad
417 3453 622 3511 sequentia
639 3465 788 3500 novem
806 3453 937 3509 capita
952 3453 1187 3503 reducitur.

349 3563 421 3618 De
448 3561 744 3612 conditionibus
763 3581 895 3613 eorum
915 3597 932 3622 ‚
970 3567 1042 3632 qui
1059 3565 1117 3615 ad
1123 3566 1227 3617 hanc
1241 3567 1363 3621 Soda-

609 3635 773 3685 litatem
789 3634 1069 3705 adfiribentur
1084 3671 1098 3690 .

652 3731 690 3771 C
719 3730 757 3771 A
789 3732 820 3773 P
855 3732 893 3773 U
926 3731 962 3773 T
1024 3730 1060 3775 Ι.

411 3813 548 3874 Nemo
591 3811 633 3867 in
675 3812 776 3859 hanc
804 3813 1073 3874 Sodalitatem
1109 3817 1360 3877 recipietur,

1120 201 1732 291 Provincia

1442 339 1508 391 qui
1530 349 1608 377 non
1624 333 1747 378 fuerit
1764 333 1896 375 bonus
1914 335 2156 383 Catholicis:
2169 367 2184 392 ,
2210 341 2249 384 δι
2262 341 2460 387 obediens

1442 398 1592 438 Sanctae
1611 397 1796 436 Romanae
1818 392 2005 437 Ecclesiae
2033 423 2048 446 ,
2079 397 2255 456 bonique
2283 403 2463 445 nominis

1436 468 1483 496 ac
1501 454 1612 497 samae
1625 468 1761 498 eoram
1777 452 1951 508 populo.
1983 457 2107 510 Quod
2125 456 2149 498 si
2171 460 2254 513 quis
2269 472 2457 517 receptus

1434 511 1588 565 fuerit,
1615 514 1682 568 qui
1711 511 1879 555 occulte
1907 512 2040 556 haeresi
2061 514 2259 565 infectus,
2288 529 2359 562 aut
2374 521 2454 563 ali-

1436 570 1689 628 quainfamia
1706 580 1868 614 notatus
1885 570 1982 614 esset
1997 601 2010 624 ‚
2043 573 2131 617 talis
2144 573 2300 623 subito,
2328 588 2452 634 atque

1435 632 1644 676 con-vinus
1658 629 1780 675 fuerit
1795 657 1811 685 2
1822 630 1844 673 a
1860 629 2092 678 sodalitate
2107 635 2360 678 amovebitur
2372 661 2386 678 .

1437 750 1516 804 ‘De
1532 748 1744 801 MiniHro
1759 748 2009 807 Sodalitatis
2023 788 2039 814 ,
2075 753 2201 823 deque
2204 753 2284 824 βο
2298 751 2426 820 qffi'cio
2437 788 2452 803 .

1654 871 1693 912 C
1752 872 1788 913 A
1849 870 1882 911 P
1943 873 1982 913 U
2045 874 2081 917 T
2170 874 2228 917 11·

1486 988 1582 1031 Haec
1609 988 1810 1034 sodalitas
1841 945 1995 1045 scalper
2022 988 2185 1032 habebit
2214 987 2453 1039 Ministrum,

1433 1046 1474 1088 &
1488 1049 1772 1104 Superiorem,
1787 1050 1855 1105 qui
1871 1048 1916 1092 fit
1931 1062 2034 1093 unus
2052 1062 2102 1092 ex
2116 1048 2352 1100 Sodalibus,
2365 1060 2456 1091 om-

1435 1106 1543 1148 nium
1571 1106 1738 1151 secretis
1762 1107 1955 1162 suffragiis
1986 1107 2140 1150 electus
2155 1136 2169 1159 ,
2197 1109 2267 1165 qui
2284 1117 2454 1151 tamen..-

1435 1165 1579 1220 quovis
1594 1179 1700 1209 anno
1710 1166 1935 1210 mutabitur
1951 1197 1963 1207 .
1986 1164 2173 1208 Officium
2191 1181 2317 1222 porro
2332 1167 2457 1209 Mmi-

1435 1224 1501 1266 stri
1519 1225 1597 1266 erit
1613 1223 1859 1280 prescribere
1874 1222 2061 1267 ordinem
2079 1225 2197 1266 rebus
2214 1224 2450 1267 necessariis

1432 1296 1509 1338 pro
1523 1282 1772 1326 observanda
1790 1282 1969 1338 Regula,
1983 1292 2166 1325 amanter
2178 1284 2350 1327 Sodales
2362 1297 2453 1324 cor-

1431 1342 1566 1397 rigere
1581 1370 1595 1392 ,
1620 1343 1689 1397 qui
1710 1342 1946 1385 notabiliter
1961 1340 2249 1397 delinquerent
2263 1342 2301 1383 in
2317 1339 2452 1383 officio

1432 1400 1525 1443 boni
1538 1401 1782 1452 Christiani,
1806 1403 1846 1443 &
1865 1400 1888 1443 fi
1905 1401 1991 1457 quis
2005 1399 2240 1443 scandalose
2258 1399 2422 1443 viveret
2435 1427 2451 1451 ,

1435 1474 1510 1503 nec
1525 1459 1611 1516 post
1622 1460 1787 1503 tertiam
1799 1459 2120 1502 admonitionem
2134 1460 2175 1501 se
2188 1457 2451 1510 emendaret,

1435 1518 1561 1561 talem
1587 1518 1754 1562 debebit
1779 1521 1802 1564 ὲ
1829 1517 2060 1562 Sodalitate
2080 1517 2303 1561 excludere
2318 1546 2332 1560 .
2362 1517 2455 1563 Elt-

1434 1587 1587 1633 gentur
1601 1588 1797 1634 praeterea
1812 1576 1938 1632 aliqui
1960 1591 2011 1620 ex
2026 1577 2240 1620 Sodalibus
2255 1606 2270 1629 ,
2295 1576 2453 1635 quide-

1429 1636 1677 1692 putabuntur
1693 1651 1766 1694 pro
1781 1635 2029 1680 Consiliariis
2043 1664 2058 1689 ,
2072 1638 2111 1678 &
2126 1635 2450 1691 Coadjutoribus

1429 1694 1602 1738 Ministri
1617 1725 1627 1736 .
1652 1697 1686 1738 Ii
1708 1709 1848 1738 curam
1870 1695 2078 1740 habebunt
2098 1709 2267 1751 operum
2295 1693 2452 1737 miseri-

1430 1753 1604 1802 cordiae,
1614 1767 1698 1809 quae
1711 1754 1944 1797 exercenda
1959 1763 2083 1797 erunt
2095 1752 2309 1798 Sodalibus
2323 1766 2450 1808 aegro-

1430 1812 1498 1861 tis,
1511 1813 1551 1853 δι
1569 1813 1708 1866 egenis
1729 1840 1743 1864 ,
1763 1823 1849 1857 tum
1866 1812 1989 1855 etiam
2004 1812 2094 1853 aliis
2107 1812 2370 1868 pauperibuS,
2389 1812 2444 1854 ad

1428 1869 1702 1913 Sodalitatem
1718 1885 1796 1913 non
1812 1869 2081 1927 spectantibus
2092 1898 2105 1924 ,
2135 1880 2257 1929 prout
2271 1871 2449 1926 charitas

1427 1928 1603 1989 postulat
1620 1929 1849 1974 Christiana
1865 1958 1877 1971 .

1674 2049 1746 2098 De
1773 2049 1937 2098 Habitu
1958 2049 2173 2099 Sodalium
2190 2085 2203 2100 .

1630 2169 1669 2211 C
1730 2168 1769 2209 A
1830 2168 1863 2213 P
1923 2170 1965 2211 U
2025 2170 2063 2210 T
2162 2168 2247 2211 111.

1485 2284 1654 2330 Sodales
1706 2284 1823 2341 hujus
1878 2285 2225 2341 congregationis
2277 2288 2446 2328 utentur

1426 2345 1673 2387 vestimentis
1698 2344 1846 2386 coloris
1881 2344 2144 2386 subcinericei
2174 2371 2189 2394 ,
2214 2350 2283 2384 aut
2309 2343 2443 2396 nigri,

1427 2402 1494 2447 sed
1508 2403 1679 2445 honestis
1693 2402 1839 2457 absque
1855 2401 2088 2444 curiositate
2103 2429 2117 2451 ,
2141 2411 2210 2444 aut
2227 2401 2445 2446 vanitate-a

1426 2461 1619 2505 confectis
1634 2475 1646 2506 ε
1662 2460 1933 2517 providebunt
1948 2462 2088 2511 etiam,
2102 2472 2147 2503 ut
2162 2475 2209 2503 ea
2225 2460 2445 2502 vestimen-

1425 2531 1465 2563 ta
1497 2519 1569 2562 sint
1598 2521 1737 2563 viliora
1762 2533 1836 2574 pro
1865 2520 2099 2564 conditione
2125 2518 2250 2562 status
2266 2532 2443 2562 eorumo

1423 2579 1657 2635 Cingentur
1684 2578 1851 2633 cingulo
1882 2582 1920 2621 S.
1939 2578 2143 2622 Francisci
2161 2608 2172 2619 .
2202 2578 2354 2623 Verum
2368 2578 2442 2620 in...-

1422 2637 1747 2683 Proceffionibus
1761 2667 1776 2688 ,
1804 2650 1887 2693 quae
1903 2636 2001 2680 fient
2015 2637 2082 2679 die
2100 2638 2275 2679 Veneris
2292 2637 2444 2687 saneti,

1418 2706 1489 2741 aut
1504 2726 1517 2748 ‚
1542 2711 1625 2753 quae
1638 2696 1936 2741 ordinabuntur
1947 2698 1970 2741 a
1984 2695 2170 2739 Ministro
2185 2697 2273 2737 aliis
2292 2707 2444 2749 oppor-

1418 2754 1962 2808 tunitatibus,observabunt
1975 2755 2140 2796 modum
2153 2754 2262 2809 prius
2275 2752 2355 2808 ja'm
2381 2752 2446 2795 in*

1424 2825 1590 2870 ceptum
1604 2844 1618 2866 ,
1647 2828 1794 2871 nempe
1809 2824 1853 2855 ut
1867 2815 1894 2855 ii
1909 2844 1924 2867 ,
1939 2813 2060 2868 quise
2076 2813 2340 2869 flagellabunt
2353 2838 2367 2862 ,
2379 2811 2444 2854 iu..

1423 2874 1601 2918 duantur
1614 2875 1749 2926 cappis
1765 2873 1817 2914 de
1835 2873 1922 2915 alba
1937 2872 2020 2913 tela
2035 2870 2199 2923 viliori,
2229 2872 2350 2914 cincti
2376 2868 2443 2911 fu-

1423 2946 1475 2978 ne
1489 2931 1655 2987 simplici
1671 2932 1750 2972 sive
1765 2931 1891 2972 crasso
1907 2961 1918 2973 .
1934 2932 1966 2972 li
1989 2930 2171 2987 vero,qui
2187 2932 2258 2973 hos
2273 2925 2444 2973 cumzfa-

1421 2992 1536 3033 cibus
1563 2991 1871 3034 comitabuntur
1884 3019 1898 3042 ,
1924 2999 2091 3032 utentur
2104 2990 2239 3043 cappis
2252 2988 2306 3030 de
2321 2987 2439 3040 nigra

1420 3049 1505 3091 tela
1532 3078 1547 3101 ,
1571 3063 1710 3092 omnes
1740 3058 1874 3091 tamen
1911 3049 2117 3091 habebunt
2146 3048 2269 3090 facies
2295 3054 2443 3088 conte-

1418 3112 1499 3150 stas
1517 3137 1531 3161 ,
1555 3107 1760 3168 &insigne
1773 3110 1889 3163 super
1914 3120 1979 3153 eas
1996 3119 2140 3162 cappas
2154 3110 2283 3162 Imago
2299 3108 2441 3162 Crucis„

1407 3167 1510 3229 fixi.

1493 3285 1562 3338 De
1578 3259 1820 3357 abstinentia
1834 3321 1850 3345 ,
1877 3286 2109 3351 &jejunio
2129 3284 2337 3337 sodalium
2354 3318 2367 3335 .

1626 3407 1665 3448 c
1725 3408 1762 3452 A
1821 3406 1854 3450 P
1915 3407 1954 3448 u
2007 3404 2052 3460 >T
2150 3405 2230 3446 ιν.

1480 3523 1650 3568 Sodales
1698 3521 1817 3579 hujus
1870 3519 2213 3575 congregationis
2264 3520 2436 3562 abstine*

1422 3583 1525 3627 bunt
1540 3584 1589 3626 ab
1602 3597 1672 3626 esu
1688 3581 1868 3625 carnium
1896 3581 2005 3622 omni
2020 3581 2087 3624 die
2103 3580 2330 3628 Mercurii,
2362 3592 2434 3634 per

1420 3655 1566 3687 annum
1591 3640 1828 3697 jejunabunt
1856 3641 1956 3682 vero
1970 3639 2155 3695 quolibet
2171 3637 2237 3679 die
2257 3637 2447 3681 Venerist

1419 3701 1460 3743 in
1499 3701 1737 3745 memoriam
1770 3697 1958 3742 Paffionis
1986 3697 2149 3739 Domini
2188 3697 2310 3739 nostri
2335 3700 2434 3754 Jesu

1421 3758 1601 3810 Christi,
1627 3769 1888 3815 preterquam
1919 3756 1957 3797 hi
1985 3754 2139 3799 fuerint
2164 3757 2333 3810 aegroti,
2364 3764 2435 3799 aut

1420 3819 1459 3865 in
1475 3819 1624 3863 itinere
1639 3846 1651 3862 .
1685 3815 2134 3873 Priusquamincipient
2154 3816 2287 3859 cibum
2304 3814 2434 3858 sume-

2306 3887 2380 3928 re,
