2658 4256
743 203 1789 323 flandra-Belgica.

247 334 516 392 Monasteria
555 338 831 392 Monialium
865 341 1204 407 Capucinarum
1222 375 1238 398 ,

259 405 268 423 ³
308 403 385 456 seu
408 408 721 458 Paenitentium
739 426 1101 477 nuncupatarurn
1116 446 1131 466 ,
1150 412 1243 460 Or-

233 471 238 483 ’
308 475 424 526 dinis
445 479 553 527 S.P.
575 478 827 539 Francisci,
861 480 1245 547 Congregationis

309 546 686 606 Andomarenfis‚
701 548 920 598 Dioecefis
940 549 1240 605 Attrebaten„

307 616 357 668 δε
388 620 579 667 aliarum
599 618 866 668 Dioecesfim
883 654 898 676 ,
917 616 1237 686 Jurisditstioni

306 687 678 739 ordinariorum
709 684 888 752 subijcit
917 687 1007 739 &c-

227 818 716 878 URBANUS
787 818 999 866 PAPA
1043 819 1233 884 v111.

394 937 463 982 Ad
477 941 710 991 perpetuam
737 934 797 973 ret·
825 931 1051 975 memoriam
1064 962 1077 975 .

333 1048 372 1087 X
398 1043 538 1087 debito
564 1038 774 1082 pastoralis
799 1037 920 1079 officii
945 1039 1083 1082 Nostri
1104 1067 1117 1089 ,
1148 1050 1230 1092 quo

224 1109 226 1111 ’
333 1101 336 1103 ’
360 1098 496 1144 divina
510 1095 1230 1154 disponente-clementi&universalis

229 1162 422 1207 Ecclefiae
447 1158 628 1214 regimini
653 1154 902 1212 praesidemus
919 1184 932 1206 ,
963 1156 1011 1198 ad
1028 1170 1073 1198 ea
1090 1154 1230 1196 sedulo

231 1220 475 1264 intendimus
487 1246 500 1269 ,
512 1230 585 1272 per
601 1230 688 1271 quae
703 1214 1028 1258 sanctimoniales
1040 1244 1053 1266 ,
1068 1228 1152 1269 quae
1168 1227 1244 1278 re-fr

229 1279 336 1322 lictis
353 1277 493 1321 Mundi
520 1275 726 1318 illecebris
745 1271 887 1315 Divini
910 1274 1100 1315 Numinis
1114 1271 1210 1315 obse

231 1338 336 1394 quiis
355 1336 392 1378 se
407 1336 444 1377 se
457 1332 736 1389 mancipii-unt
749 1359 763 1382 ,
786 1330 974 1386 prospere
987 1279 1233 1394 dirigantur]

229 1399 270 1438 &
285 1396 561 1451 gubernentur
575 1421 589 1443 ,
614 1406 657 1433 ac
680 1389 925 1431 felicioribus
947 1390 986 1431 in
1001 1390 1088 1431 dies
1107 1387 1228 1443 profi-

226 1456 335 1496 ciant
354 1450 637 1493 incrementis,
671 1448 777 1490 Hinc
791 1448 844 1489 est
857 1473 871 1496 2
896 1448 1003 1505 quod
1022 1452 1105 1490 Nos
1123 1446 1232 1502 pros-

223 1526 325 1570 pero
340 1509 528 1565 felicique
553 1506 886 1549 Monasteriorum
903 1507 1140 1548 Monialium
1154 1509 1233 1548 Ca-

228 1570 464 1626 pucinarum
480 1597 493 1618 ‚
519 1567 581 1607 seu
597 1565 876 1607 Paenitentium
894 1576 1230 1621 nuncupatarum,

226 1628 363 1672 Tertii
387 1625 548 1669 Ordinis
565 1628 605 1667 S.
618 1623 925 1673 Francisci,tam
943 1637 1015 1679 per
1032 1626 1095 1665 bo.
1114 1636 1229 1663 mem.

224 1687 418 1745 Jacobum
433 1685 609 1732 Blazen,
641 1682 740 1722 olim
754 1681 993 1735 Episcopum
1021 1680 1229 1723 Andoma-

226 1760 311 1789 ren.
329 1746 369 1787 in
386 1743 450 1786 sua
467 1739 642 1784 Dioecefi
658 1739 855 1794 primum,
869 1737 932 1779 seu
949 1740 996 1780 ab
1012 1739 1098 1780 aliis
1116 1737 1228 1793 Epis-

223 1801 480 1859 copis2postea
497 1813 567 1854 per
581 1797 757 1839 diversas
775 1797 963 1852 Dieceses
981 1801 1228 1848 erectorum,

225 1863 343 1918 quairn
359 1858 525 1915 imposte
535 1857 639 1907 rum,
657 1856 818 1898 servatis
833 1855 1052 1907 servandis,
1068 1859 1231 1910 erigen-

223 1921 368 1963 dorum
383 1920 514 1968 statui,
529 1930 573 1958 ac
590 1915 802 1970 regimini,
822 1916 861 1955 &
878 1916 1089 1970 gubernio,
1109 1928 1230 1971 quan«

223 1980 310 2021 tum
332 1992 423 2020 cum
438 1976 614 2018 Domino
634 1972 845 2028 possumus,
863 1972 1069 2016 consulere
1090 1973 1233 2015 volen-

225 2034 662 2091 tes,supplicationibus
680 2031 936 2074 Venerabilis
951 2032 1110 2075 Fratris«
1122 2035 1230 2075 Pau-

226 2095 256 2136 li
270 2094 450 2150 Episcopi
463 2091 721 2134 Attrebaten.
735 2091 864 2134 Nobis
881 2093 994 2145 {uper
1013 2092 1087 2132 hoc
1104 2090 1233 2132 humi·-

225 2154 325 2196 liter
354 2151 545 2207 porreetis
570 2148 782 2199 inclinati,
812 2148 866 2191 de
887 2148 1231 2192 Venerabilium„

224 2215 419 2255 Fratrum
432 2209 679 2258 nostrorum,
699 2209 846 2248 S.R.E.
865 2207 1140 2249 Cardinalium
1156 2221 1226 2249 ne-

223 2270 344 2326 gotiis
387 2267 651 2322 Regularium
692 2263 992 2319 praepofitotum
1023 2264 1191 2308 consilio
1212 2294 1226 2316 ,

221 2328 329 2384 quod
354 2326 576 2368 de'caetero
593 2323 795 2380 perpetuis
815 2321 958 2366 futuris
975 2325 1224 2380 temporibus

222 2387 386 2436 omnia,
411 2387 450 2426 &
466 2384 616 2439 singula
639 2382 878 2425 Monasteria
903 2383 1088 2438 praedie‘ta
1111 2384 1224 2437 supe-

219 2445 402 2487 rioritati
427 2470 441 2493 ,
471 2442 729 2499 jurisdictioni
753 2468 766 2490 a
799 2440 1012 2485 visitationi
1037 2468 1051 2490 ³
1086 2455 1223 2484 corre.-

217 2505 338 2545 c'tioni
352 2531 366 2553 ‚
394 2516 499 2544 curae
511 2531 527 2553 ‚
553 2502 592 2542 &
609 2500 804 2555 gubernio
818 2500 855 2542 in
873 2501 1142 2555 spiritualibus
1157 2502 1223 2551 ,&

216 2561 507 2619 temporalibus
533 2559 840 2601 ordina-riorum
861 2559 1043 2602 locorum
1062 2561 1222 2602 dumta-

220 2630 291 2661 xat
306 2649 319 2670 ,
335 2634 414 2661 non
440 2629 575 2662 autem
593 2616 855 2672 Regularium
872 2618 1072 2660 Ordinum
1098 2624 1221 2672 supe·-

216 2678 374 2720 riorum
389 2706 404 2727 ,
437 2678 580 2731 absque
594 2674 768 2731 expreffa
787 2675 900 2718 Sedis
915 2677 1158 2732 Apostol'icae
1173 2678 1228 2719 li·-

217 2733 352 2778 centia
368 2762 382 2784 ,
394 2733 536 2775 subsint
551 2761 565 2783 ,
582 2736 622 2775 δι
637 2731 783 2775 subesse
797 2734 973 2776 debeant
985 2761 1000 2783 a
1018 2736 1223 2789 Apostoli-

217 2809 266 2837 ca
286 2793 525 2834 auctoritate
539 2817 553 2840 ,
574 2801 716 2832 tenore
730 2791 981 2845 praesentium
1006 2795 1190 2836 volumus
1206 2821 1221 2844 ,

214 2854 255 2895 &
271 2850 528 2893 decernimus
547 2876 558 2887 .
591 2852 677 2889 Nec
693 2861 771 2888 non
785 2849 930 2889 eisdem
946 2853 1221 2904 Monasteriis‚

213 2910 462 2962 illorumque
477 2920 551 2961 pro
566 2915 748 2961 tempore
763 2906 1018 2946 existentibus
1030 2910 1221 2956 Superio-

212 2969 325 3011 ribus
355 2965 599 3018 nuncupatis
633 2963 874 3005 Monialibus
894 2993 911 3014 ‚
940 2979 986 3006 ac
1010 2964 1184 3018 persimis
1204 2990 1219 3010 a

214 3029 334 3069 rebus
348 3055 362 3076 ,
389 3027 426 3066 &
447 3022 559 3064 bonis
575 3021 898 3077 quibuscunque,
915 3036 988 3066 nec
1006 3037 1087 3064 n-on
1106 3026 1217 3065 Con-

216 3084 381 3128 seffariis
398 3112 410 3135 ,
425 3085 461 3125 &
479 3079 738 3136 Cappell'anis
753 3081 886 3122 omnia
910 3082 950 3122 &
979 3079 1124 3136 singula
1139 3082 1216 3136 pri«-

216 3144 388 3198 vilegia,
407 3140 676 3183 immunitates
694 3167 707 3189 ,
728 3139 1001 3193 exemptiones
1015 3168 1029 3190 ,
1051 3140 1220 3181 liberta-

214 3212 276 3245 tes
291 3231 304 3253 ,
330 3200 475 3255 gratias
490 3228 504 3250 ,
528 3197 805 3253 Indulgentias
820 3225 834 3247 ,
857 3197 1075 3240 &indulta
1091 3226 1104 3247 ,
1135 3213 1229 3253 quae·

214 3261 300 3303 aliis
316 3260 409 3301 dieti
426 3256 592 3299 Ordinis
612 3256 857 3297 Monasteriis
875 3255 1112 3299 Monialium
1127 3286 1140 3308 ,
1172 3258 1222 3298 il-

214 3319 427 3373 lorumque
445 3315 725 3370 Superioribus
739 3339 753 3360 ³
779 3315 978 3357 Matribus
992 3343 1005 3365 ,
1032 3316 1221 3358 moniali·-

967 3451 1189 3513 ΝΟ

2140 245 2240 322 91

1300 339 1374 381 bus
1388 368 1400 388 ,
1426 337 1603 393 personis
1618 364 1632 386 ‚
1653 335 1769 376 rebus
1783 363 1796 385 ‚
1820 337 1857 378 &
1875 336 1990 379 bonis
2004 339 2190 382 hastenus
2206 356 2306 398 quo.-

1301 397 1526 439 modolibet
1549 391 1725 436 concessa
1751 392 1837 435 sunt
1852 423 1866 445 ,
1894 396 2115 441 dummodo
2138 407 2303 445 tamen„

1305 456 1376 498 fint
1402 456 1441 496 in
1467 453 1533 497 usu
1550 483 1566 506 ,
1597 465 1669 493 nec
1688 463 1875 496 revocata
1890 482 1904 504 ,
1927 467 1993 497 aut
2022 456 2088 499 sub
2105 456 2305 512 aliquibus

1303 514 1630 556 revocationibus
1653 511 1936 564 comprehensa
1951 543 1966 564 ,
1990 513 2156 557 sacrisve
2170 518 2305 559 Cano-

1300 573 1414 614 nibus
1431 599 1445 621 ‚
1477 567 1708 612 &Concilii
1725 568 1956 613 Tridentini
1984 574 2172 615 Decretis
2190 603 2205 624 ,
2237 586 2303 617 aut

1301 628 1666 671 Constitutionibus
1696 626 1940 680 Apostolicis
1979 633 2179 672 contraria
2218 635 2307 674 exi-

1296 688 1398 738 stant
1411 714 1423 736 ,
1439 687 1478 726 &
1490 685 1768 727 concedentur
1785 687 1823 725 in
1840 683 2019 729 futurum
2034 717 2049 738 ,
2063 692 2303 734 auctoritate

1295 747 1335 786 &
1357 754 1503 786 tenore
1520 744 1714 797 praedictis
1732 745 2073 787 communicamus
2087 776 2098 788 .
2131 752 2307 792 Praeter-

1293 818 1339 846 ea
1358 802 1592 843 modernum
1608 830 1620 851 ,
1635 804 1675 842 &
1689 814 1763 855 pro
1777 805 2212 855 tempore-existentem
2233 823 2307 850 no-

1294 862 1413 903 strum
1429 888 1442 911 ,
1464 862 1502 901 &
1516 858 1757 913 Apostolicae
1779 859 1893 901 Sedis
1913 862 2117 904 Nuncium
2145 866 2181 906 in
2202 869 2307 908 Pro-

1292 918 1433 962 vinciis
1447 948 1462 969 ,
1495 917 1558 960 ubi
1591 916 1694 958 dieta
1718 918 1955 960 Monasteria
1989 920 2056 960 fita
2081 921 2168 962 sunt
2183 952 2198 972 ,
2234 926 2301 967 vel

1292 985 1742 1034 erunt,commorantem
1757 1004 1770 1027 ,
1793 977 1832 1017 in
1848 979 2081 1020 eorumdem
2100 981 2301 1023 Monaste-

1294 1038 1445 1079 riorum
1461 1063 1475 1085 ,
1508 1033 1754 1089 illorumque
1788 1049 1923 1077 rerum
1946 1064 1960 1086 ,
1991 1038 2031 1078 δι
2062 1038 2300 1081 bonorum,

1293 1093 1627 1138 Conservatorem
1643 1123 1658 1145 ,
1682 1095 1721 1133 δε
1739 1092 1840 1135 vice
1853 1095 2160 1136 -protestorem
2177 1110 2303 1142 cum„

1288 1155 1529 1196 auctoritate
1545 1181 1556 1202 ,
1573 1150 1834 1194 facultatibus
1847 1181 1861 1205 ,
1877 1153 2102 1195 honoribus>
2113 1181 2127 1204 ‚
2149 1155 2303 1197 &one-

1286 1214 1412 1263 ribus,
1428 1211 1616 1252 similibus
1634 1213 1996 1254 conservatoribus
2009 1242 2022 1264 ,
2035 1215 2074 1254 δι
2087 1212 2304 1255 Vice-Pro-

1289 1271 1511 1314 tenoribus
1528 1271 1579 1312 de
1605 1271 1719 1322 iure,
1747 1272 1843 1319 usu,
1870 1270 2160 1313 consuetudine
2177 1300 2189 1323 ,
2215 1272 2300 1326 pri-

1290 1330 1527 1384 vilegio,aut
1542 1328 1637 1371 alias
1650 1329 1958 1384 quomodolibet
1972 1332 2300 1384 competentibus

1293 1388 1526 1430 auctoritate
1567 1389 1607 1429 &
1635 1399 1777 1431 tenore
1791 1388 1979 1431 fimilibus
1995 1388 2274 1432 constituimus
2283 1419 2300 1441 ‚

1293 1450 1330 1489 &
1349 1447 1590 1502 deputamus
1608 1474 1620 1487 .

1360 1510 1636 1548 Decernentes
1657 1504 1865 1558 praesentes
1881 1505 2059 1547 Litteras
2074 1532 2088 1554 ,
2120 1508 2158 1547 &
2176 1506 2213 1548 in
2239 1508 2298 1548 eis

1294 1573 1486 1607 contenta
1501 1576 1757 1617 quaecumque
1775 1565 1925 1618 semper
1942 1564 2076 1605 valida
2091 1593 2104 1614 ,
2119 1563 2248 1615 firma,
2260 1568 2302 1606 &

1293 1620 1471 1665 efficacia
1487 1620 1656 1662 existere
1670 1647 1684 1669 ,
1704 1623 1846 1663 &fore
1863 1652 1875 1672 ‚
1899 1622 2062 1677 suosque
2079 1624 2300 1677 plenarios,

1289 1683 1329 1721 δε
1351 1682 1529 1732 integros
1550 1678 1711 1720 effectus
1738 1680 1903 1731 sortiri,
1934 1683 1972 1722 &
2001 1682 2212 1732 obtinere,
2249 1697 2298 1724 ac

1288 1736 1437 1781 eisdem
1454 1739 1706 1796 Mona-lteriis
1721 1741 1759 1779 in
1785 1740 1967 1781 omnibus
1985 1769 1998 1791 ,
2024 1743 2063 1782 ὃ(
2078 1755 2149 1795 per
2166 1743 2300 1782 onmia

1292 1796 1511 1853 pleniffime
1535 1797 1736 1851 suffragari
1752 1811 1774 1850 3v
1800 1798 1927 1853 ficque
1943 1813 2015 1852 per
2028 1801 2298 1855 quoscumque

1289 1856 1702 1915 Judices,ordinarios
1715 1885 1727 1907 2
1743 1859 1782 1898 δι
1799 1857 2017 1912 Delegatos
2033 1885 2047 1907 ,
2064 1856 2189 1900 etiam
2201 1873 2296 1900 cau-

1292 1917 1422 1959 sarum
1438 1915 1583 1956 Palatii
1600 1915 1821 1969 Apostolici
1836 1917 2057 1958 Auditores
2073 1945 2087 1967 ,
2110 1916 2300 1970 judicari,

1291 1978 1329 2017 &
1344 1973 1502 2016 definiri
1520 1972 1673 2015 debere
1689 1987 1710 2025 ς’
1730 1988 1774 2015 ac
1795 1976 1953 2016 irritum
1967 1976 2137 2016 &inane
2151 2005 2167 2025 ,
2193 1977 2219 2016 s1
2237 1972 2300 2017 se·

1291 2048 1361 2077 cus
1377 2035 1494 2088 super
1520 2032 1578 2073 his
1600 2034 1623 2076 a
1644 2046 1843 2088 quoquam
1860 2034 1998 2090 quavis
2016 2035 2296 2078 auctoritate,

1290 2094 1459 2136 scienter
1472 2121 1484 2143 ,
1513 2091 1574 2135 vel
1590 2091 1824 2145 ignoranter
1840 2093 2059 2148 contigerit
2073 2096 2267 2136 attentari
2285 2121 2298 2133 .

1349 2155 1443 2194 Non
1471 2150 1718 2192 obstantibus
1738 2150 2132 2202 Constitutionibus,
2158 2153 2296 2193 &Or-

1287 2210 1562 2253 dinationibus
1576 2209 2096 2265 Apostolicis,ac,quatenus
2113 2224 2210 2265 opus
2227 2210 2288 2262 fit,

1285 2271 1379 2313 dieti
1395 2268 1575 2320 Ordinis,
1588 2269 1714 2310 etiam
1735 2267 1961 2321 juramento
1975 2298 1990 2319 ,
2015 2266 2295 2311 confirmatio-

1285 2343 1335 2370 ne
1350 2327 1581 2382 Apostolica
1597 2356 1612 2377 ,
1635 2327 1696 2368 vel
1714 2327 1851 2382 quavis
1866 2326 2295 2369 firmitatealiarobo·

1285 2389 1380 2430 ratis
1396 2386 1548 2427 statutis
1566 2413 1580 2435 ,
1607 2388 1643 2427 &
1660 2385 2012 2427 consuetudinibus
2028 2414 2041 2436 ,
2074 2386 2294 2441 privilegi-is

1282 2459 1442 2502 quoque
1462 2444 1656 2493 indultis,
1681 2444 1860 2486 &literis
1876 2443 2116 2499 Apostolicis
2132 2446 2171 2486 in
2189 2458 2289 2486 con-

1284 2505 1449 2548 trarium
1466 2501 1744 2558 praemifforum
1761 2501 2069 2558 quomodolibet
2084 2503 2290 2551 concessis,

1283 2561 1527 2607 confirmatis
1543 2563 1582 2602 &
1598 2562 1800 2604 innovatis
1816 2591 1826 2602 .
1849 2562 2006 2618 Qibus
2027 2563 2210 2603 omnibus
2223 2592 2236 2612 ,
2251 2565 2288 2603 Sc

1283 2622 1458 2678 singulis,
1472 2620 1637 2661 illorum
1653 2628 1816 2662 tenores
1842 2621 2096 2674 prae-sentibus
2117 2635 2190 2675 pro
2207 2622 2291 2674 ple·-

1283 2682 1332 2723 ne
1347 2707 1360 2727 ³
1388 2686 1426 2720 ὃ(
1449 2677 1687 2720 sufficienter
1703 2677 1887 2733 expreffis
1907 2707 1919 2729 ,
1953 2692 1997 2719 ac
2021 2679 2072 2719 de
2097 2679 2223 2721 verbo
2239 2680 2290 2721 ad

1284 2739 1454 2781 verbum
1468 2734 1625 2778 insertis
1644 2736 1955 2786 habentes,1·11·is-
1969 2735 2066 2775 aliis
2082 2737 2120 2776 in
2139 2737 2208 2778 suo
2224 2752 2288 2778 ro-

1281 2800 1379 2841 bore
1396 2792 1656 2850 permansuris
1670 2821 1684 2843 ,
1696 2795 1744 2836 ad
1762 2791 2043 2848 praemisl'orum
2070 2793 2289 2838 effectum...

1281 2858 1354 2898 hac
1370 2855 1458 2895 vice
1471 2853 1681 2894 dumtaxat
1699 2851 1943 2903 specialiter,
1958 2851 1995 2891 &
2015 2853 2199 2907 expresse
2217 2854 2285 2896 de·

1280 2924 1465 2966 rogamus
1480 2937 1491 2958 ‚
1507 2909 1702 2963 caeterisq3
1718 2909 1929 2950 contrariis
1944 2910 2258 2969 quibuscumque
2269 2943 2281 2954 .

1341 2971 1488 3008 Datum
1512 2969 1648 3007 Romae
1665 2966 1768 3021 apud
1790 2970 1968 3010 Sanctam
1996 2971 2175 3012 Mariam·
2196 2976 2287 3015 Ma-

1279 3026 1405 3081 jorem
1422 3024 1489 3066 sub
1507 3026 1668 3067 Annulo
1687 3025 1894 3067 Piscatoris
1913 3025 1978 3066 die
1994 3040 2118 3069 x111.
2140 3033 2282 3085 Augu-

1279 3084 1322 3125 sti
1355 3097 1498 3126 MDcxx
1511 3097 1568 3125 ix.
1610 3083 1877 3127 pontificatus·
1901 3084 2034 3127 Nostri
2066 3090 2185 3129 Anno
2216 3087 2277 3131 se-

1280 3153 1408 3199 ptimo
1424 3170 1435 3182 .

1340 3260 1583 3314 Autograph.
1600 3258 1641 3302 in
1659 3261 1776 3304 Archa
1790 3265 1931 3305 secret.
1948 3265 2133 3304 Brevium
2147 3263 2275 3321 Apost.

1396 3318 1550 3375 Regqllo
1563 3320 1680 3377 mens}
1694 3320 1741 3367 δ’
1753 3324 1848 3364 anni
1855 3320 1984 3375 praed.
1993 3319 2074 3378 fol.
2088 3333 2189 3374 412.

1283 3451 1580 3518 TA.·

291 3596 379 3633 Lura
397 3597 921 3645 Monialium'Congregationis
943 3598 1209 3635 Audomarenfis
1233 3601 1449 3647 reperiuntur
1476 3605 1512 3638 in
1535 3605 1595 3640 hac
1618 3603 1802 3640 Provincia
1819 3601 2027 3644 Domicilia,
2052 3613 2127 3649 quae
2144 3602 2186 3638 ad
2209 3602 2278 3638 cal-

314 3657 387 3681 cem
410 3646 507 3693 hujus
532 3649 640 3684 Tomi
667 3649 780 3685 danda
798 3654 937 3681 annotat
952 3647 1087 3682 Tabula
1104 3659 1116 3686 ;
1144 3647 1216 3683 sunt
1231 3648 1265 3684 8<
1287 3650 1384 3695 plura
1399 3652 1601 3697 Apostolica
1622 3655 1867 3694 Documenta,
1892 3652 1934 3686 ad
1954 3649 2108 3687 favorem
2126 3651 2161 3686 &
2183 3661 2274 3687 com-

220 3693 323 3728 moda
337 3693 468 3729 illarum
484 3706 633 3731 emanata
651 3719 662 3739 ‚
686 3708 761 3743 qua:
777 3693 885 3731 Bullis
898 3695 964 3731 &c-
986 3694 1175 3732 Provinciae
1193 3696 1390 3742 insulensis,
1416 3698 1450 3735 in
1464 3711 1531 3746 qua
1543 3700 1728 3748 primaevus
1752 3699 1854 3747 hujus
1865 3699 2052 3746 Capueinae
2074 3701 2277 3744 Congrega-

228 3741 331 3779 tionis
349 3744 444 3778 locus
458 3744 595 3789 existit,
621 3745 891 3781 immiscebuntur
905 3769 915 3780 .

319 3847 412 3884 Tam.
424 3847 488 3887 IV.

1574 3856 1612 3890 M
1637 3865 1656 3889 z
2122 3850 2230 3888 Varia
