2658 4256
751 239 1713 356 Flandro-Belgica.

2078 248 2225 331 101

228 408 230 415 ,
255 415 258 419 ,
306 371 406 409 Hinc
427 371 593 411 Oratores
613 373 766 424 preditis·
790 374 835 410 ad
857 374 898 410 S.
915 370 957 408 V.
977 371 1078 419 pedes
1104 370 1230 405 iterum
1245 368 1442 416 provoluti:
1464 367 1612 450 congano
1633 368 1761 415 prius,
1788 367 1830 409 &⁴
1850 377 2029 405 annuente
2064 372 2182 418 raefato
2198 376 2290 413 Emi.

218 419 397 469 untssimo
417 422 605 460 Cardinale
619 421 793 472 Acciajoli
801 419 1003 459 Protenore
1015 445 1024 459 ‚
1042 416 1217 455 humiliter
1224 417 1443 466 supplicant,
1460 426 1501 456 ut
1541 416 1634 452 ratri
1653 414 1823 452 Michaeli
1838 416 1972 464 Angelo
1994 416 2014 452 ὰ
2066 420 2188 466 agusa,
2213 425 2290 459 Mi.

214 466 314 518 nistro
333 470 521 516 Generali,
533 473 632 508 brevi
643 471 876 509 ‘Provinciam
895 465 1231 513 Mandro-,Belgicam
1251 466 1430 514 visttaturo
1446 490 1459 510 ‚
1489 462 1619 504 auditis
1639 464 1740 512 prius
1753 487 1765 506 ‚
1804 477 1842 501 ac
1869 466 2017 513 ‘vt'sitatis
2042 468 2196 502 omnibus
2215 493 2227 510 ‚
2248 483 2286 507 ac

202 516 344 567 fagulis
364 518 510 568 ejusdem
525 520 732 557 ‘Provinciae
743 517 925 556 Fratribus
940 539 950 557 ‚
974 516 1016 555 (β’
1030 524 1068 548 re
1073 512 1167 559 serio
1175 513 1368 560 prudenter
1385 538 1392 552 ‚
1407 526 1446 550 ac
1464 513 1502 549 di
1506 511 1652 558 ligenter
1666 512 1879 557 examinata,
1886 513 2092 560 facultatem
2105 515 2243 563 restitue
2249 530 2282 553 n.

207 564 246 601 di
270 567 521 616 ‘Discretorum
544 568 733 606 eleniouem
748 582 755 601 2
770 567 802 617 fi
824 566 862 602 id
888 559 1145 607 divinaegloriae
1157 585 1170 603 ,
1209 561 1328 598 ublicae
1348 561 1630 609 tranquillitati,
1651 570 1690 597 ac
1705 557 1899 606 Regularis
1913 561 2155 610 Observantiae
2168 565 2284 600 incre-

211 624 321 652 mento
338 622 377 653 in
387 617 533 655 Domino
541 616 762 668 judicaverit
775 614 931 665 expedire
943 625 956 652 5
977 619 1039 659 per
1052 607 1173 659 Aposto
1187 611 1278 647 icum
1291 610 1411 647 ‘Breve
1423 607 1602 647 concedere
1621 608 1786 656 dignetur
1800 621 1811 645 ι
1841 610 1886 646 Et
1894 617 1956 656 pro
1966 613 2089 658 gratia
2103 613 2184 654 &c-

307 715 360 754 Ut
373 727 476 762 opera
501 715 536 753 8t
553 713 718 752 concursu
742 711 836 751 111ῶί
853 707 994 746 Domini
1011 700 1154 743 Abbatis
1176 705 1195 741 a
1219 706 1400 762 S.Joanne
1413 705 1561 754 Baptista
1574 729 1586 749 ,
1612 705 1798 761 Bruxellis·
1809 714 1891 743 tunc
1914 707 2099 752 refidentis,
2113 708 2278 747 executio

211 763 409 810 Apostolitti
423 763 546 802 Brevis
559 760 823 808 coadjuvemur
834 781 848 803 ,
870 757 935 794 fuit
947 755 1007 805 ipfi
1021 765 1116 792 mens
1129 754 1305 793 pontificu
1317 754 1462 801 desuper
1472 755 1636 798 intimata,
1649 753 1799 801 sequenti
1816 754 1969 802 Epistola
1982 767 1992 791 ε

719 867 975 932 Perillustris
989 899 1006 922 ,
1031 863 1087 911 (Ὺ
1114 861 1244 911 Adm.
1275 861 1527 911 Reverende
1559 861 1739 911 Domine
1753 898 1765 911 .

306 990 395 1028 Cum
408 988 515 1026 Pater
529 983 709 1024 Generalis
727 984 982 1030 Capacinorum
1003 980 1102 1016 intra
1113 980 1217 1016 breve
1229 987 1358 1027 tempus
1373 977 1457 1015 illuc
1468 979 1522 1014 ad
1533 978 1736 1028 visitandam
1747 978 1984 1015 “Provinciam
2000 979 2038 1027 se
2049 980 2203 1027 conferre
2218 982 2277 1017 de-

208 1040 305 1080 beat,
326 1035 526 1084 Sanfiliffimi
541 1033 693 1069 ‘Domini
707 1029 829 1082 Nostri
848 1043 940 1067 mens
968 1028 1013 1078 est
1028 1051 1040 1070 ‚
1064 1036 1106 1063 ut
1130 1027 1330 1066 Dominatio
1345 1029 1420 1064 Sua
1446 1026 1507 1063 illi
1514 1028 1641 1076 faveat
1653 1050 1666 1069 ‚
1685 1038 1827 1076 eumque
1836 1029 1875 1063 in
1892 1029 2058 1068 omnibus,
2072 1039 2144 1074 quae
2162 1041 2281 1065 occur.

199 1099 276 1125 rere
297 1082 452 1133 poffunt,
471 1080 723 1130 affistentidsua'
736 1104 749 1124 ‚
775 1079 938 1122 meliore,
961 1088 1026 1126 quo
1039 1077 1187 1122 poterit,
1213 1076 1307 1115 modo
1312 1075 1548 1126 sufflagetur,
1570 1076 1759 1123 prasertim
1792 1078 1830 1111 in
1860 1077 1962 1123 casu,
1987 1087 2051 1124 quo
2072 1084 2135 1123 pro
2148 1076 2284 1113 meliore

199 1135 270 1173 Dei
282 1132 434 1180 servitio
449 1157 460 1173 ,
484 1131 528 1172 ἀγ
545 1128 742 1178 ρενῙεδῖὶονε
763 1127 952 1176 Regularis
964 1122 1162 1173 Disciplinae
1187 1124 1406 1171 observantia
1434 1124 1678 1174 restitutionem
1702 1125 1937 1173 Discretorum
1951 1123 2124 1161 Lot-alium
2154 1125 2286 1172 expedi-

198 1193 236 1219 re
244 1180 421 1230 judicaret
439 1205 449 1216 .
472 1178 578 1228 Qd
597 1178 706 1214 Dom.
722 1179 796 1217 Sua
811 1178 892 1214 exin
918 1176 1104 1221 benignam
1116 1172 1322 1209 Sanfiicatis
1334 1175 1414 1211 Suae
1424 1173 1589 1223 placitum
1603 1174 1666 1225 fibi
1679 1174 1725 1223 fit
1746 1173 1977 1212 conciliatura
1992 1197 2005 1218 ‚
2032 1172 2173 1210 eandem
2198 1172 2285 1222 hisce

198 1239 325 1268 certam
350 1227 480 1271 reddo,
502 1231 544 1271 ὼ·
560 1226 675 1263 Eidem
700 1226 721 1263 ὰ
746 1225 836 1264 Coelo
853 1222 1006 1275 perfifiiae
1019 1218 1205 1270 felicitatis
1233 1222 1392 1271 affluxum
1423 1231 1584 1273 apprecor
1599 1247 1610 1260 .

298 1275 414 1314 Romae
443 1277 494 1315 18-
518 1274 737 1328 ffulii1714.

1365 1369 1416 1415 F.
1450 1369 1673 1416 cardinalis
1704 1372 1906 1415 Paulatius
1918 1400 1930 1413 .

297 1501 517 1551 Exemplaria
542 1500 759 1539 Anthentica
793 1500 974 1551 utriusque
1000 1497 1223 1537 ‘Documenti
1250 1497 1290 1533 in
1299 1498 1458 1537 Archivo
1474 1499 1642 1538 Generali
1665 1499 1819 1538 Ordinis
1832 1525 1845 1546 ,
1874 1499 2043 1542 Amario
2068 1499 2282 1537 Provincia-³

393 1552 542 1589 Flandro
554 1570 566 1578 -
580 1549 726 1594 Belgica
740 1574 751 1586 .

307 1765 1104 1811 RESCRIPTO

432 1895 468 1944 S
467 1913 567 1945 acrae
604 1896 930 1947 Poenitentiariae
952 1931 964 1945 .

201 2042 346 2088 Breve
367 2071 383 2094 ,
419 2053 511 2103 quo
547 2037 725 2087 duobus
759 2035 991 2087 Fratribus
1029 2034 1089 2084 ad
1123 2038 1210 2085 Re-

268 2109 495 2156 verendos
521 2111 606 2157 ΡΡ.
629 2104 946 2157 Cistercienses
970 2104 1206 2155 Reforma-

269 2191 341 2227 tos
361 2178 509 2227 Vallis
525 2183 691 2228 Aureae
709 2177 893 2230 tranfire
913 2177 1073 2229 datum
1099 2173 1205 2234 fuit,

269 2260 548 2306 revocatur,
584 2247 634 2299 δε
658 2249 776 2298 disti
812 2252 991 2298 Fratres
1026 2245 1206 2298 Habitu

208 2380 213 2386 ῃ
268 2315 555 2368 Cistercienfi
581 2319 775 2368 necdum
815 2319 996 2375 induti,
1025 2316 1084 2366 ad
1101 2319 1207 2366 Pro-

269 2388 470 2438 vinciam
503 2389 682 2458 regredi
712 2389 962 2453 jubentur.

259 2526 556 2586 Eminentffmc
583 2543 629 2571 ac
653 2527 964 2587 Reverendtfflme
980 2530 1147 2574 Domine

600 2589 768 2632 Domine
781 2618 793 2631 .

304 2704 511 2748 Minentiae
523 2705 672 2752 Vestrae
687 2705 728 2749 in
744 2705 966 2750 humillima
980 2708 1207 2751 veneratio-

332 2775 382 2804 ne
401 2764 616 2816 exponitur
629 2794 644 2815 ,
667 2766 844 2819 qualiter
860 2769 939 2808 ΡΡ.
952 2767 1204 2817 Βεηεάἱᾶαε,

201 2820 243 2862 δι
264 2819 558 2874 Tranquillinus
575 2820 624 2862 de
643 2822 729 2865 Lo&
745 2852 760 2872 ,
794 2826 956 2866 Fratres
979 2826 1173 2868 Germani
1191 2853 1204 2876 ,

198 2877 441 2932 Presbyteri
455 2872 640 2932 expresse
653 2880 819 2921 Profeffi
831 2883 1017 2928 Fratrum
1029 2884 1203 2936 capuci·

198 2950 342 2978 norum
356 2934 523 2978 Ordinis
555 2937 692 2978 Sancti
723 2935 920 2978 Francisci
935 2964 950 2986 ‚
987 2940 1204 2981 Provinciae

198 2994 396 3044 Flandriae
409 3023 423 3045 ‚
446 2993 678 3037 consensum
694 3008 820 3049 nuper
838 2994 1028 3048 petierint
1042 2995 1062 3036 ὲ
1080 3001 1206 3050 Supe-

197 3053 375 3096 rioribus
407 3051 588 3109 ejusdem
620 3052 694 3095 suae
721 3053 946 3096 Provineiae
970 3051 1204 3095 transeundi

204 3113 254 3154 ab
268 3112 422 3154 Ordine
434 3112 571 3154 nostro
585 3112 632 3154 ad
650 3112 937 3155 Monasterium
955 3113 1094 3153 Aureae
1106 3111 1205 3153 Val-

199 3171 274 3222 lis,
297 3170 461 3212 Ordinis
478 3170 747 3213 Cisterciensis
762 3200 775 3221 ‚
791 3171 1003 3225 primitiva:
1032 3170 1123 3225 (uti
1140 3170 1202 3211 di—

201 3229 308 3271 citur
323 3229 345 3287 )
360 3228 577 3271 strictioris
590 3229 883 3279 observantiae,
900 3230 937 3270 in
956 3229 1106 3271 virtute
1131 3229 1205 3271 ali·

203 3286 315 3344 cujus
330 3287 487 3341 gratiosi
501 3286 787 3341 Rescripti2sub
801 3289 962 3329 decimo
974 3290 1120 3330 octavo
1133 3289 1210 3329 Ka-

204 3345 316 3387 lend.
330 3346 537 3399 Septemb.
550 3344 664 3401 hujus
677 3345 768 3386 anni
783 3345 1036 3386 decurrentis
1050 3346 1070 3386 ἐι
1086 3349 1207 3387 Sacra

206 3404 516 3446 Poenitentiaria
541 3404 700 3445 obtenti
731 3403 799 3445 sub
819 3401 998 3458 specioso
1014 3412 1208 3458 praetextu

208 3461 386 3503 arctioris
406 3463 495 3504 vitae
507 3492 523 3513 ,
554 3463 593 3503 &
608 3461 771 3518 majoris
787 3459 1041 3517 perfeetionis
1058 3461 1208 3503 ibidem

210 3518 454 3572 acquirendae
468 3549 478 3559 .

269 3580 372 3621 Cum
385 3590 522 3622 autem
538 3579 718 3622 Minister
732 3578 1004 3621 Provincialis
1015 3606 1028 3628 a
1047 3579 1086 3618 &
1101 3575 1208 3619 Defi-

209 3634 364 3677 nitores
377 3635 602 3693 supradietae
619 3637 836 3682 Provinciae
852 3651 903 3679 ex
917 3648 1030 3679 certa
1047 3636 1209 3678 scientia

209 3694 474 3746 agnoverint,
496 3695 687 3751 ejusmodi
703 3709 844 3751 preces
859 3724 872 3747 ,
900 3699 922 3739 ὲ
939 3695 1147 3738 Fratribus
1161 3693 1209 3734 il-

206 3749 255 3791 lis
269 3755 471 3806 porrectas
485 3782 500 3803 ‚
529 3757 694 3798 omnino
709 3755 865 3797 fluitias
887 3754 990 3797 effe:
1023 3753 1118 3796 ideo
1137 3767 1207 3808 pe·

206 3809 320 3851 titam
338 3810 503 3866 desuper
518 3811 721 3857 licentiam
739 3812 851 3857 nullo
867 3814 991 3857 modo
1007 3810 1206 3868 impertiri

1269 1761 1308 1804 se
1324 1761 1508 1814 debere,
1533 1762 1598 1807 sed
1613 1765 1748 1819 potius
1775 1765 1813 1808 in
1837 1765 2082 1808 conscientia
2106 1764 2283 1819 obligari

1269 1822 1307 1863 se
1323 1820 1497 1865 credunt
1513 1848 1526 1871 a
1553 1825 1793 1868 Eminentiae
1812 1825 1962 1868 Veflrae
1975 1854 1990 1877 ,
2016 1839 2102 1880 quae
2116 1834 2284 1865 totam.)

1270 1880 1450 1937 ejusdem
1467 1878 1669 1938 Rescripti
1698 1882 1956 1929 validitatem
1987 1882 2177 1939 expresse
2207 1884 2280 1923 in.,

1269 1954 1436 1996 precum
1456 1942 1629 1984 veritate
1649 1941 1812 1997 ipsamet
1830 1943 2038 1989 constituit
2053 1972 2067 1993 ,
2084 1943 2121 1984 in
2136 1940 2283 1983 demis-

1268 2001 1360 2043 ssma
1375 1998 1611 2043 obedientia
1624 2003 1822 2045 veraciter
1837 2016 2042 2058 exponere
2056 2016 2137 2042 non
2153 1999 2281 2042 solum

1266 2056 1446 2115 ejusdem
1467 2059 1641 2110 motin,
1667 2063 1790 2117 gratis
1810 2061 2007 2116 allegati,
2033 2059 2281 2102 insubfisten-

1267 2118 1364 2161 tiam
1382 2146 1396 2170 ‚
1425 2115 1494 2159 sed
1520 2118 1644 2161 etiam
1670 2120 1938 2176 graviffimum
1970 2119 2278 2176 praejudicium‚

1266 2176 1374 2231 quod
1395 2189 1476 2219 non
1504 2177 1661 2220 tantum
1687 2179 1822 2222 eidem
1852 2179 2100 2228 Provinciae,
2132 2180 2171 2218 &
2199 2177 2278 2217 toti

1266 2235 1567 2291 Capucinorum
1582 2237 1746 2289 Ordini‚
1762 2239 1826 2280 sed
1843 2243 1920 2281 toti
1936 2237 2163 2292 respestivae
2181 2233 2282 2276 Rei-

1266 2293 1437 2350 publicae
1450 2295 1684 2339 Christianae
1715 2293 1984 2343 infallibiliter
2009 2308 2056 2338 ex
2080 2291 2276 2351 ejusmodi

1267 2350 1439 2395 tranfitu
1453 2353 1606 2396 oboriri
1627 2354 1793 2398 videtur
1809 2385 1820 2397 .
1853 2358 1906 2398 Et
1923 2355 2089 2412 quidem
2117 2346 2283 2395 in‘subfi-

1268 2411 1405 2454 stentia
1428 2411 1591 2466 allegati
1616 2415 1761 2456 motivi
1780 2415 1938 2458 abunde
1963 2422 2075 2467 patet
2096 2410 2248 2455 exinde
2266 2439 2280 2462 ‚

1266 2469 1358 2526 quia
1375 2469 1528 2525 praefati
1549 2473 1740 2528 Religiofi
1765 2474 1898 2516 zelum
1921 2473 2038 2517 illum
2055 2469 2278 2527 perfeetio—

1267 2531 1321 2572 ris
1337 2529 1427 2570 vitae
1449 2543 1648 2584 nunquam
1664 2531 1770 2587 apud
1787 2546 1857 2574 nos
1873 2530 2125 2575 ostentarunt
2141 2558 2155 2580 ,
2181 2543 2277 2571 cum

1265 2602 1317 2630 ne
1341 2589 1506 2646 quidem
1530 2588 1708 2645 perfeste
1733 2589 1949 2635 secundum
1975 2590 2208 2645 Regulam,
2238 2589 2279 2627 &

1266 2646 1592 2694 Constitutiones
1610 2649 1756 2692 nostras
1772 2651 1914 2693 vivere
1938 2648 2183 2692 studuerint:
2211 2644 2279 2687 sed

1265 2706 1412 2762 quietis
1429 2707 1680 2759 Monasticae‚
1699 2705 2003 2763 solitudinisque
2019 2705 2197 2761 petracii,
2211 2702 2279 2746 sae-

1264 2763 1462 2806 cularium
1494 2768 1701 2820 utriusque
1719 2765 1828 2809 sexfis
1847 2767 2071 2808 tumultum
2096 2763 2275 2805 ambien-

1263 2823 1390 2872 tes,&
1403 2837 1451 2864 ex
1466 2824 1674 2865 ambitiosa
1688 2823 1868 2877 superbia
1884 2826 2004 2876 usque
2019 2822 2068 2862 ad
2083 2821 2270 2862 nauseam

1263 2881 1338 2922 suis
1351 2881 1558 2925 Fratribus
1575 2881 1729 2922 molesti
1742 2909 1755 2932 ,
1769 2882 1985 2935 gravesque
2002 2879 2156 2934 semper
2171 2880 2274 2922 exti-

1264 2948 1406 2979 terunt
1423 2937 1496 2980 suis
1512 2938 1736 2979 Provinciae
1749 2965 1762 2986 a
1773 2941 1813 2980 δι
1829 2942 2031 2983 Locorum
2046 2939 2275 2994 Superiori-

1265 2996 1342 3036 bus
1354 3021 1368 3041 ,
1395 2995 1416 3035 a
1432 2995 1575 3050 quibus
1590 2994 1680 3036 cum
1699 2998 1846 3050 partim
1860 2999 1912 3039 ob
1928 2998 2100 3040 discolos
2112 3011 2245 3042 mores
2257 3025 2271 3047 ‚

1265 3052 1412 3108 partim
1443 3053 1495 3093 ob
1527 3053 1768 3104 periculosas
1799 3057 2092 3099 familiaritates
2114 3086 2129 3106 ,
2174 3069 2279 3112 quas-

1266 3110 1483 3166 praesertim
1498 3110 1847 3167 P.Tranquillinus
1863 3115 2096 3172 jamdudum
2112 3116 2269 3165 habuit,

1265 3174 1304 3211 ὅτ.
1321 3169 1543 3211 etiamnum
1561 3170 1680 3213 habet
1696 3186 1787 3214 cum
1806 3174 2032 3215 hominibus
2052 3174 2089 3214 in
2107 3175 2266 3229 Belgio,

1267 3229 1319 3271 de
1335 3229 1477 3269 morali
1501 3227 1679 3272 dofirina
1694 3229 1901 3286 suspectis,
1925 3231 1973 3272 ad
1990 3232 2174 3286 praetensa
2189 3235 2270 3273 Or·-

1269 3286 1376 3328 dinis
1402 3285 1532 3328 officia
1559 3292 1784 3340 promoveri
1813 3305 1891 3332 non
1908 3290 2142 3346 potuerint:
2177 3292 2269 3333 ideo

1273 3345 1530 3388 Provinciam
1545 3345 1697 3402 scriptis
1716 3349 1900 3404 Epistolis
1915 3376 1928 3397 ,
1953 3350 1992 3389 &
2009 3347 2099 3389 viva
2113 3350 2269 3392 etiarm,

1270 3417 1369 3445 voce
1385 3402 1643 3456 proscindunt
1658 3434 1672 3454 ‚
1699 3422 1742 3448 ac
1760 3407 1990 3455 diffamant,
2019 3405 2268 3462 laxitatisque

1268 3470 1469 3516 arguunt,
1500 3463 1564 3517 qui
1586 3474 1718 3506 tamen
1744 3465 1810 3520 ipfi
1832 3465 2070 3506 modernum
2088 3465 2174 3520 ejus
2189 3494 2202 3516 ‚
2228 3467 2269 3505 δε

1267 3520 1525 3562 moderatum
1556 3523 1729 3577 rigorem
1762 3523 1944 3578 perferre
1975 3537 2053 3564 non
2087 3525 2228 3566 volunt
2252 3535 2267 3573 τ,

1267 3577 1374 3620 unde
1393 3579 1549 3632 penitus
1564 3580 1739 3635 praesumi
1753 3596 1834 3624 non
1851 3580 1954 3635 poffe
1970 3582 2144 3630 videtur,
2156 3583 2265 3637 quod

1269 3636 1493 3691 hujusmodi
1518 3637 1799 3694 indisciplinati
1828 3639 2053 3694 Religiosi,
2083 3642 2152 3696 qui
2180 3654 2265 3680 mo-

1267 3694 1433 3737 dernam
1453 3697 1670 3738 Provinciae
1686 3697 1757 3739 suae
1775 3697 2061 3752 perfefftionem
2089 3698 2263 3740 nullate·

1269 3767 1340 3794 nus
1358 3753 1563 3806 attingunt
1577 3783 1590 3805 s
1615 3755 1821 3798 transitum
1846 3758 1957 3800 istum
1974 3758 2164 3812 petierint
2179 3755 2268 3797 zelo

1269 3809 1525 3867 perfectioris
1542 3813 1632 3856 vitae
1647 3842 1660 3866 2
1685 3813 1752 3857 sub
1769 3829 1847 3871 quo
1872 3818 2058 3860 colorato
2074 3823 2269 3874 praetextu

2127 3887 2220 3929 per-
