2658 4256
925 277 1512 366 ”Walloniae-
1783 318 1786 320 ·
2042 295 2195 391 103·

198 414 348 460 ψάμμον
360 410 480 448 addin.
499 411 545 448 R.
563 411 603 450 P.
622 411 835 451 Honoratum
847 411 1074 460 “Parisiensem
1088 437 1100 456 ‚
1124 423 1208 450 tunc
1234 412 1391 459 temporis
1404 411 1516 447 Comm
1555 401 1668 439 art'um
1682 400 1880 441 Generalem
1893 428 1905 448 ‚
1930 405 1974 448 ὡ·
1998 407 2261 456 αιιιὶιονὶεαηιηιῖ

205 459 384 506 ηοηρΙὴηι
407 458 427 495 ὸ
448 462 555 497 38ἣο
572 463 626 497 ·D.
646 459 699 498 N.
714 462 820 499 Paulo
838 458 876 496 V
892 484 907 503 ,
920 460 1099 507 sedetiam
1127 462 1170 496 ab
1181 460 1303 497 ‹Adm.
1324 457 1373 494 R.
1386 456 1515 495 Pffiau
1529 465 1547 489 ⁰
1571 450 1591 487 ἃ
1605 450 1730 498 Cestma
1742 474 1755 494 s
1781 462 1863 489 tunc
1885 455 2047 491 Generali
2062 458 2252 502 supradifii

193 509 351 554 gordinis
365 531 378 550 ,
401 510 490 556 quod
495 511 630 556 scilicet
643 509 741 545 nulla
753 509 871 545 habita
882 509 1016 544 ratione
1029 506 1221 544 Fluminun
1232 531 1245 550 ,
1272 507 1447 543 Montium
1461 529 1474 546 ‚
1501 500 1692 555 Βὶωθθβξῑνζῑ.
1705 521 1718 540 2
1744 509 1806 535 aut
1834 507 2031 548 quorumvis
2043 504 2253 551 districiuum

201 557 432 604 temporalium
443 583 453 598 ,
480 557 536 593 vel
539 558 776 606 spiritualium
791 582 803 600 ,
828 557 949 605 quibus
962 555 1128 602 pleraeque
1141 556 1336 592 Provinciae
1350 552 1431 589 dicit
1445 550 1593 588 Ordinis
1607 545 1865 596 distinguuntur
1881 574 1891 590 ,
1909 550 1971 598 sed
1983 551 2092 598 solius
2104 552 2250 587 idioma.

201 606 249 643 tis
269 604 426 652 vulgaris
438 630 450 648 ‚
476 617 540 652 quo
565 604 703 641 maxim?
723 605 981 652 distinguuntur
995 601 1136 637 Flandri
1152 602 1172 637 ὰ
1185 601 1421 644 Wallonibus,
1449 600 1612 646 praefatus
1626 593 1728 631 Adm.
1749 593 1793 631 R.
1811 596 1851 631 P.
1867 598 2087 637 Honoratus,
2117 601 2249 636 nemine

198 663 282 690 tunc
296 654 505 701 refragante,
519 653 737 702 adjudicavit
747 652 906 688 Flandris
932 662 1038 687 omnes
1053 650 1249 687 Conventus
1262 648 1401 684 illarum
1433 648 1628 684 Civitatum
1649 642 1691 684 ὠ·
1704 641 1849 699 loc-orum
1865 667 1875 686 ,
1902 658 1974 692 qua·
1984 647 2136 695 linguam
2148 646 2252 682 Flan-

197 701 331 737 dricam
342 710 402 748 pro
416 701 557 748 vulgari
570 701 692 736 habens
703 724 716 744 ‚
738 709 871 748 excepto
887 700 1077 736 Conventa*
1087 696 1283 745 Enghiensi,
1297 696 1358 743 qui
1366 695 1412 730 ad
1425 693 1620 742 instantiam
1639 689 1849 746 Illustrtffirnae
1866 689 2005 748 Quciffae
2029 696 2063 730 d’
2077 695 2226 743 Arse-hot
2238 722 2249 737 ‚

197 748 422 786 Fundatricis
446 751 464 796 (
471 749 576 798 juxtu
594 747 821 796 testamentum
833 772 845 789 ,
872 756 914 783 ut
919 747 1062 796 fertur,
1086 746 1151 794 piae
1163 745 1326 781 memoriae
1343 743 1453 779 Ducis
1475 739 1658 788 d'Arschot
1675 761 1687 781 2
1705 750 1777 787 ejus
1795 739 1944 795 Marttt')
1963 743 2040 789 fuit
2053 746 2248 780 attributus

197 796 410 834 wallonibug
424 822 436 840 ‚
459 807 500 834 m
508 793 667 845 perpetua
676 796 851 842 pertineat
867 793 914 829 ad
924 795 1148 832 Provinciam
1162 791 1355 828 Wallonum
1367 814 1380 834 ‚
1401 800 1476 825 cum
1490 787 1631 836 reliquis
1645 787 1881 824 Conventibus
1897 788 2090 833 Civitatum
2105 817 2118 835 ,
2139 793 2181 833 ὼ·
2196 791 2247 827 [ο.

194 857 310 882 corum
323 845 572 888 omnium,›ubi
591 842 635 892 esi
647 842 802 890 vulgaris
824 841 903 889 usus
918 841 1044 890 linguae
1056 840 1269 877 Wallonicae.
1297 840 1415 886 Atque
1441 836 1519 872 aliis
1539 837 1690 874 omnibus
1704 859 1714 873 2
1738 845 1809 882 quae
1833 836 1925 870 circa
1939 839 2128 884 praedifiam
2140 841 2250 877 Divi-

185 893 310 942 sionem
323 921 335 937 ,
361 892 691 938 Provinciarumque
706 888 944 939 disiiniiionem
960 890 1172 928 videbantur
1186 886 1421 936 consideranda
1434 909 1446 927 ,
1473 883 1605 921 mature
1623 882 1837 930 consideratis
1852 907 1864 926 ‚
1882 884 1924 924 &⁴
1943 887 2140 931 ponderatis
2154 911 2167 930 ,
2188 889 2247 936 ju.

194 942 348 979 dicantes
372 953 443 978 eam
467 939 662 987 divisionis,
685 936 957 986 &diflinfilionis
983 938 1148 974 rationem
1160 932 1496 983 convenientiffltnam
1517 933 1597 980 paci
1607 930 1840 983 stabiliendae,
1865 931 2155 976 &conservanda
2175 945 2246 972 tam

193 991 414 1027 communiter
438 989 532 1024 inter
554 987 667 1022 ambas
694 985 900 1021 Provincias
917 984 1018 1032 quam
1028 984 1294 1032 particulariter
1318 983 1411 1019 inter
1424 979 1566 1018 Fratres
1588 979 1852 1028 uniuscujusque
1878 979 2070 1016 Provincia
2106 983 2248 1018 ordina-

191 1049 281 1081 mus,
291 1036 487 1073 mandamus
498 1057 510 1076 ,
533 1033 575 1074 ὁ·
592 1033 805 1080 praecipimus
817 1033 980 1081 universis
995 1060 1002 1072 ,
1027 1031 1217 1080 &fingulis
1227 1030 1451 1079 praefatarum
1468 1027 1748 1065 'Provinciarum
1764 1027 1926 1064 Alumnis
1942 1052 1953 1071 ,
1977 1038 2046 1065 tam
2055 1029 2224 1066 ‘Praelatis
2236 1054 2251 1073 ‚

215 1084 293 1120 naim
299 1083 453 1131 subditis
464 1107 476 1124 ,
493 1090 535 1117 ut
546 1091 614 1115 non
618 1079 728 1128 solum
738 1081 776 1115 in
786 1080 857 1128 jam
871 1083 1016 1128 acceptis
1032 1081 1267 1118 Conventibus
1277 1104 1289 1122 ‚
1306 1077 1369 1125 sed
1381 1079 1483 1115 esiam
1504 1077 1542 1112 in
1551 1076 1717 1125 futurum
1729 1077 1953 1124 accipiendis,
1974 1077 2112 1114 eandem
2132 1077 2250 1125 distin-

189 1097 307 1168 {ionis
321 1127 526 1178 fisrmulam,
552 1129 596 1170 &⁶
620 1128 750 1165 modum
775 1127 1025 1165 inviolabiliter
1045 1128 1255 1176 servandam
1271 1128 1334 1175 fibi
1348 1128 1533 1167 noverint,
1556 1123 1676 1173 &sine
1696 1123 1768 1161 ulla
1791 1124 2076 1173 tergiversatione
2091 1125 2249 1173 servent.

191 1179 248 1216 lta
264 1202 277 1224 ‚
299 1178 389 1228 quod
415 1178 457 1214 de
471 1186 587 1214 caetero
600 1188 660 1213 nec
675 1175 820 1212 Flandri
839 1177 940 1213 etiam
963 1177 1002 1211 in
1025 1175 1105 1213 locis
1118 1175 1286 1225 disiriiitis
1304 1174 1531 1218 ‘Brabantiae‚
1553 1174 1610 1209 vel
1629 1171 1819 1217 Flandriae,
1842 1173 1900 1210 vel
1915 1174 2024 1217 alibi,
2043 1174 2103 1209 ubi
2125 1173 2248 1221 lingua

190 1225 347 1274 vulgaris
357 1239 375 1263 e
388 1226 401 1263 i
423 1224 612 1262 Wallonica
625 1240 635 1260 ι
647 1237 706 1262 nec
719 1225 888 1261 Wallones
900 1225 938 1260 in
951 1223 1031 1261 locis
1043 1226 1144 1269 etiam
1157 1224 1373 1265 Hannoniae‚
1394 1223 1449 1259 vel
1468 1223 1656 1259 Territorii
1673 1222 1856 1273 Leodiensis
1869 1247 1882 1268 ,
1907 1222 1964 1259 vel
1972 1221 2057 1258 alibi
2068 1247 2081 1265 ‚
2091 1223 2152 1259 ubi
2167 1221 2248 1259 vul-

192 1276 331 1323 gariter
354 1274 473 1322 lingua
489 1272 672 1311 Flandrica
686 1273 874 1322 usurpatur
882 1297 895 1317 ,
921 1275 1135 1312 Conventum
1147 1272 1291 1320 aliquem
1301 1270 1605 1320 procurare,multo
1618 1272 1729 1307 minus
1743 1280 1918 1320 acceptare
1925 1271 2131 1321 praesumant
2141 1296 2152 1307 .
2233 1308 2235 1311 ,
2251 1310 2256 1313 μ

286 1323 393 1374 Qd
408 1323 536 1361 attinet
548 1333 661 1360 autem
674 1323 719 1358 ad
732 1322 904 1370 Oppidum
916 1321 1079 1368 Hallenfe
1089 1345 1101 1362 ‚
1124 1322 1279 1369 quam-vis
1286 1321 1472 1368 secundum
1513 1320 1682 1357 radifiam
1693 1320 1866 1368 divisionis
1877 1321 2044 1357 rationem
2054 1321 2160 1368 magis
2168 1325 2250 1367 perd

192 1373 307 1410 tinere
333 1371 496 1409 videatur
517 1371 562 1406 ad
571 1371 735 1408 Flandros
746 1394 759 1413 ‚
785 1369 884 1417 quim
897 1371 943 1405 ad
957 1369 1125 1406 Wallones
1139 1394 1151 1412 ‚
1165 1369 1386 1405 nihilominus
1399 1393 1411 1412 ,
1437 1380 1519 1416 quia
1545 1367 1669 1405 diffum
1681 1367 1853 1416 Oppidum
1872 1369 1974 1404 nimis
1987 1378 2089 1405 tenue
2100 1367 2142 1417 esi
2155 1393 2166 1409 ,
2192 1368 2250 1403 ni-

187 1420 322 1469 misque
334 1421 486 1457 vicinum
500 1418 580 1455 aliis
596 1418 829 1458 Conventibus
843 1428 914 1454 tam
930 1418 1134 1456 ‘Provincia’
1146 1415 1317 1454 Flandriae
1330 1441 1342 1460 ‚
1365 1416 1465 1465 quam
1477 1417 1652 1453 Walloniae
1673 1443 1683 1459 ,
1707 1417 1754 1453 ad
1764 1429 1846 1465 quos
1855 1415 1975 1468 neceffi·
1989 1416 2153 1453 haberent
2166 1414 2251 1451 Fra-

189 1479 259 1506 tres
276 1492 286 1507 .
312 1469 373 1515 qui
396 1466 520 1502 ibidem
540 1466 826 1516 constituerentur
839 1494 847 1507 ,
866 1465 990 1514 saepius
1002 1478 1181 1503 recurrere
1198 1490 1210 1509 ‚
1235 1478 1287 1502 eos
1301 1478 1456 1514 gravare
1471 1490 1481 1506 ,
1505 1465 1613 1514 &fre
1636 1466 1796 1502 uentibus
1803 1465 1877 1511 suis
1890 1466 2135 1513 excurfionibus
2149 1463 2255 1515 ‘moleq

186 1516 253 1566 sios
262 1513 342 1565 effe.
371 1513 435 1552 linc)
451 1538 464 1557 ‚
490 1516 573 1562 quia
587 1517 653 1550 non
667 1514 812 1564 obstante
825 1515 953 1564 Oppidi
965 1517 1135 1552 tenuitate
1155 1524 1284 1551 certum
1304 1514 1369 1564 esi,
1394 1514 1533 1550 Fratres
1554 1477 1680 1554 ibidem
1702 1511 1945 1560 constituendos
1972 1513 2151 1548 maximum
2166 1537 2174 1550 2
2201 1513 2244 1552 ἐν

189 1565 407 1601 ordinarium
421 1574 611 1611 gravamen
632 1560 690 1612 effe
712 1563 888 1599 habituros
914 1562 935 1599 ὰ
955 1563 1136 1601 Fratribus
1161 1563 1320 1611 occasione
1339 1563 1536 1599 Conventa:
1551 1589 1560 1603 ‚
1588 1561 1648 1597 Ἰ).
1662 1558 1843 1607 Virginem
1866 1559 2062 1608 Hallensem
2083 1561 2251 1608 utrinque

192 1613 409 1660 visitantibus
422 1638 432 1650 .
456 1611 668 1661 Qomnia
681 1623 747 1647 nou
760 1610 866 1647 levem
885 1613 1075 1661 occasionem
1081 1611 1285 1659 graviffimis
1302 1610 1563 1646 turbationibus
1576 1608 1788 1655 praeberent,
1820 1620 1903 1656 quas
1922 1620 1997 1646 cum
2011 1608 2173 1657 impedire
2185 1620 2252 1644 om·

189 1662 272 1696 nino
286 1671 431 1710 optemus
444 1685 457 1704 ,
481 1663 523 1703 ὠ·
536 1669 646 1706 pacem
651 1659 788 1707 firmam
810 1661 903 1699 inter
915 1670 1095 1707 utramque
1108 1659 1339 1694 ‘Provinciam
1356 1657 1508 1706 statuere
1519 1681 1533 1700 ,
1557 1656 1740 1704 utriusque
1749 1656 1956 1697 “Provinciae
1969 1657 2133 1694 Alumnis
2146 1683 2155 1698 ‚
2181 1666 2253 1694 tam

189 1707 351 1748 Praelatis
360 1734 375 1753 ,
396 1707 496 1758 quam
507 1709 662 1758 subditis
680 1709 892 1755 praecipimus
903 1731 916 1751 ‚
938 1720 981 1745 ne
994 1718 1145 1756 unquam
1156 1706 1293 1756 futuris
1305 1705 1510 1755 temporibus
1522 1728 1534 1748 ‚
1556 1704 1664 1741 lo‘cum
1676 1731 1685 1746 ,
1711 1705 1927 1742 Conventum
1941 1730 1952 1749 ,
1977 1715 2040 1742 aut
2056 1702 2252 1753 Hospitium

196 1758 238 1792 in
250 1757 333 1792 diiio
345 1757 515 1805 Oppidulo
528 1765 700 1805 acceptent
712 1783 720 1796 ,
749 1756 840 1803 quod
849 1780 863 1799 ‚
861 1756 895 1804 fi
901 1756 1157 1804 acceptaverint
1169 1781 1182 1799 ‚
1207 1755 1295 1791 illud
1309 1754 1479 1790 Donatori
1489 1754 1649 1800 protinus
1666 1753 1814 1792 reddant
1829 1778 1841 1797 ,
1866 1767 1905 1790 ac
1931 1754 2112 1803 restituant
2127 1780 2135 1789 .
2162 1753 2249 1791 Pro-

192 1805 355 1840 vincialis
367 1829 380 1848 ,
405 1807 464 1852 qui
479 1814 599 1841 contra
614 1804 742 1852 fecerit
751 1828 765 1847 ,
791 1803 850 1839 vel
857 1803 944 1851 fieri
959 1805 1151 1852 permiserit
1164 1828 1184 1847 ,
1199 1804 1364 1851 privatus
1367 1803 1411 1851 sit
1416 1802 1480 1851 suo
1496 1801 1596 1851 officio
1609 1814 1619 1837 ε
1631 1802 1665 1851 fi
1686 1801 1766 1838 vero
1773 1802 1937 1851 subditus
1950 1803 2067 1851 fuerit
2077 1826 2091 1846 ,
2117 1804 2179 1851 qui
2191 1801 2230 1839 ho

186 1853 433 1901 praesumpserit
446 1876 459 1895 ‚
471 1861 532 1900 per
545 1863 616 1888 tres
626 1863 731 1887 annos
742 1852 907 1899 privatus
917 1852 964 1900 sit
983 1864 1063 1888 voce
1074 1852 1187 1888 afiiva
1201 1854 1243 1894 ὅς’
1251 1861 1295 1901 pa
1319 1863 1388 1887 iva.
2225 1873 2227 1875 v

286 1902 347 1938 Ad
359 1901 595 1949 componendas
615 1910 727 1941 autem
742 1900 984 1950 controversias
997 1926 1012 1945 ‚
1033 1913 1106 1950 quae
1127 1904 1214 1939 oriri
1225 1910 1264 1949 po
1291 1910 1352 1937 ent
1375 1901 1468 1937 inter
1479 1899 1641 1948 praefatas
1653 1899 1862 1937 Provincias
1876 1901 1983 1950 super
2005 1903 2166 1938 terminos
2189 1903 2253 1936 cui

187 1948 299 1999 Jusvis
313 1948 531 1994 Provinciae,
540 1949 776 1998 judicavimus
797 1950 952 1998 expedire
965 1975 975 1990 ‚
1002 1960 1044 1987 ut
1066 1950 1194 1987 duobus
1208 1950 1374 1987 Patribus
1398 1950 1565 1995 utrinque
1593 1948 1640 1984 ad
1668 1950 1911 1987 arbitrandum
1932 1950 2063 1994 eleiiis,
2080 1951 2252 1999 negotium

193 1997 256 2034 hoc
271 2022 280 2038 ,
299 1999 341 2041 ὼ·
355 1999 577 2082 contrave-§sia
598 2000 832 2035 committatur
845 2022 858 2042 ,
880 1999 923 2039 ὼ·
938 2000 1028 2035 omni
1042 1997 1265 2046 appellatione
1274 1998 1439 2047 postposttd
1454 1997 1660 2034 terminetur
1678 1998 1721 2033 ab
1736 1997 1872 2045 eisdem:
1897 2008 1938 2036 ut
1955 1998 2035 2035 vero
2050 2001 2162 2036 minus
2175 2000 2250 2035 cui-

194 2045 277 2082 libet
294 2047 390 2094 parti
403 2046 504 2095 suspe
534 2048 548 2081 i
564 2046 634 2095 sint
647 2046 771 2083 Patres
792 2046 965 2092 Arbitri,
991 2047 1226 2096 judicavimus
1241 2071 1252 2091 ,
1273 2059 1336 2084 eos,
1349 2047 1409 2093 qui
1430 2056 1473 2083 ex
1485 2044 1657 2082 Wallonia
1679 2047 1810 2082 arbitri
1829 2046 2019 2094 deputandi
2033 2056 2138 2085 erunt
2153 2071 2166 2090 ,
2187 2054 2250 2095 per

193 2093 447 2192 pifwzdakffl
461 2095 504 2135 ὠ·
520 2094 742 2143 ‘Diffinitores
753 2093 919 2131 Flandros
932 2118 946 2138 ,
970 2094 1124 2144 quivero
1138 2107 1179 2134 ex
1194 2094 1360 2133 Flandria
1372 2119 1385 2139 ,
1406 2102 1470 2143 per
1488 2093 1742 2132 Provincialem
1752 2117 1762 2134 ‚
1785 2095 1828 2136 ὼ·
1839 2095 2049 2145 Diffinitores
2061 2095 2229 2132 Wallones
2237 2120 2252 2141 ,

197 2152 216 2176 e
229 2152 308 2187 sgen
332 2153 366 2177 os
382 2154 398 2178 e
423 2155 460 2178 e.

291 2189 503 2227 Ordinamus
514 2192 618 2229 etiam
628 2214 643 2233 ,
656 2190 878 2240 ut'quantitm
901 2192 947 2228 ad
959 2191 1202 2231 Praedicatores
1215 2217 1228 2236 ,
1271 2193 1383 2233 nando
1408 2192 1639 2235 Praedicatore
1654 2191 1802 2236 Flandro
1824 2205 1962 2243 egerent
1974 2193 2144 2232 Wallones
2158 2217 2172 2238 ,
2194 2193 2252 2231 vei

192 2236 367 2282 ⁴Wallones
378 2237 527 2276 Flandro
537 2265 551 2284 ,
573 2239 690 2290 poffint
706 2241 902 2278 Provinciae
919 2240 1068 2289 ‘Belgica
1071 2243 1135 2290 fibi
1152 2206 1268 2279 mutug
1285 2251 1374 2290 opem
1386 2241 1502 2290 serre.

287 2287 481 2322 Statut'mus
504 2289 640 2337 insuper
659 2313 672 2332 ,
696 2300 739 2325 ne
754 2288 797 2325 dc
819 2299 936 2327 catera
949 2288 1093 2326 Flandri
1107 2288 1275 2328 Novitios
1286 2288 1456 2327 Wallones
1472 2315 1485 2333 ‚
1505 2302 1612 2338 neque
1624 2289 1795 2327 Wallones
1823 2290 1991 2329 Novitios
2018 2291 2180 2328 Flandros
2203 2291 2249 2328 ad

191 2334 363 2374 Habitum
375 2333 522 2370 Ordinis
541 2336 729 2373 admittant
742 2361 754 2379 ,
773 2336 838 2383 sed
850 2337 1030 2385 quemlibet
1041 2340 1222 2376 remittant
1236 2339 1282 2375 ad
1285 2338 1385 2387 suam
1397 2339 1643 2383 Provinciam,
1656 2350 1697 2376 ex
1709 2351 1776 2386 qua
1789 2340 1957 2378 oriundus
1977 2339 2020 2391 esi
2037 2365 2051 2385 ‚
2071 2350 2112 2377 ut
2124 2340 2250 2376 ibidem

198 2382 245 2419 ad
259 2381 424 2419 Ordinem
444 2385 658 2432 recipiatur,
677 2385 711 2433 si
721 2385 873 2423 ‘Praelati
895 2387 933 2422 id
938 2386 1180 2436 judicaverint
1200 2387 1357 2435 expedire
1369 2412 1379 2423 .

294 2431 460 2470 Ceterum
476 2455 488 2475 ‚
510 2434 593 2480 quia
606 2430 776 2482 disi-ursus
790 2433 951 2473 Fratrum
976 2437 994 2471 ἒ
1008 2436 1236 2472 vicinioribus
1250 2435 1332 2471 locis
1352 2435 1458 2472 unius
1473 2435 1666 2473 Provinciae
1681 2437 1724 2476 ad
1738 2436 1880 2474 alterius
1892 2437 2099 2478 ‘Provincice
2106 2437 2249 2485 propin-

193 2479 326 2527 quiores
340 2479 536 2516 Conventus
550 2492 617 2518 non
642 2481 784 2519 modicas
800 2484 1014 2520 turbationes
1033 2481 1133 2536 posset
1140 2495 1307 2532 generare
1319 2509 1330 2527 ,
1355 2483 1435 2522 Nos
1457 2483 1645 2532 hujusmodi
1668 2486 1947 2534 pertubationum
1974 2485 2150 2534 occasiones
2177 2497 2248 2520 am·

185 2536 313 2583 putare
336 2526 483 2565 volentes
501 2529 720 2569 ordinamus:
747 2531 860 2569 Primo
877 2544 938 2574 ,ne
952 2531 1042 2571 ullus
1051 2534 1185 2568 omnino
1199 2534 1364 2580 Superior
1377 2555 1390 2574 ,
1413 2541 1474 2568 aut
1494 2531 1660 2568 Praelatus
1686 2534 1837 2582 cujusvis
1857 2535 2078 2583 praefatarum
2096 2534 2249 2572 Provin-

189 2587 321 2612 ctarum
348 2576 366 2621 (
378 2585 509 2624 excepto
523 2577 742 2615 Provinciali
754 2604 767 2622 ,
789 2590 851 2617 aut
867 2580 1006 2633 Custode
1023 2583 1061 2616 ia
1074 2583 1214 2628 urgenti
1229 2581 1306 2629 casu
1321 2583 1340 2628 )
1361 2580 1451 2629 poffit
1465 2581 1600 2616 mittere
1612 2579 1750 2618 Fratres
1759 2583 1840 2631 suos
1857 2607 1870 2626 ‚
1898 2582 2077 2632 nonsolum
2095 2582 2140 2618 ad
2154 2583 2247 2619 Con-

192 2633 332 2660 ventum
343 2624 487 2672 aliquem
500 2627 701 2664 viciniorem
713 2627 857 2665 alterius
869 2629 1065 2666 Provincia
1078 2653 1091 2673 ‚
1107 2630 1170 2679 sed
1186 2641 1293 2677 neque
1313 2631 1416 2667 etiam
1432 2638 1531 2666 extra
1543 2627 1670 2666 limites
1685 2630 1881 2668 Provinciae
1888 2633 2034 2681 propria
2048 2655 2061 2675 ‚
2088 2632 2244 2679 quamvis

196 2670 235 2704 in
247 2670 314 2707 loco
325 2696 339 2715 ,
361 2675 404 2708 ad
418 2685 514 2720 quem
525 2677 650 2720 mittit,
663 2688 729 2711 non
737 2677 782 2725 stt
793 2677 992 2715 Conventus
1003 2676 1165 2715 Fratrum
1175 2702 1187 2712 .

290 2719 501 2777 ordinamus
513 2723 668 2759 Secundi
680 2747 693 2767 ‚
726 2737 767 2760 ne
780 2725 1017 2762 Provinciales
1029 2726 1198 2763 ditiorum
1214 2726 1484 2766 Provinciarum
1502 2738 1664 2775 quemque
1683 2737 1724 2764 ex
1733 2727 1810 2775 suis
1821 2727 1977 2775 subditis
1997 2738 2095 2769 extra
2117 2726 2244 2764 limites

181 2766 254 2816 suae
268 2766 474 2824 Prqvtnctee,
492 2770 551 2804 nit
562 2782 603 2807 ex
619 2773 718 2820 causa
731 2773 948 2815 rationabili,
964 2775 1106 2815 mittant
1121 2799 1133 2817 ‚
1147 2773 1258 2822 qualis
1275 2775 1402 2821 censeri
1417 2788 1484 2810 non
1499 2777 1596 2817 debet
1621 2775 1720 2821 causa
1747 2777 1934 2822 quaerendot
1946 2775 2148 2823 eleemosyna
2161 2797 2174 2816 ‚
2191 2774 2250 2812 vel

188 2814 439 2871 Peregflmmf'
460 2815 508 2873 ud,
531 2828 587 2852 ΟΜ
599 2819 658 2864 PFG
672 2843 684 2861 ³
703 2821 742 2853 m*
752 2822 826 2857 ibis
838 2846 850 2865 ‚
876 2821 935 2862 vel
944 2832 998 2859 ter
1014 2824 1053 2857 in
1066 2834 1173 2862 anno,
1197 2822 1242 2857 ad
1265 2822 1406 2872 nostram
1425 2824 1617 2859 Dominam
1639 2822 1766 2870 Asperi
1781 2822 1906 2866 Collis,
1930 2823 1976 2857 ad
1987 2824 2167 2861 maximam
2189 2825 2247 2858 in·

183 2861 350 2913 stantiam
360 2870 603 2907 primariorum
615 2864 715 2900 ‘Bene
732 2867 876 2903 afiorum
887 2892 900 2911 ,
921 2869 978 2905 vel
989 2871 1029 2904 ob
1042 2869 1145 2906 aliam
1149 2870 1287 2917 similem
1302 2882 1380 2906 nece
1402 2880 1517 2906 itatem
1527 2894 1536 2904 .

287 2909 503 2966 Ordinqmus
517 2910 662 2968 Tertii,
685 2913 772 2959 quod
784 2935 797 2954 ‚
809 2916 942 2960 quando
962 2927 1002 2952 ex
1022 2916 1102 2951 aliis
1112 2918 1208 2965 jusiis
1221 2917 1317 2965 causi.
1341 2929 1361 2951 a
1376 2927 1429 2953 ter
1442 2916 1677 2954 Provincialis
1699 2918 1809 2954 mittit
1834 2929 2031 2968 quemquam
2051 2921 2093 2959 de
2101 2921 2178 2970 suis
2200 2923 2247 2959 ad

188 2956 295 2994 'Ocum
310 2957 462 3015 “dte-”W
482 2958 677 2996 Pr⁰v³n0¹ae
693 2984 705 3002 ν
727 2961 765 2993 ¹⁸⁷¹
777 2972 841 3010 quo
858 2963 1055 2998 Conventus
1069 2962 1232 3000 Fratrum
1251 2975 1322 3000 non
1334 2964 1395 3012 esi.
1416 2964 1533 3013 siatim
1554 2965 1596 3003 de
1617 2964 1675 2999 hoc
1697 2967 1873 3005 certiorem
1889 2968 2003 3015 faciat
2027 2970 2246 3018 Superiorem

189 3005 254 3042 Ioci
278 3007 461 3042 vicinioris
482 3007 576 3042 ditia:
602 3007 746 3044 alterius
761 3007 954 3046 Provincia
967 3037 976 3046 .

288 3053 501 3091 Ordinamus
515 3055 712 3106 Qarto,ne
722 3054 860 3093 Fratres
875 3058 1172 3106 quomodocumque
1184 3082 1195 3100 ,
1211 3068 1273 3095 aut
1287 3069 1327 3098 ex
1346 3069 1554 3108 quacumque
1570 3058 1670 3107 causa
1694 3061 1740 3097 ad
1754 3061 1899 3111 aliquem
1917 3064 2060 3104 alterius
2083 3067 2249 3105 Provm-

187 3102 246 3159 ciae
261 3101 366 3159 iocum
379 3126 392 3145 ,
416 3103 455 3137 in
482 3115 546 3151 quo
561 3103 701 3141 Fratres
714 3102 816 3152 noslri
836 3104 962 3143 habent
975 3107 1189 3144 Conventum
1201 3131 1213 3149 ,
1235 3108 1408 3143 venientes
1419 3130 1431 3149 ,
1456 3109 1659 3156 praesumant
1670 3113 1802 3158 negotia
1817 3112 2028 3163 quacumque
2040 3127 2164 3162 agere,
2186 3117 2249 3166 nisi

182 3158 282 3199 prius
302 3150 408 3198 ipsum
424 3151 638 3188 Conventum
646 3153 840 3204 acceſjerint
852 3178 865 3196 ‚
880 3155 923 3195 &⁶
945 3154 986 3190 de
999 3157 1142 3203 negotiis
1163 3154 1303 3201 agendis
1325 3166 1400 3190 cum
1411 3157 1594 3204 Superiore
1609 3156 1803 3196 Conventus
1816 3165 2162 3202 communicaverint:
2186 3177 2247 3201 nec

180 3198 405 3282 P⁰ffi⁷¹2f0ra¹
432 3198 479 3234 ad
491 3201 624 3247 agenda
646 3200 734 3238 dieta
747 3203 880 3249 negotia
891 3203 1032 3253 egredi,
1054 3205 1116 3254 nisi
1130 3203 1171 3240 de
1194 3202 1335 3239 licentia
1351 3203 1432 3239 ditia·
1444 3205 1642 3253 Superioris
1654 3228 1668 3249 ‚
1693 3207 1736 3248 ὼ*
1758 3220 1833 3246 cum
1843 3210 1948 3258 sociis
1973 3211 2016 3247 ab
2028 3210 2163 3260 ipsomet
2175 3213 2248 3261 affi-

185 3258 282 3294 gnan
307 3258 337 3282 is
352 3270 362 3282 .

282 3293 494 3351 Ordinamus
503 3294 639 3346 Qut&
651 3320 664 3341 ,
687 3310 729 3335 ne
742 3297 881 3336 Fratres
902 3301 1005 3337 etiam
1030 3311 1071 3338 ex
1084 3301 1276 3337 obedientia
1288 3299 1348 3348 sui
1364 3300 1597 3339 Provincialis
1622 3303 1662 3338 in
1672 3302 1814 3343 alteram
1831 3306 2051 3347 Provinciam
2071 3311 2247 3347 venientes

190 3342 286 3380 ultra
301 3344 538 3391 proximiorem
552 3346 766 3383 Conventum
773 3348 933 3394 progredi
938 3348 1141 3397 praesumant
1150 3374 1162 3392 ‚
1189 3349 1252 3391 nili
1269 3347 1383 3388 habito
1394 3348 1635 3389 “Provincialis
1646 3351 1739 3390 diflae
1753 3353 1946 3392 Provincia
1957 3357 2112 3405 consensu
2120 3381 2132 3401 ,
2144 3358 2248 3395 multe

193 3392 305 3427 minus
319 3391 464 3429 ulterius
478 3393 517 3427 in
531 3392 646 3432 aliena
660 3394 849 3431 Provincia
862 3419 875 3439 ‚
903 3397 1138 3433 Conventibus
1152 3397 1197 3432 ad
1207 3405 1340 3445 partem
1363 3396 1486 3432 relifiis
1498 3422 1509 3440 ,
1531 3401 1652 3446 quovis
1671 3409 1824 3448 pergant
1839 3431 1847 3439 .

285 3438 459 3488 Qoniam
473 3440 554 3477 verb
560 3441 647 3490 s'aepe
661 3443 815 3479 incidere
825 3443 928 3494 potesi
938 3445 1100 3493 neceffitas
1110 3443 1291 3481 Fratribus
1309 3444 1518 3481 Wallonibus
1530 3440 1921 3492 negotiandi‘OEruers
1932 3475 1944 3495 ‚
1969 3452 2060 3500 apud
2073 3452 2248 3492 Nuntium

190 3487 412 3543 Apostolicum
423 3514 433 3528 ‚
457 3498 520 3525 aut
537 3501 738 3528 communem
749 3492 927 3540 utriusque
945 3492 1136 3528 Provincia
1147 3493 1354 3541 Principem,
1365 3493 1420 3541 eju
1436 3505 1500 3541 que
1511 3494 1544 3530 O
1578 3495 1699 3537 ciales;
1722 3501 1762 3533 ob
1777 3498 1862 3534 hanc
1880 3500 2013 3547 causam
2033 3500 2148 3541 licebit
2161 3504 2250 3541 Pro-

195 3535 340 3593 vinciali
353 3534 545 3592 Wallonum
560 3564 569 3578 ,
584 3538 742 3587 ejusmodi
755 3541 839 3575 verti
855 3540 1036 3589 neceffitate
1047 3541 1219 3577 incidente
1229 3564 1241 3583 ‚
1267 3542 1402 3578 mittere
1415 3541 1528 3579 Bruxe
1542 3543 1591 3579 las
1604 3554 1735 3584 certum
1751 3546 1890 3584 Patrem
1911 3548 2126 3598 exemplarem
2132 3552 2249 3600 fingu-

191 3580 236 3616 iis
249 3593 348 3638 annis
367 3595 404 3618 m
416 3585 575 3632 Capitulo
588 3610 601 3628 ,
620 3587 676 3623 vel
689 3588 958 3635 Congregatione
970 3587 1198 3631 Provinciali,
1206 3597 1268 3636 pcr
1290 3589 1365 3630 PF,
1380 3589 1588 3638 Diffinitores
1610 3593 1657 3628 ad
1670 3593 1791 3630 difium
1811 3594 1954 3643 effes-'ium
1978 3600 2217 3635 nominandum

195 3640 256 3676 qui
272 3629 551 3678 paremquamaiu
564 3635 634 3671 erit
649 3635 829 3676 ‘Bruxellis
841 3659 854 3679 ‚
875 3637 1011 3673 debebit
1025 3635 1234 3678 charitativi
1248 3637 1290 3683 i&
1302 3636 1405 3673 amici
1417 3639 1581 3676 trafiarie
1604 3653 1665 3676 nec
1686 3643 1846 3689 impediri
1851 3645 1979 3691 poterit
2004 3644 2024 3681 ἁ
2036 3647 2064 3683 S
2065 3649 2220 3695 aperiore
2233 3623 2246 3643 ³

191 3676 251 3712 vel
260 3675 439 3734 Fratribus
452 3679 725 3731 ‘Bruxellensibus
740 3709 752 3727 ‚
764 3685 940 3732 quominus
955 3695 1053 3721 extra
1066 3685 1281 3721 Conventum
1306 3685 1352 3721 ad
1364 3685 1433 3732 sua
1461 3689 1596 3734 negotia
1615 3689 1809 3736 peragenda
1830 3701 1926 3728 exeat
1938 3717 1952 3736 ,
1978 3705 2054 3730 cum
2060 3695 2122 3741 suo
2127 3695 2218 3743 socio
2232 3670 2247 3690 '

183 3724 377 3782 fifxpressfse
391 3726 429 3761 id
441 3731 658 3782 contineatur
669 3733 707 3767 in
722 3733 913 3769 obedientia
927 3757 936 3767 .
965 3732 1030 3768 imo
1044 3734 1147 3768 etiam
1159 3741 1318 3768 teneatur
1339 3733 1378 3767 in
1383 3733 1446 3781 suo
1460 3735 1614 3771 adventu
1627 3737 1671 3772 ad
1684 3737 1898 3775 Conventum
1910 3741 2120 3791 manifestare
2138 3745 2164 3780 S
2167 3720 2247 3789 upe’-

191 3784 278 3808 riori
293 3773 506 3822 'Bruxellenst
517 3779 639 3824 saltem
656 3781 694 3814 in
703 3792 827 3826 genere
840 3779 1038 3828 qualitatem
1052 3783 1276 3827 negotiorum,
1291 3792 1434 3828 quorum
1446 3785 1567 3829 gratia
1580 3785 1679 3821 venit
1691 3810 1701 3820 .
1729 3784 1863 3822 Interea
1881 3787 1976 3824 illum
1988 3798 2150 3838 poterunt
2167 3790 2252 3827 Fra-

191 3829 259 3857 tres
273 3820 503 3908 Bfflffffffses
525 3826 681 3875 accusare
698 3828 789 3877 apud
812 3828 855 3868 P.
871 3827 1124 3868 Provincialem
1147 3827 1339 3869 Wallonum
1354 3854 1365 3873 ,
1385 3829 1463 3879 casu
1483 3853 1496 3874 0
1528 3842 1592 3880 quo
1604 3830 1643 3879 se
1664 3833 1702 3868 in
1726 3836 1871 3882 negotiis
1895 3837 2102 3883 ςναῑῑαηζιῑς,
2128 3839 2185 3874 vel
2215 3840 2252 3873 in

344 3899 348 3906 ¹
377 3897 384 3908 ’
450 3895 460 3906 ·
2131 3898 2210 3922 con·
