2638 4204
397 345 517 390 quam
548 331 650 372 alius
678 329 867 370 Fratrum
907 319 994 377 ejus
1023 319 1190 363 Ordinis
1217 320 1297 361 sese
1323 320 1409 362 ullo

397 391 556 441 modo,
583 397 651 429 aut
678 392 875 439 praetextu
902 378 1172 429 immiscebit,
1203 393 1331 435 neque
1345 379 1408 421 ul-

396 448 478 491 lam
498 448 577 490 five
594 444 633 486 in
648 439 837 496 personas
852 466 866 487 ,
890 438 968 479 five
986 439 1025 478 in
1041 451 1105 480 res
1122 438 1404 481 Fraternitatis

399 507 685 549 auctoritatem
699 497 866 540 habebit
880 524 892 535 .
923 496 969 537 ld
987 496 1096 552 quod
1109 496 1178 552 ipsi
1195 496 1319 540 etiam
1335 509 1404 539 ex·

396 563 533 622 presse
548 556 748 601 declarari
761 554 930 596 omnino
947 556 1168 599 voluerunt
1180 584 1192 596 .

458 623 550 663 Vll.
586 613 1403 671 ltaquenequequidquamcircaeleemo-

397 680 513 735 synas
540 675 756 728 disponet,
784 687 857 716 nec
876 672 1109 727 suffragium
1132 674 1172 714 in
1198 672 1409 715 delibera-

396 736 573 781 tionibus
596 732 789 785 habebit3
809 731 933 774 solum
950 733 998 775 ad
1018 730 1209 787 majorem
1231 733 1308 773 Dei
1323 731 1409 787 glo-

398 796 496 838 riam
512 821 526 844 ,
555 793 594 832 &
610 790 976 833 Confraternitatis
996 792 1143 832 bonum
1160 818 1175 841 ,
1200 791 1408 835 Fraterni-

393 862 521 895 tatem
553 850 593 892 in
619 851 802 910 pietate,
831 850 872 890 &
899 847 1180 907 spiritualibus
1205 850 1408 894 exercitiis

393 910 568 967 diriget.

677 1029 994 1074 CAPUT
1055 1029 1130 1072 IX.

731 1151 806 1200 De
817 1147 1034 1216 ‘Praefeblo
1050 1183 1064 1198 .

451 1267 488 1308 t.
550 1265 767 1310 Praefee'tus
788 1268 966 1324 eligetur
982 1266 1073 1323 ,qui
1088 1265 1242 1316 literis,
1274 1266 1410 1323 probi·

394 1332 484 1368 tate
497 1338 653 1368 morum
669 1356 683 1376 ,
718 1326 931 1381 prudentia
949 1356 962 1379 ‚
977 1329 1218 1369 auctoritate
1231 1325 1409 1383 polleat,

393 1393 440 1428 ut
454 1384 586 1426 omnia
603 1384 781 1441 dirigere
795 1415 809 1440 ,
837 1388 873 1428 &
889 1385 938 1430 ad
956 1386 1105 1429 bonum
1121 1385 1241 1430 finem
1256 1384 1409 1443 perdu-

399 1457 496 1488 cere
514 1442 626 1499 poffit
644 1474 655 1486 .

452 1504 515 1544 11.
549 1505 585 1544 ls
602 1503 640 1544 in
656 1503 924 1548 electionibus
939 1531 953 1553 ,
985 1504 1025 1546 &
1039 1503 1230 1548 universis
1251 1501 1408 1547 delibe-

398 1562 624 1605 rationibus
641 1563 724 1605 duo
739 1563 920 1619 suffragia
938 1564 1103 1607 habebit
1119 1592 1132 1605 .
1165 1566 1267 1606 Item
1283 1563 1322 1604 in
1338 1563 1408 1604 de-

397 1621 707 1664 liberationibus
723 1634 817 1666 vota
833 1623 1030 1678 colliget,
1045 1624 1084 1665 &
1095 1622 1337 1674 concludet,
1350 1623 1407 1673 &2

396 1680 424 1721 si
443 1690 539 1722 vota
556 1681 662 1736 paria
680 1680 767 1723 sunt
780 1711 796 1733 ,
826 1681 905 1738 ipse
917 1683 1120 1724 decernet
1135 1709 1147 1723 .

456 1740 535 1781 111.
571 1738 632 1780 Ad
651 1739 776 1794 ipsum
792 1742 926 1782 omnia
949 1741 1113 1794 negotia
1141 1738 1376 1783 referentur
1391 1768 1405 1791 ‚

397 1810 539 1840 omnes
552 1797 762 1840 Officiales
778 1800 815 1839 in
832 1799 1017 1841 omnibus
1031 1799 1163 1840 dubiis
1175 1826 1188 1847 ‚
1215 1800 1264 1842 ad
1283 1799 1406 1854 ipsum

394 1866 612 1899 recurrent
640 1868 653 1898 ε
685 1870 770 1911 quae
794 1856 966 1899 levioris
998 1859 1190 1899 momenti
1216 1855 1368 1900 suerint
1391 1883 1406 1906 a

394 1913 617 1974 praesertim
647 1912 670 1956 t'i
702 1914 931 1970 longiorem
960 1929 1117 1959 moram
1138 1931 1219 1959 non
1247 1915 1375 1959 ferant
1389 1943 1404 1968 ,

394 1988 471 2034 per
524 1971 563 2014 fe
603 2000 617 2024 ,
670 1981 742 2014 aut
783 1987 875 2015 cum
933 1988 1016 2017 uno
1058 1975 1354 2019 Affillentium
1390 2004 1406 2025 ,

395 2040 524 2091 prout
545 2029 610 2086 ipli
631 2031 854 2081 videbitur,
871 2033 1047 2077 resolvet
1061 2035 1270 2077 :omnibus
1285 2035 1407 2076 aetio--¹

398 2092 517 2136 nibus
535 2088 759 2147 praelidebit
776 2120 788 2140 ‚
813 2093 947 2135 omnia
962 2091 1137 2147 diriget,
1158 2095 1259 2137 nihil
1276 2092 1405 2135 omni—

394 2154 452 2197 no
466 2162 684 2205 magnum,
715 2160 784 2192 aut
799 2164 969 2206 parvum
987 2151 1132 2206 absque
1157 2155 1276 2210 ipfius
1306 2152 1409 2195 scitu

396 2212 438 2254 δι
452 2202 640 2254 consensu
659 2206 726 2251 fiet
742 2220 810 2252 aut
825 2210 1117 2254 concludetur.

460 2271 531 2312 tv.
571 2269 741 2319 Eorum,
755 2281 839 2325 quae
855 2268 1013 2322 majoris
1026 2271 1223 2313 momenti
1238 2271 1407 2322 fuerint,

400 2329 441 2371 δι
460 2326 761 2369 deliberatione
775 2341 875 2381 opus
890 2328 1098 2372 habebunt
1113 2360 1127 2381 ,
1151 2331 1249 2372 nihil
1267 2329 1406 2378 saciet,

400 2393 471 2430 aut
493 2384 714 2428 concludet
730 2385 807 2428 fine
821 2387 1001 2430 Confilio
1014 2388 1314 2442 Affistentium3
1342 2402 1407 2430 ne-

404 2443 610 2500 gotiorum
623 2453 755 2487 tamen
773 2444 973 2489 delectum
991 2448 1176 2490 habebit:
1191 2449 1409 2502 quaedam-a

403 2516 494 2545 cum
513 2499 790 2543 Affistentibus
807 2505 996 2546 tantum:
1021 2505 1097 2547 alia
1110 2520 1204 2548 cum
1218 2507 1276 2547 his
1297 2507 1338 2547 &
1356 2505 1408 2547 de

403 2562 552 2604 horum
569 2557 752 2609 confilio,
764 2560 887 2602 etiam
901 2574 993 2603 cum
1009 2562 1295 2617 Adiutoribus3
1307 2576 1408 2606 non-

403 2618 518 2664 nulla
534 2631 624 2661 cum
641 2616 894 2660 officialibus
910 2619 1134 2674 univerlis;
1156 2621 1317 2663 demum
1333 2622 1408 2664 ali-

407 2691 486 2734 qua
511 2689 604 2717 cum
627 2674 814 2718 universa
832 2679 1106 2722 Fraternitate
1134 2685 1410 2725 communica-

405 2737 467 2780 bit
485 2761 499 2783 ,
520 2735 560 2776 δι
574 2731 747 2777 resolvet
761 2760 774 2774 .

464 2795 517 2836 V.
553 2790 806 2847 Regularum
819 2792 1098 2838 observationi
1110 2795 1333 2853 diligenter
1343 2828 1358 2851 ,
1371 2801 1412 2842 δι

404 2849 581 2896 sollicite
600 2849 787 2895 intendet
807 2880 821 2901 ,
851 2852 1055 2896 Officiales
1072 2856 1252 2912 reliquos
1269 2872 1410 2900 mune-

409 2911 467 2957 ris
482 2909 537 2955 sui
556 2910 819 2962 admonebit,
839 2912 929 2953 &in
944 2911 1081 2956 officio
1096 2917 1343 2960 continebit.
1368 2917 1410 2958 si

408 2983 530 3027 quem
555 2967 823 3011 Confratrum
859 2971 1019 3025 gravius
1047 2975 1226 3028 peccasse
1261 2975 1411 3029 depre-

412 3027 635 3075 henderit,
660 3042 735 3084 Pro
762 3026 828 3071 sua
852 3027 1095 3075 discretione
1118 3033 1215 3076 &re
1229 3033 1412 3090 nataper

410 3087 479 3137 se,
507 3095 575 3129 aut
592 3100 681 3129 cum
699 3100 778 3127 uno
793 3086 1083 3143 Aflistentium,
1098 3103 1164 3133 aut
1181 3108 1271 3136 cum
1286 3095 1412 3136 omni-

407 3148 483 3191 bus
514 3145 734 3200 corripiet:
759 3147 796 3187 &
821 3147 845 3188 si
863 3148 1013 3191 crimen
1031 3150 1236 3205 publicum
1251 3154 1295 3194 fit
1313 3181 1325 3203 ‚
1345 3162 1413 3197 aut

413 3203 525 3260 spem
541 3203 832 3248 emendationis
860 3205 1011 3248 nullam
1026 3209 1230 3267 concipiat
1245 3241 1260 3264 ‚
1286 3225 1411 3257 cum.-

409 3262 579 3310 confilio
593 3262 865 3308 Affistentium
879 3265 1094 3309 excludet.

472 3325 549 3366 Vt.
584 3321 762 3381 Qoties
791 3323 857 3377 ipfi
871 3322 1163 3378 necessarium,
1189 3337 1259 3370 aut
1286 3340 1409 3385 expe·

414 3381 529 3425 diens
547 3382 624 3424 effe
641 3381 873 3432 videbitur,
898 3383 1133 3437 potestatem
1160 3387 1322 3429 habebit
1350 3389 1411 3429 in-

417 3440 580 3483 dicendi
608 3443 944 3495 congregationes
957 3445 1292 3498 extraordinarias
1310 3446 1410 3489 Affi-

412 3498 596 3543 stentium
613 3528 626 3550 ,
651 3501 691 3542 &
704 3527 718 3551 ,
734 3499 800 3543 sed
817 3501 968 3544 nonnifi
983 3502 1035 3544 de
1050 3503 1214 3546 confilio
1227 3505 1407 3547 Allisten-

414 3559 544 3625 ‘lump
562 3557 808 3614 Adjutorum
821 3587 836 3612 ,
858 3570 924 3603 aut
953 3561 1145 3607 universae
1159 3562 1405 3608 Confrater-

412 3626 570 3663 nitatis.

473 3677 570 3719 V11.
604 3675 791 3730 Sigillum
816 3686 1033 3734 utrumque
1051 3680 1410 3726 confraternitatis

1161 182 1735 274 Provincia

1530 317 1654 358 V111.
1688 313 1879 370 Epitlolis
1890 341 1906 363 ,
1933 311 2166 367 patentibus
2182 313 2311 358 literis
2325 341 2339 365 ,
2369 328 2480 358 man-

1469 376 1573 418 datis
1586 403 1598 421 ‚
1623 387 1745 430 atque
1759 375 1845 416 aliis
1858 372 2174 428 quibuscumque
2186 374 2347 430 scriptis
2363 404 2378 426 ‚
2391 387 2481 431 qua

1467 434 1507 476 id
1522 434 1798 491 postulabunt,
1814 432 1908 486 ipse,
1920 442 1991 471 aut
2006 431 2044 472 in
2061 431 2147 486 ejus
2164 431 2340 476 absentia
2354 435 2479 476 Vice-

1464 492 1673 552 praefectus
1689 492 1924 542 subscribet,
1937 491 1978 531 δι
1990 489 2078 546 post
2092 503 2187 534 eum
2201 493 2450 536 secretarius
2465 520 2479 534 .

1760 673 1800 715 C
1830 671 1865 714 A
1898 669 1930 711 P
1963 669 2003 710 U
2035 669 2072 711 T
2134 670 2190 712 X·

1767 790 1839 840 De
1866 786 2159 855 Vicepraeseffo
2179 822 2194 837 .

1529 908 1563 949 1.
1597 907 1908 963 vicepraefestus
1925 922 2004 951 non
2019 907 2202 962 eligetur
2214 932 2228 955 a
2243 905 2314 948 nifi
2328 903 2397 959 qui
2411 904 2484 950 ali·

1469 965 1634 1022 quando
1648 965 1767 1011 suerit
1784 968 1975 1011 Assistens
1989 996 2004 1019 ,
2029 970 2111 1023 quo
2134 965 2330 1023 majorem
2345 978 2486 1008 rerum

1468 1027 1762 1070 fraternitatis
1789 1027 1939 1070 habere
1963 1037 2082 1083 queat
2109 1025 2300 1068 notitiam
2316 1053 2330 1076 ,
2358 1024 2485 1079 &qui

1471 1084 1571 1127 alias
1594 1086 1643 1128 ab
1656 1087 1883 1129 eruditione
1899 1113 1915 1135 ‚
1941 1088 2119 1140 pietate,
2146 1087 2184 1129 δι
2200 1097 2338 1127 rerum
2367 1097 2490 1140 agen-

1470 1143 1612 1186 darum
1631 1144 1881 1188 dexteritate
1907 1145 1949 1184 sit
1963 1144 2274 1188 commendatus
2288 1172 2301 1185 .

1534 1204 1589 1243 11.
1621 1205 1658 1244 Is
1683 1202 1856 1246 absentis
1890 1201 2072 1245 Praefec‘ti
2104 1217 2177 1257 per
2203 1201 2342 1245 omnia
2370 1202 2483 1246 vices

1473 1258 1700 1316 supplebit,
1715 1261 1928 1318 omniaque
1943 1259 2084 1313 faciet,
2100 1274 2184 1316 quae
2201 1261 2398 1314 superiori
2413 1276 2483 1304 ca-

1473 1320 1556 1375 pite
1572 1323 1768 1364 recensita
1785 1319 1900 1363 sunt:
1925 1321 1964 1361 δι
1981 1335 2056 1363 non
2075 1319 2184 1363 secus
2211 1334 2255 1364 ac
2283 1319 2478 1363 Praefecto

1470 1380 1519 1422 ab
1534 1380 1720 1423 omnibus
1742 1381 1870 1422 honor
1883 1409 1899 1431 ,
1924 1380 1962 1420 &
1979 1379 2211 1422 obedientia
2232 1377 2442 1422 deferetur
2466 1406 2480 1421 .

1528 1440 1607 1480 111.
1643 1438 1827 1483 Praesenti
1845 1436 2032 1481 Praefeeto
2059 1439 2174 1482 velut
2198 1437 2367 1481 dextera
2389 1451 2480 1480 ma-

1471 1511 1544 1539 nus
1560 1498 1742 1551 assistet,
1770 1499 1918 1541 &ante
1931 1497 2173 1541 Assistentes
2203 1496 2480 1541 sententiam...

1470 1556 1581 1599 dicet
1595 1587 1607 1600 .

1527 1619 1602 1659 IV.
1639 1619 1692 1660 Et
1709 1618 1802 1673 quia
1819 1617 2059 1673 contingere
2092 1616 2223 1674 potest
2247 1614 2486 1661 Praefec'tum

1466 1685 1636 1732 propter
1653 1678 1750 1719 alias
1762 1679 2050 1734 occupationes
2066 1673 2197 1718 rarius
2211 1673 2486 1726 adeffe,vice-

1468 1733 1675 1791 praefeftus
1686 1735 2266 1792 omnibusc'ongregntionibus
2278 1745 2363 1776 tum
2375 1746 2486 1776 com-

1467 1796 1673 1845 munibus,
1690 1807 1775 1838 tum
1794 1794 2070 1838 Assistennum
2084 1794 2290 1841 intererit,
2307 1792 2358 1835 eo
2373 1790 2482 1848 quod

1470 1853 1546 1897 fine
1580 1852 1788 1905 Praefeffi,
1813 1867 1880 1897 aut
1908 1854 2047 1898 saltem
2073 1850 2348 1907 vicepraefeeti
2377 1863 2478 1893 con-

1469 1910 1575 1956 sensu
1592 1944 1608 1966 ‚
1635 1925 1704 1957 aut
1721 1915 1833 1960 certe
1851 1912 2122 1956 commistione
2149 1911 2246 1953 nihil
2263 1907 2475 1953 statuide-

1468 1973 1538 2014 bet
1551 2001 1562 2014 .
1593 1976 1734 2029 ltaque
1751 1977 1775 2017 fi
1789 1988 1870 2029 quo
1884 1974 1970 2016 casu
1996 1987 2088 2016 eum
2111 1967 2240 2012 abesse
2256 1966 2469 2013 neceffitas

1470 2034 1687 2086 coegerit,
1716 2033 1821 2074 vices
1834 2034 1917 2074 suas
1938 2031 2061 2074 alicui
2076 2027 2343 2074 Affistentium
2356 2040 2479 2070 com-⁴

1471 2093 1605 2133 mittet
1619 2119 1632 2141 ,
1656 2091 1723 2144 qui
1741 2101 1874 2132 tamen
1891 2090 1992 2132 nihil
2010 2087 2172 2146 majoris
2187 2085 2384 2128 momenti
2401 2084 2477 2128 sta-

1471 2158 1589 2200 tuet,
1617 2160 1686 2192 aut
1701 2150 1814 2193 statui
1833 2150 2046 2204 permittet
2064 2178 2078 2198 ‚
2108 2145 2172 2189 nisi
2198 2143 2332 2188 habita
2356 2142 2477 2187 desu-

1469 2223 1543 2267 per
1556 2206 1733 2252 Praefeau·
1747 2240 1763 2261 ,
1792 2221 1859 2251 aut
1878 2206 2158 2266 Vicepraefee'ti
2176 2200 2380 2250 sententia
2392 2230 2406 2245 .

1744 2327 1784 2369 C
1813 2325 1851 2367 A
1885 2326 1918 2367 P
1951 2326 1989 2368 U
2025 2325 2061 2367 T
2122 2325 2202 2366 XI.

1757 2442 1829 2492 De
1848 2442 1889 2491 A
1881 2441 2150 2509 ffiHentibus
2169 2476 2184 2492 .

1527 2563 1561 2604 1.
1592 2559 1826 2605 Assistentes
1841 2562 1904 2605 sex
1918 2571 2067 2616 erunt3
2090 2570 2171 2605 tres
2185 2557 2477 2612 Ecclefiastici,

1470 2622 1508 2664 &
1527 2633 1610 2664 tres
1632 2621 1846 2664 saculares
1860 2650 1871 2662 .

1530 2683 1583 2723 11.
1620 2680 1684 2723 Isti
1700 2693 1743 2724 ut
1761 2682 1942 2732 honore,
1967 2684 2007 2724 δι
2035 2683 2129 2725 loco
2157 2678 2336 2733 reliquos
2360 2684 2477 2720 ante-

1472 2749 1595 2791 eunt,
1624 2741 1679 2781 ita
1710 2740 1921 2790 doctrina,
1953 2741 2073 2792 zelo,
2106 2738 2328 2796 prudentia
2355 2763 2370 2786 ,
2397 2733 2479 2778 fre·

1472 2799 1611 2853 quenti
1641 2797 1706 2839 usu
1725 2803 2084 2842 sacramentorum
2101 2829 2114 2849 .‚
2144 2799 2185 2840 ὃ(
2210 2796 2475 2851 regularum..

1471 2857 1754 2900 observatione
1771 2857 1986 2913 praelucere
2001 2860 2187 2900 nitentur
2200 2890 2212 2904 .
2468 2881 2471 2885 ·

1532 2918 1608 2958 11¹.
1644 2917 1694 2957 Hi
1712 2919 1788 2958 una
1803 2930 1895 2959 cum
1917 2917 2127 2966 Praefeetm
2144 2926 2211 2958 aut
2228 2908 2475 2968 Vicepraefea

1473 2977 1539 3016 c‘to
1568 2975 1790 3028 supremum
1811 2977 2091 3018 Fraternitatis
2111 2979 2300 3017 Senatum
2326 2969 2474 3013 consti-

1475 3043 1597 3076 tuunt
1610 3062 1623 3084 ,
1640 3033 1718 3076 line
1733 3033 1845 3090 cujus
1861 3035 2026 3078 consilio
2043 3031 2345 3080 nihilomnino,
2359 3028 2470 3087 quod

1476 3092 1643 3148 alicujus
1667 3094 1860 3135 momenti
1879 3093 1922 3135 fit
1939 3119 1953 3141 a
1967 3092 2128 3136 definiri
2144 3090 2273 3147 potest
2287 3120 2298 3132 .

1534 3153 1608 3193 1v.
1642 3151 1851 3209 roirca
1873 3151 2081 3202 Praefecto,
2099 3161 2164 3195 aut
2183 3146 2474 3205 Vicepraefee‘to

1473 3210 1610 3266 praesto
1625 3210 1701 3252 effe
1715 3237 1728 3260 ,
1757 3211 2208 3267 &Congregationibus
2236 3207 2473 3252 ordinariis,

1474 3279 1596 3324 atque
1642 3269 2000 3321 extraordinariis,
2026 3269 2185 3327 quoties
2214 3268 2467 3311 vocabuntur

1471 3329 1660 3373 interesse
1687 3329 1864 3373 debent:
1893 3329 2037 3386 reliqui
2067 3340 2207 3372 autem
2231 3326 2471 3370 Confratres

1472 3402 1542 3431 eos
1558 3389 1840 3439 honorabunt,
1863 3400 1985 3446 atque
2000 3388 2268 3431 observabunt
2285 3412 2296 3425 .

1533 3449 1584 3490 V.
1620 3449 1901 3503 Negotia,quae
1917 3446 2074 3499 maioris
2089 3442 2285 3488 momenti
2302 3439 2473 3482 censen-

1480 3516 1573 3557 tur,
1597 3509 1637 3550 &
1661 3506 1740 3549 fine
1766 3507 1931 3550 consilio
1955 3505 2217 3549 Affistentium
2241 3498 2384 3542 confici
2405 3513 2475 3541 ne-

1472 3575 1653 3621 queunt,
1667 3574 1733 3609 aut
1750 3564 1774 3608 fi
1788 3565 2052 3607 conficiantur
2067 3593 2081 3615 ,
2094 3563 2209 3605 irrita
2225 3570 2344 3602 erunt
2357 3585 2371 3606 a
2403 3572 2475 3600 or-

1470 3625 1626 3667 dinaria
1657 3625 1737 3667 haec
1763 3622 1882 3677 sunt3
1909 3624 2158 3679 Regularum
2182 3616 2470 3663 Fraternitatis

1471 3683 1729 3733 declaratio:
1757 3694 1946 3726 novorum
1970 3679 2237 3723 (jonfratrum
2264 3676 2472 3732 receptior

417 3733 611 3779 custodiet
635 3747 649 3785 3
682 3732 746 3776 sed
776 3750 827 3778 eo
853 3751 1053 3797 nunquam
1082 3742 1152 3785 nisi
1176 3741 1229 3787 de
1249 3741 1416 3788 consilio
1476 3742 1821 3800 elecmosynarum
1835 3741 2089 3786 distributio:
2113 3741 2324 3784 literarum
2345 3748 2474 3791 expe·

418 3792 685 3850 Affistentium
702 3804 837 3840 utetur
851 3824 864 3839 .
912 3856 917 3864 Ι

1474 3801 1601 3846 ditio.
2395 3852 2404 3861 -

2261 3857 2336 3899 v1.
2354 3857 2420 3897 Di·
