2658 4256
962 252 1454 342 Boemica.
1691 337 1695 340 ‚
2009 271 2164 354 193

276 393 359 429 Rex
370 399 509 437 quoque
523 387 654 425 felicem
670 398 734 435 pro
750 384 892 423 nectefia
904 395 1056 437 pugnam
1076 382 1213 431 premio
1224 379 1364 425 dignam
1381 375 1515 418 censens
1525 399 1536 418 ,
1550 373 1690 412 vietori
1703 374 1849 414 Athletae
1864 376 2050 426 Purpusam
2063 380 2213 419 Eccleflae

185 441 318 480 διωθεῖ
335 436 495 482 noviter,
516 438 552 475 ἃ
566 436 719 485 sequenti
737 433 895 472 institerit
915 433 1087 480 epsstolaz

296 597 345 644 A
370 606 532 662 tergo:
614 583 869 650 Sanc‘liffi'mo
896 616 913 640 ,
964 596 1010 662 uc
1059 578 1297 660 Reatiffimo
1337 583 1383 632 in
1418 578 1589 631 Christo
1627 577 1749 629 Patri
1785 614 1802 637 ,
1849 597 1896 626 ac
1929 579 2118 629 ‘Domino

353 663 419 713 D.
440 661 613 716 Urbano
634 653 810 707 Divina
834 648 1111 701 Provtdentta
1136 648 1255 714 Papae
1285 650 1457 700 Oi'lavo
1472 686 1487 710 ‚
1525 647 1794 716 Sacrosc‘mt‘lae
1823 648 2016 700 Romanae
2030 685 2047 710 ,

675 727 731 774 ό·
757 719 1031 787 Univerfilis
1051 717 1236 785 Ecclssae
1262 717 1456 784 Pontifici
1486 718 1688 769 Maximo
1701 753 1720 778 ,

616 802 621 811 ·’
924 789 1112 838 “Domino
1137 787 1450 853 Clementiffi‘mo
1463 822 1478 837 .

584 930 841 990 sanciifflme,
868 929 917 977 (ς’
946 925 1156 984 Beatiffi'me
1185 925 1227 968 in
1256 923 1408 980 Christo
1431 930 1573 978 Pater,
1604 923 1797 974 Domine,

942 990 1108 1031 Domine
1134 983 1443 1042 Clementiffl'mc.

275 1120 360 1174 Post
383 1133 400 1158 o
415 1120 491 1161 cula
516 1121 690 1157 beatorum
735 1115 832 1154 edum
845 1112 1047 1152 SanEiitatis
1063 1110 1184 1163 Vestrae
1195 1136 1209 1156 ‚
1234 1114 1298 1150 mei
1321 1123 1530 1162 meorumque
1547 1109 1743 1159 Regnorum
1774 1110 1996 1150 humillimam
2016 1113 2223 1150 commendass

184 1174 306 1214 mne„
318 1197 328 1208 .
354 1122 440 1210 Νζη
453 1168 497 1219 est
510 1167 677 1216 Regium,
734 1165 804 1201 eati
825 1174 885 1200 rme
899 1162 1006 1199 Pater
1018 1185 1032 1205 ,
1053 1160 1074 1196 o
1090 1172 1141 1197 me
1147 1160 1334 1209 J'usceptam
1353 1163 1502 1198 virtutis
1519 1162 1780 1209 promotionem,
1799 1163 1893 1199 verti
1919 1161 2159 1198 nonnullorum
2177 1160 2222 1196 li-

181 1233 264 1259 vore
283 1223 323 1258 in
351 1219 435 1256 vitii
457 1225 717 1266 argumentum.
742 1212 792 1251 Po
818 1210 917 1250 ulavi
941 1210 962 1247 ἃ
985 1208 1175 1248 δαηῖὶἱιαισ
1195 1206 1329 1260 Vestra,
1358 1220 1398 1246 ut
1421 1208 1577 1246 Fratrem
1592 1206 1817 1246 Valerianum
1838 1210 2051 1258 Capucinum
2078 1210 2222 1247 donaret

180 1266 416 1308 cardinalitia*
430 1266 625 1314 dignitate3
650 1275 689 1299 ea
704 1273 758 1299 res
777 1260 914 1298 exacuit
928 1259 1004 1294 odia
1018 1255 1197 1295 multorum
1211 1281 1224 1300 ,
1251 1258 1311 1306 qui
1328 1267 1507 1306 propterea
1522 1254 1604 1295 Viri
1621 1259 1814 1294 innocentis
1836 1257 1964 1295 claram
1978 1258 2223 1308 aestimationem

184 1319 224 1354 in
227 1318 392 1367 summum
405 1314 582 1363 discrimen
594 1312 760 1348 adducere
771 1310 983 1345 conabantur
1000 1330 1014 1350 ,
1038 1306 1102 1343 imo
1125 1318 1184 1342 nec
1198 1304 1318 1356 fuiffi’t
1337 1308 1428 1353 satis
1457 1315 1596 1343 cautum
1609 1307 1692 1342 vitae
1707 1306 1803 1356 ipsius
1817 1330 1828 1350 ,
1848 1307 1881 1357 fi
1897 1307 2041 1344 admotis
2052 1306 2221 1343 machinis

180 1378 248 1402 non
263 1360 432 1416 obstetiffet
442 1363 485 1405 ὼ·
503 1361 697 1398 innocentia
708 1383 724 1403 ,
744 1358 787 1399 ὼ·
797 1358 842 1393 im
864 1355 1063 1393 erterritum
1073 1351 1156 1391 Viri
1167 1354 1279 1402 petius
1295 1382 1302 1391 .
1320 1354 1396 1404 Post
1408 1354 1474 1391 haec
1488 1353 1623 1402 publice
1636 1353 1693 1390 ille
1703 1355 1840 1391 tandem
1848 1357 2074 1405 praeoptavit,
2097 1364 2138 1391 ut
2153 1353 2223 1402 ipso

175 1410 362 1462 postulante
383 1411 567 1448 recederem
594 1408 614 1444 ἃ
626 1416 726 1455 coepto
750 1405 835 1490 conf
843 1406 896 1442 io:
929 1413 967 1441 at
987 1414 1044 1451 ego
1071 1402 1110 1439 ed
1128 1403 1261 1439 ratione
1283 1414 1343 1439 nec
1351 1403 1440 1452 satis
1461 1412 1599 1439 cautum
1614 1402 1708 1439 illius
1724 1402 1887 1441 laudibus
1914 1403 2115 1440 amalevolis
2126 1427 2139 1446 ,
2158 1413 2219 1438 nec

178 1463 232 1497 ita
248 1460 431 1508 consultum
443 1458 528 1495 duxi
542 1456 683 1504 Ecclefiae
700 1453 802 1502 Chris
813 1455 826 1489 i
836 1478 849 1499 ‚
883 1461 925 1490 ut
939 1454 979 1489 ec'i
1019 1451 1198 1488 remotione
1212 1451 1386 1501 desisterem
1400 1477 1411 1487 .
1438 1451 1582 1500 Adjecit
1605 1451 1662 1488 ille
1681 1452 1724 1492 ὠ·
1734 1452 1869 1499 quidem
1880 1452 2093 1488 vehementer
2111 1475 2124 1495 ‚
2147 1451 2222 1486 cnm

177 1521 228 1546 me
240 1507 391 1545 crederet
403 1507 521 1554 urgeri
534 1530 549 1551 ,
574 1516 652 1541 nece
674 1503 754 1540 ttati
766 1504 873 1550 magis
890 1460 1074 1549 oonsullum
1088 1501 1138 1535 iri
1155 1500 1348 1536 rationibus
1360 1501 1441 1536 meis
1454 1500 1504 1548 ,fi
1513 1499 1581 1536 alia
1596 1499 1745 1548 Persona
1759 1501 1900 1548 praeiret
1913 1501 1951 1534 in
1967 1498 2028 1535 illa
2041 1499 2223 1548 dignitate.

175 1557 330 1594 ‘Domum
341 1565 381 1593 ex
393 1554 507 1591 multis
519 1553 630 1603 difficu
644 1552 798 1604 tatibus,
810 1551 934 1599 quibus
946 1562 985 1587 ea
996 1549 1159 1597 promotio
1169 1547 1376 1596 praepeditur
1386 1575 1396 1590 ,
1408 1559 1512 1584 unam
1523 1548 1647 1595 delegit
1662 1572 1673 1589 ‚
1688 1548 1744 1582 cui
1750 1548 1812 1596 suo
1820 1547 1951 1595 judicio
1962 1548 2222 1596 acquiescerem:

173 1604 242 1642 baec
256 1605 389 1653 quidem
402 1603 458 1640 ille
472 1619 482 1640 ι
511 1603 557 1640 Et
570 1611 683 1638 tamen
696 1600 843 1648 antiqua
853 1599 975 1636 merita
988 1598 1081 1635 tanti
1094 1593 1200 1639 Viri,
1226 1597 1269 1637 ὠ·
1282 1596 1480 1631 reverentia
1495 1594 1560 1631 haec
1572 1620 1584 1638 ,
1594 1595 1761 1632 moderati
1773 1596 1883 1631 animi
1896 1607 2098 1643 argumenta
2112 1619 2125 1638 ‚
2139 1604 2224 1644 pro·

178 1653 298 1690 bibere
310 1664 376 1688 non
386 1660 571 1700 potuerunt
580 1674 594 1693 ,
618 1650 704 1698 quin
718 1659 784 1684 non
795 1647 1016 1696 quorumdam
1029 1644 1168 1681 occultis
1180 1645 1317 1680 artibus
1330 1666 1343 1688 ‚
1369 1643 1411 1684 ὼ·
1427 1640 1544 1690 Vestra
1558 1643 1735 1680 Sanfiiitas
1746 1668 1760 1687 ,
1778 1644 1821 1685 &⁸
1846 1644 1909 1680 alii
1927 1644 2044 1693 plures
2065 1641 2225 1679 nonnihil

175 1701 218 1736 de
228 1702 347 1737 eximio
352 1701 476 1748 favore
487 1723 501 1744 ‚
524 1711 590 1747 quo
601 1697 758 1733 haetenus
767 1696 856 1731 hunc
870 1695 1034 1731 bominem
1044 1692 1356 1740 prosequebantur,
1381 1689 1596 1738 remiserint.
1624 1692 1680 1728 At
1692 1703 1750 1740 ego
1766 1692 1911 1743 existimo
1928 1692 2089 1730 maculam
2104 1692 2223 1739 Regiae

175 1748 360 1796 dignitatis
373 1772 385 1791 ‚
401 1748 434 1796 fi
439 1747 550 1795 Regia
564 1746 639 1782 laus
651 1768 663 1788 ,
687 1743 884 1791 Regiusque
895 1742 1003 1790 favor
1015 1762 1033 1783 ,ι
1050 1741 1216 1781 &notam
1235 1736 1418 1790 inusserit,
1444 1739 1687 1787 &periculum
1707 1743 1891 1788 paraverit
1902 1740 1958 1779 illi
1974 1764 1986 1784 ,
2008 1753 2104 1790 quem
2129 1740 2224 1789 eous·

177 1807 243 1845 que
252 1795 433 1834 Praelatum
446 1797 540 1842 cupit
552 1820 561 1830 .
588 1793 807 1843 Qpropter
823 1789 913 1874 gloc
932 1788 1062 1826 litteris
1080 1789 1132 1826 ita
1153 1798 1278 1837 expono
1294 1789 1446 1825 rationes
1457 1811 1469 1833 ,
1481 1789 1605 1836 quibus
1620 1789 1793 1835 adducor,
1815 1800 1856 1828 ut
1860 1789 1990 1839 sperem
2007 1802 2062 1827 eas
2069 1790 2221 1839 proban·

176 1844 240 1880 das
252 1843 313 1896 ff
326 1844 415 1880 vrbs·
427 1844 469 1885 ὼ·
479 1842 594 1885 Orbi,
621 1841 742 1878 nedum
755 1840 829 1882 San
860 1839 942 1876 itati
956 1835 993 1875 V
988 1850 1005 1874 e
1050 1847 1076 1873 α,
1086 1866 1094 1873 .

273 1894 359 1931 Cum
382 1891 478 1927 rimis
491 1900 604 1928 autem
615 1917 624 1931 ‚
646 1889 753 1927 Pater
774 1886 986 1937 ‘Beatifftme‚
1012 1895 1070 1934 ego
1077 1885 1168 1934 satis
1181 1885 1335 1935 intelligo
1351 1897 1390 1922 ac
1399 1885 1568 1933 perpendo
1581 1910 1594 1930 ‚
1620 1886 1707 1934 quid
1719 1887 1864 1926 debeant
1873 1887 2026 1934 Regibus
2037 1913 2050 1930 ,
2070 1887 2223 1925 “Princi·

170 1939 272 1989 pibus
284 1939 485 1991 Christianis
497 1963 510 1981 ,
523 1939 587 1988 seu
603 1937 792 1976 Catholicis
806 1960 819 1981 ‚
845 1937 888 1977 (δ’
900 1935 1043 1984 Ecclessae
1060 1958 1074 1978 ,
1099 1944 1199 1982 quam
1212 1932 1344 1982 Regum
1359 1933 1506 1970 mamilla
1518 1934 1660 1972 laetavit
1669 1959 1682 1979 ,
1707 1936 1750 1978 (ς’
1763 1938 1896 1974 Summi
1909 1935 2090 1983 Pontifices
2102 1961 2115 1980 ‚
2141 1947 2224 1984 quos

173 1987 374 2027 Sanfiiorum
401 1988 524 2036 pedum
537 1987 648 2034 Regia
660 1984 768 2035 oscula
795 1988 862 2031 (ut
880 1983 950 2020 alia
966 1982 1104 2033 fileam)
1120 1981 1248 2030 summe
1262 1982 1474 2020 venerabiles
1485 1980 1636 2033 afferunt
1652 2012 1661 2021 .
1684 1983 1813 2033 Neque
1837 1998 1888 2022 me
1909 1982 1995 2022 latet
2011 1984 2144 2033 Regum
2157 1984 2221 2022 Po.

180 2035 276 2072 loniae
284 2038 513 2084 praerogativa
525 2057 539 2078 ,
563 2045 662 2083 quam
677 2034 819 2081 pensare
829 2033 953 2069 debent
967 2061 975 2073 ‚
998 2032 1058 2080 qui
1073 2030 1304 2081 Christianum
1317 2031 1538 2069 moderantur
1554 2031 1702 2068 Orbem:
1719 2033 1852 2082 sceptr6
1874 2032 1980 2082 nostro
1995 2035 2144 2081 regimus
2160 2041 2222 2081 po·

171 2083 270 2134 pulos
284 2084 326 2125 ὡ·
338 2085 492 2121 nationes
504 2083 582 2118 illas
594 2107 603 2121 ,
629 2093 701 2130 quae
711 2080 893 2116 militarem
908 2081 953 2120 ὰ
964 2082 1114 2130 asperam
1125 2079 1378 2117 inclementiore
1392 2078 1480 2118 Coelo
1493 2082 1603 2118 vitam
1617 2080 1762 2126 ducunt,
1776 2082 1839 2131 quo
1854 2081 1999 2130 facilins
2014 2082 2221 2131 compescant

175 2132 354 2174 maximos,
379 2130 654 2180 acpotentiffimos
669 2128 856 2179 Christiani
880 2126 1044 2167 Nominis
1067 2126 1166 2175 hostes
1180 2152 1192 2170 ‚
1219 2125 1384 2165 Tartaros
1402 2152 1414 2172 ‚
1438 2127 1592 2169 Tanos,
1611 2130 1713 2173 adeo,
1736 2141 1777 2167 ut
1798 2131 2001 2169 Polonorum
2015 2129 2220 2178 sanguinea

178 2181 223 2222 ῤ’
230 2180 386 2229 potentiti
394 2179 579 2227 plurimum
589 2179 683 2226 pacis
695 2178 738 2220 ὠ·
748 2176 1006 2224 tranquilitatis
1025 2176 1116 2213 Orbi
1130 2175 1322 2261 Chrfissiano
1333 2176 1471 2215 accedat
1480 2202 1490 2214 .
1518 2175 1646 2225 Neque
1655 2179 1828 2217 duntaxat
1844 2179 1990 2227 antiqua
2005 2188 2217 2215 monumenta

178 2227 284 2264 recolo
299 2240 309 2263 :
334 2228 404 2275 Ego
423 2228 489 2276 ipse
501 2252 512 2272 ‚
538 2228 599 2266 vix
611 2227 672 2262 ina
720 2234 844 2262 uratus
858 2223 934 2262 Rex
947 2250 960 2269 ,
977 2235 1144 2269 armatum
1153 2234 1193 2272 pe
1224 2237 1263 2262 us
1277 2237 1425 2262 unacum
1433 2225 1595 2275 subjefiiis
1609 2226 1749 2274 Populis
1772 2229 1876 2277 objeci
1892 2227 2040 2275 Moscis‚
2068 2226 2193 2263 Turcis
2207 2251 2220 2268 ‚

182 2276 362 2316 Tartaris.
388 2286 428 2311 ac
440 2277 560 2313 Svecis
584 2274 642 2311 illo
721 2275 795 2317 effu,
842 2284 916 2310 uem
928 2273 1036 2310 Orbis
1052 2285 1117 2310 non
1133 2275 1288 2323 ignorat.
1317 2272 1459 2322 Itaque,
1474 2274 1659 2357 Beatipime
1674 2275 1781 2312 Pater
1791 2300 1803 2319 ‚
1850 2275 1927 2311 robe
1953 2275 2003 2311 cio
2015 2299 2027 2319 ,
2052 2274 2152 2324 quim
2166 2274 2222 2309 ho-

175 2323 261 2374 nesti
271 2334 415 2368 aveant,
439 2322 498 2360 vel
515 2334 620 2360 unum
640 2333 681 2359 ex
689 2322 784 2359 Orbe
795 2284 919 2359 Vlirum
931 2346 943 2365 ,
969 2334 1019 2359 me
1030 2321 1205 2360 humiliter
1225 2331 1381 2371 petente,
1407 2323 1569 2370 universa
1584 2323 1652 2357 iori
1674 2285 1889 2374 Ecclestasfico
1952 2324 2094 2371 egimini
2121 2322 2141 2358 ἁ
2156 2320 2223 2358 Ve-

171 2370 445 2458 ss'psani‘litate
457 2372 653 2414 admoveri,
676 2371 767 2408 modo
778 2370 954 2419 intelligat
969 2370 1059 2408 hunc
1069 2372 1168 2419 ferre
1183 2368 1267 2423 poffe
1291 2382 1363 2408 eam
1382 2371 1587 2418 dignitatem
1613 2371 1725 2418 animo
1746 2374 1887 2410 incorru
1909 2375 1944 2410 t3
1957 2397 1968 2408 .
1997 2371 2218 2423 Quapropter

240 2431 297 2458 um
307 2420 455 2470 conscius
468 2445 478 2462 ,
500 2421 539 2456 in
563 2420 630 2469 ipſs>
650 2420 715 2456 mei
726 2420 901 2467 regiminis
916 2419 1075 2463 exordio,
1102 2419 1210 2457 oculos
1225 2444 1236 2463 ,
1261 2429 1466 2467 mentemque
1481 2419 1608 2468 conjeci
1634 2421 1672 2454 in
1692 2419 1846 2458 Fratrem
1898 2420 2111 2462 nerianum,
2139 2419 2221 2456 Ma-

174 2480 281 2517 gnum
291 2491 304 2511 ‚
329 2480 423 2516 quem
437 2468 516 2505 dum
529 2467 686 2505 accurate
697 2467 895 2516 contemplor
905 2493 918 2513 ‚
943 2468 997 2506 hic
1010 2469 1093 2504 mihi
1106 2468 1200 2517 visus
1219 2467 1262 2516 est
1265 2466 1452 2517 singularis
1480 2468 1621 2504 Divina·
1637 2467 1871 2506 Providentia
1886 2469 1998 2518 studia
2013 2469 2050 2504 in
2070 2481 2142 2506 eam
2164 2468 2222 2502 di-

172 2518 344 2565 gnitatem
361 2515 550 2566 efformatus
561 2543 571 2558 ,
599 2515 851 2564 elaboratusque
865 2519 994 2565 magnis
1007 2518 1107 2553 rebus
1121 2517 1287 2565 agendis;
1311 2528 1390 2552 nam
1405 2516 1437 2565 fi
1454 2517 1560 2552 animi
1578 2516 1669 2552 dotes
1683 2541 1695 2559 ‚
1711 2518 1791 2554 vita
1814 2517 2028 2566 institutum,
2052 2518 2221 2554 eruditio-

175 2576 271 2609 nem,
295 2576 348 2600 res
356 2563 461 2613 gestas
473 2565 515 2606 (δ’
527 2577 630 2601 mores
637 2565 783 2613 expendo
800 2589 812 2608 ‚
836 2568 984 2603 eminent
998 2578 1008 2601 ι
1032 2578 1091 2602 nec
1105 2575 1216 2603 tamen
1230 2564 1326 2615 effero
1340 2562 1422 2603 Viri
1433 2565 1607 2612 ingenium
1621 2588 1634 2609 ‚
1656 2564 1756 2603 habet
1767 2578 1805 2602 ea
1818 2566 1944 2603 indoles
1960 2567 2104 2616 summos
2118 2590 2131 2610 ,
2156 2564 2219 2612 qui

175 2612 267 2649 illam
286 2612 500 2649 admirentur
514 2637 526 2657 ,
550 2615 660 2650 notior
672 2613 735 2662 est,
759 2625 864 2661 neque
884 2626 923 2651 ea
944 2614 1029 2650 latet
1040 2614 1260 2651 .5anftitatem
1272 2612 1448 2663 Vestram3
1466 2615 1549 2650 vitae
1561 2613 1748 2662 singularis
1770 2616 1962 2664 institutum
1984 2614 2108 2662 delegit
2122 2639 2134 2657 ,
2155 2613 2220 2661 quei

177 2660 307 2696 nullum
318 2660 360 2708 est
373 2661 410 2695 in
423 2661 559 2710 Ecclesia
571 2663 676 2709 magis
688 2663 887 2710 compositum
899 2662 945 2698 ad
956 2674 1104 2704 normam
1121 2661 1300 2710 Evangelii
1310 2685 1320 2693 -
1348 2661 1563 2698 Eruditionis
1575 2662 1646 2708 suae
1652 2663 1817 2710 specimen
1839 2664 1935 2699 dedit
1958 2673 2077 2699 contra
2093 2663 2220 2699 Haere-

175 2710 257 2744 ticos
270 2731 281 2750 ,
306 2716 465 2753 quartu-m
489 2708 602 2756 na‘c'ius
614 2709 886 2759 uintagonisiam
897 2735 910 2755 ,
935 2712 995 2759 qui
1010 2722 1129 2746 novam
1145 2711 1295 2761 instituit
1309 2709 1446 2758 heresim
1459 2722 1472 2749 ;
1497 2718 1537 2746 ut
1551 2708 1620 2756 sese
1639 2711 1808 2756 subducat
1826 2712 1869 2746 ab
1894 2711 2024 2758 objefiis
2038 2710 2215 2758 absurdis,

167 2753 274 2805 fizffus
293 2753 496 2801 reliquorum
511 2758 671 2793 neminem
704 2769 764 2794 are
772 2756 854 2842 pwse
865 2759 1028 2795 adversos
1038 2755 1260 2796 Valerianum
1276 2758 1550 2805 Magnum.Sunt
1562 2766 1602 2791 ex
1614 2758 1684 2793 illis
1694 2782 1706 2801 ‚
1733 2759 1792 2804 qui
1811 2770 1860 2794 me
1866 2759 2026 2806 praesente
2038 2758 2156 2794 dicant
2176 2758 2219 2798 εῖν

170 2804 330 2852 sentiant
343 2825 357 2844 ,
379 2812 446 2836 non
457 2811 572 2839 extare
593 2812 658 2850 apu
695 2805 801 2841 Catho
816 2808 882 2841 icos
894 2806 990 2843 aliud
1002 2815 1081 2854 opus
1090 2830 1103 2849 ,
1127 2809 1192 2855 quo·
1204 2805 1256 2842 illi
1269 2808 1374 2853 magis
1382 2803 1656 2854 prostringantur
1669 2833 1677 2840 .
1706 2805 1743 2839 ld
1764 2805 1844 2840 vero
1859 2805 1900 2846 est
1913 2805 2034 2842 radius
2045 2817 2133 2842 unus
2147 2804 2219 2840 illi-

179 2863 220 2888 us
231 2851 319 2887 lucis
332 2873 345 2893 ,
365 2860 463 2896 quam
481 2851 519 2886 iu
533 2859 686 2896 apertum
699 2851 856 2888 collocare
874 2853 1042 2900 disponitt
1067 2855 1230 2900 quantum
1241 2853 1453 2890 aufioritatis
1475 2853 1513 2887 in
1534 2854 1654 2888 bonum
1670 2851 1850 2888 Catholicae
1868 2852 1962 2890 Fidei
1976 2853 2042 2902 sibi
2060 2853 2220 2889 concilia-

175 2909 231 2935 ret
243 2900 281 2934 in
295 2899 371 2934 orbe
383 2921 396 2940 ,
412 2897 444 2945 fi
454 2898 519 2934 Leo
530 2899 686 2945 prodiret
699 2910 788 2934 nunc
801 2902 939 2946 agnitus
960 2911 1000 2936 ex
1011 2908 1149 2947 ungue?
1174 2901 1354 2937 Oriuntur
1369 2900 1552 2945 aliquando
1569 2924 1577 2935 ,
1600 2899 1782 2947 Beatiffime
1800 2901 1918 2938 'Pater
1930 2926 1944 2946 ‚
1967 2901 2055 2950 astra
2070 2903 2219 2949 quaedam

176 2949 269 2984 inter
282 2944 436 2982 mortales
450 2969 463 2989 ,
486 2957 557 2993 quae
569 2945 875 2994 suapteſjtlendore
885 2950 978 2983 viam
988 2947 1052 2995 fibi
1064 2948 1246 2994 expediunt
1256 2949 1299 2983 ab
1313 2948 1401 2983 omni
1417 2947 1648 2993 impedimento
1661 2971 1672 2989 ‚
1693 2947 1756 2984 imo
1769 2949 1840 2984 cum
1862 2950 1927 2998 ipse
1939 2949 2004 2998 sibi
2020 2950 2064 2999 sit
2076 2951 2200 2999 impedi
2206 2972 2217 2977 -

175 2999 284 3032 mento
295 3017 308 3037 ,
333 2995 454 3042 quippe
468 2994 662 3041 Capucinus
674 3019 687 3038 ,
709 3006 775 3030 non
789 3005 900 3032 tamen
911 3019 924 3037 ,
949 3006 1024 3030 cum
1049 2994 1190 3031 maxime
1203 2993 1305 3032 vellet
1316 3018 1329 3037 ‚
1352 2994 1454 3029 licuit
1468 2994 1641 3041 personam
1652 2995 1751 3043 suam
1773 2998 2046 3046 circumscribere
2058 2997 2196 3048 claustro
2207 3023 2219 3042 ,

176 3043 263 3091 quin
284 3053 323 3078 ea
346 3042 468 3079 exiliat
489 3043 528 3077 in
550 3043 656 3090 ipsum
667 3043 794 3079 Orbem
804 3044 1032 3092 Christianum
1045 3066 1057 3086 ‚
1073 3043 1136 3090 fi’d
1150 3043 1299 3084 &intra
1313 3041 1482 3078 Ordinem
1497 3042 1597 3089 suam
1611 3043 1793 3092 explicavit
1805 3047 1994 3083 virtutemz
2019 3046 2072 3082 nil
2089 3047 2141 3082 illi
2161 3048 2220 3083 de·

169 3091 248 3140 fuit
265 3090 447 3137 digni-tatis
460 3117 470 3132 ‚
496 3092 583 3137 quod
596 3101 667 3127 una
678 3091 864 3128 Provincia
878 3092 1030 3140 conferre
1044 3093 1157 3139 potuit
1168 3115 1179 3135 ‚
1205 3091 1310 3137 neque
1323 3087 1477 3140 defuiffet
1488 3114 1500 3133 ,
1517 3101 1589 3137 quae
1599 3092 1792 3141 universum
1803 3095 1970 3131 Ordinem
1985 3105 2217 3139 concernunt,

167 3139 199 3189 fi
219 3137 397 3187 abstraffius
410 3137 430 3174 ὰ
444 3136 492 3175 Ve
504 3137 558 3174 ira
571 3138 761 3176 Sanfiiitate
775 3140 922 3189 Miffi'oni
936 3139 1122 3188 Austriacae
1134 3164 1144 3181 ,
1169 3139 1211 3181 (δ’
1222 3139 1386 3175 ῗΒοενηίειε
1399 3140 1530 3186 integr6
1540 3138 1697 3176 decennio
1710 3153 1774 3176 non
1782 3141 1900 3193 fuiffet
1909 3143 2081 3191 praefefius
2092 3168 2102 3180 .
2116 3143 2220 3195 Qd

176 3186 260 3223 mero
277 3188 314 3221 in
329 3186 390 3221 hac
404 3186 461 3223 Μ·
483 3198 554 3222 sone
562 3186 758 3234 praestiterit
774 3210 786 3228 ,
811 3200 850 3223 ea
856 3188 943 3236 sunt
953 3211 965 3230 ‚
989 3187 1172 3236 Beatiffime
1184 3188 1286 3225 Pater
1299 3211 1310 3230 ‚
1337 3186 1426 3235 Teste
1441 3188 1533 3223 vrbe
1549 3211 1559 3228 ‚
1585 3198 1656 3233 qaae
1664 3187 1764 3239 poffet
1785 3193 1915 3228 meritis
1928 3193 2062 3227 munire
2072 3215 2085 3235 ,
2110 3193 2152 3233 ὠ·
2164 3203 2222 3228 ex.

176 3246 300 3271 ornare
316 3234 429 3282 plures
440 3258 453 3277 ,
480 3234 713 3272 Cardinalitici
724 3235 893 3280 dignitate
918 3235 1137 3284 infigniendos
1150 3261 1160 3271 .
1188 3234 1288 3272 Vidit
1304 3235 1439 3284 Ecclefia
1452 3236 1520 3284 sub
1535 3232 1572 3272 V
1567 3235 1653 3284 estrae
1663 3237 1862 3276 Sanftitatis
1879 3237 2085 3285 Pontificatu
2095 3241 2221 3276 vrbem

177 3283 327 3330 Pragam
341 3306 352 3322 ,
378 3282 590 3330 Ordinosque
601 3280 717 3329 Regni
731 3281 884 3319 ‘Boemici
902 3283 1057 3319 hafiienus
1071 3285 1214 3319 maxima
1238 3293 1385 3330 exparte
1399 3284 1590 3326 haereticos,
1614 3296 1701 3322 vera:
1720 3285 1790 3321 luci
1813 3286 1913 3335 plane
1940 3287 2107 3338 restitutos
2119 3311 2132 3331 ‚
2151 3287 2220 3324 cla-

178 3341 260 3366 vum
271 3329 414 3379 solerter
427 3355 441 3374 ‚
456 3330 653 3378 summaque
672 3331 860 3377 prudentia
881 3332 1098 3379 gubernante
1113 3331 1319 3381 Illustriffimo
1336 3333 1477 3368 Domino
1494 3331 1678 3370 Cardinale
1701 3335 1745 3370 ab
1761 3335 1939 3377 Harrach‚
1961 3335 2179 3384 Archiepisco
2203 3348 2222 3371 o

180 3377 360 3427 ‘Pragense
372 3403 382 3414 .
409 3379 573 3417 Ceterum
595 3388 636 3414 ex
653 3377 752 3415 Clero
771 3390 863 3416 nemo
876 3378 1125 3426 universalius,
1153 3391 1245 3415 nemo
1267 3380 1391 3427 majore
1406 3379 1619 3418 Aufioritate
1632 3381 1834 3465 equllolica
1837 3382 2000 3433 suffultus
2013 3407 2025 3426 ,
2045 3395 2136 3419 nemo
2153 3343 2226 3420 lfa·

181 3423 313 3462 leriam>
332 3427 457 3474 Magno
471 3426 640 3475 impensius
653 3427 754 3474 suam
772 3436 902 3475 operam
921 3427 990 3463 toto
1005 3425 1090 3475 pene
1113 3426 1273 3463 decennia
1290 3429 1340 3463 ibi
1353 3427 1585 3477 reformationi
1603 3440 1703 3467 contu
1719 3433 1749 3466 it
1762 3455 1773 3473 ,
1795 3432 1838 3472 ἐς·
1853 3431 1918 3467 haec
1930 3431 2122 3480 angustiora
2130 3432 2221 3480 sint:

184 3473 286 3521 hujus
305 3473 386 3511 Viri
399 3483 497 3523 opera
507 3475 649 3523 usisunt
662 3475 787 3523 summi
805 3475 983 3524 Pontifices
995 3498 1008 3518 ‚
1036 3474 1180 3523 Caesares
1193 3499 1207 3519 ,
1230 3474 1340 3524 Reges
1352 3501 1364 3519 ‚
1390 3477 1429 3511 in
1441 3478 1485 3513 iis
1496 3477 1597 3513 etiam
1609 3500 1620 3518 ‚
1643 3490 1715 3526 qua
1730 3478 1836 3515 Orbis
1851 3478 2037 3528 Christiani
2049 3479 2223 3527 politicam

180 3529 317 3568 pacem,
336 3523 674 3571 &tranquillitatem
680 3523 832 3571 spetiant
844 3547 857 3568 ,
881 3524 978 3572 cujus
991 3523 1043 3559 rei
1051 3524 1172 3570 gratia
1187 3523 1279 3572 visus
1293 3523 1335 3574 est
1346 3525 1384 3560 in
1401 3524 1520 3561 ‘Aulis
1534 3525 1747 3563 summorum
1760 3524 1973 3572 Pontificum
1984 3550 1996 3570 ‚
2024 3527 2191 3576 Caesarum
2209 3552 2222 3573 ‚

183 3567 317 3614 Regum
327 3569 446 3606 Gallia
457 3572 499 3612 ἐγ
511 3571 666 3608 Y'oloniae
678 3594 689 3614 ,
715 3571 915 3621 Principum
927 3571 1109 3609 Eleiiorum
1121 3572 1160 3608 S.
1171 3569 1220 3607 R.
1235 3571 1372 3619 Imperii
1385 3597 1398 3617 ‚
1423 3573 1570 3610 ‘Ducum
1579 3574 1828 3622 &Principum
1837 3599 1850 3617 ,
1875 3573 1996 3622 ‘Belgii
2007 3599 2021 3618 ,
2034 3575 2217 3613 Lotharin-

180 3616 269 3662 εἶά,
295 3615 496 3661 sabaudia,
520 3620 678 3656 Bavariae
691 3619 889 3660 &aliorum
902 3644 915 3664 ‚
939 3620 1030 3669 apud
1051 3630 1131 3667 quos
1148 3630 1214 3654 non
1226 3621 1378 3664 minuit,
1391 3621 1454 3669 sed
1474 3622 1574 3657 auxit
1579 3622 1756 3669 prasentia
1773 3622 2060 3670 famam‚ita,ut
2071 3623 2143 3674 ejus
2166 3626 2221 3660 in-

186 3662 315 3719 dustria
337 3664 374 3698 in
390 3664 592 3712 difficillimis
604 3668 747 3715 negotiis
756 3669 867 3718 paffim
881 3667 901 3704 ἃ
906 3667 1094 3716 potioribus
1103 3666 1302 3714 defideretur
1315 3692 1329 3711 ,
1353 3669 1395 3709 ὼ·
1405 3667 1608 3752 ipsofiugga
1622 3668 1805 3706 relufiiante
1827 3670 2030 3708 adhibeatur
2042 3698 2052 3708 .
2080 3673 2220 3725 Qbus

186 3711 338 3746 omnibus
345 3711 376 3759 fi
386 3713 522 3750 accedat
527 3716 596 3762 fine
609 3714 682 3752 labe
695 3726 821 3752 morum
835 3717 1024 3765 castimonia
1037 3738 1050 3758 ,
1074 3715 1167 3751 haud
1176 3723 1259 3762 puto
1269 3739 1281 3757 ,
1306 3716 1527 3753 Sanfiiitatem
1575 3715 1690 3764 estram
1711 3726 1922 3765 reperturam
1941 3718 2103 3768 plurimos
2116 3745 2128 3764 ‚
2151 3722 2223 3756 in)

184 3769 266 3812 quos
288 3760 399 3794 omnia
413 3758 474 3794 illa
492 3773 714 3799 concurrant.
743 3765 818 3800 Hic
852 3764 932 3800 vero
953 3775 1058 3799 annos
1083 3772 1187 3799 natus
1217 3763 1408 3811 quindecim
1425 3787 1437 3807 ‚
1461 3761 1652 3811 institutum
1670 3787 1682 3805 .
1705 3765 1793 3813 quod
1813 3767 1935 3804 dicunt
1951 3768 2227 3818 Capucinorum‚
2281 3805 2285 3808 Δ

178 3806 326 3873 ,μα-[σεξτ
338 3829 350 3848 ,
375 3807 501 3892 iJuno
514 3812 613 3846 annis
626 3812 774 3859 triginta
789 3822 936 3862 quatuor
951 3812 1168 3862 conversatus
1181 3834 1194 3857 ‚
1216 3822 1344 3862 necnon
1363 3812 1401 3862 in
1411 3811 1543 3897 statiis,
1552 3813 1698 3896 ognnium
1717 3811 1803 3863 peni
1819 3815 2067 3864 Catholicorum
2079 3816 2228 3853 ‘Princi-

144 3871 146 3873 ’
282 3878 298 3889 ⁴
313 3867 373 3891 om.
443 3880 452 3890 .
1533 3861 1541 3872 “
1873 3863 1885 3866 “
2109 3874 2190 3913 pum
