2658 4256
441 254 553 340 68

414 391 680 435 MEDIATO
703 387 1040 431 PONTIFICIO
1067 387 1354 430 MANDATO

384 513 575 561 Novum
603 501 934 555 Monasterium
959 523 1066 555 cum
1094 500 1322 563 Ecclefia,
1355 504 1383 554 ὲ

451 582 630 644 Magno
648 577 803 625 Priore
826 578 1078 625 Alemaniae
1092 609 1107 631 ,
1123 575 1381 641 Fr.J0anne

451 647 679 696 Friderico
717 645 884 694 Hundt
932 647 974 693 in
1020 644 1381 695 Heittersheimb

451 713 759 764 construcium
775 751 790 772 ,
827 716 852 763 ὲ
870 714 1100 764 Fratribus
1123 715 1283 765 nostris
1310 734 1382 765 ac-

450 785 620 852 ceptari
650 787 899 854 injungitur
916 821 929 834 .

657 910 898 979 Beatiffime
934 913 1062 964 Pater
1080 951 1093 964 .

538 1032 668 1087 Agnus
685 1033 803 1074 Prior
817 1032 1035 1077 Alemaniae
1047 1062 1062 1085 ‚
1096 1035 1160 1075 Fr.
1172 1036 1283 1090 Joan.
1298 1032 1382 1075 Fri·

546 1090 703 1133 dericus
718 1092 859 1134 Hundt
886 1120 900 1143 ‚
934 1092 1179 1134 humillimus
1201 1094 1239 1133 δε
1255 1092 1380 1134 devo-

375 1152 543 1193 tiflimus
572 1150 800 1192 sanctitatis
825 1151 972 1193 vestra
1007 1154 1156 1193 Servus
1189 1150 1382 1205 exponit,

376 1209 557 1265 qualiter
572 1218 664 1250 ante
688 1221 730 1262 4.
743 1222 867 1251 annos
882 1223 931 1251 ex
948 1209 1167 1251 devotione
1181 1237 1194 1260 ‚
1226 1223 1304 1266 qua
1323 1222 1386 1249 er-

377 1281 424 1322 ga
442 1269 698 1322 Seraphicum
724 1271 762 1309 S.
780 1266 1029 1310 franciscum
1047 1268 1176 1311 fertur
1190 1296 1204 1317 2
1228 1271 1386 1311 Coeno-

377 1326 485 1367 bium
502 1340 592 1368 cum
611 1325 788 1367 Ecclesia
811 1326 831 1366 a
847 1324 1119 1368 fundamentis
1142 1330 1179 1369 in
1200 1327 1385 1370 Heitter-

376 1385 530 1427 sheimb
554 1384 779 1426 construxit
792 1409 805 1431 a
831 1385 871 1425 &
890 1398 939 1426 ex
957 1385 1049 1427 zelo
1063 1386 1252 1442 augendae
1270 1384 1385 1427 Fidei

378 1443 599 1486 Catholicae
622 1443 725 1484 illud
759 1444 854 1484 RR.
886 1444 962 1484 ΡΡ.
982 1444 1201 1499 Capucinis
1231 1445 1384 1487 donare

377 1501 514 1543 statuit
532 1527 546 1549 ,
578 1499 775 1553 persuasus
799 1527 812 1549 ‚
837 1500 946 1554 quod
971 1502 1192 1558 exemplari
1219 1502 1385 1544 illorum

382 1558 468 1601 vita
497 1556 611 1598 multi
637 1571 682 1599 ex
712 1557 1016 1600 circumvicinis
1048 1560 1298 1603 Acatholicis
1333 1560 1384 1603 ad

377 1630 514 1658 veram
536 1614 656 1657 fidem
681 1613 816 1656 forent
841 1615 1126 1657 convertendi.
1161 1620 1386 1673 Eapropter

377 1675 482 1733 glor.
494 1688 615 1716 mem.
633 1673 760 1715 Paulo
772 1674 883 1727 Papa:
896 1674 1106 1716 V.Orator
1122 1673 1360 1731 supplicavit
1371 1705 1387 1727 ,

377 1743 570 1790 quatenus
587 1731 702 1773 dietis
714 1732 896 1773 Patribus
910 1731 1014 1774 illud
1028 1744 1244 1789 acceptare
1259 1732 1389 1787 injun-

377 1802 518 1847 geret.
550 1791 643 1833 Fuit
658 1790 820 1846 quidem
837 1791 964 1845 gratia
981 1790 1174 1843 obtenta,
1194 1795 1231 1834 &
1253 1793 1301 1835 iis
1320 1807 1390 1834 no·

376 1850 483 1893 mine
494 1849 681 1892 cratoris
696 1851 924 1903 praesentata
940 1877 954 1900 ‚
980 1849 1049 1891 sub
1061 1849 1236 1906 allegato
1253 1863 1386 1893 tamen

376 1907 674 1964 Religiosorum
692 1906 847 1950 defectu
866 1905 942 1949 sese
957 1908 1203 1952 excusarunt
1219 1940 1231 1958 ‚
1262 1913 1302 1952 δε
1318 1925 1387 1963 pa-

376 1968 454 2009 rati
470 1967 519 2008 ad
535 1965 804 2009 obediendum
817 1965 996 2009 inducias
1013 1969 1248 2023 petiverunt
1263 1997 1273 2009 .
1298 1971 1384 2013 Has

375 2038 470 2068 cum
483 2027 636 2068 Orator
651 2023 726 2066 suis
742 2024 908 2068 subditis
928 2027 968 2067 in
984 2027 1206 2069 devotione
1230 2026 1386 2071 constet--
1437 2065 1439 2067 ,

373 2082 518 2128 vandis
545 2082 704 2126 nocivas
719 2084 1007 2140 cognosceret,
1038 2085 1255 2128 Ecclesiam
1274 2086 1387 2129 Divi·

376 2144 437 2185 nis
452 2142 604 2185 Officiis
628 2143 826 2195 privatam
853 2156 1017 2186 manere
1041 2145 1204 2195 noluit,
1234 2145 1384 2188 &ideo

373 2214 467 2243 cum
491 2200 569 2242 ΡΡ.
585 2201 810 2243 Minoribus
838 2204 1188 2246 Conventualibus
1215 2203 1386 2257 desuper

373 2260 606 2310 contraxit,
643 2258 883 2312 credendo,
914 2262 1022 2318 quod
1047 2290 1061 2313 ‚
1091 2262 1384 2318 quae‘polliciti

372 2327 493 2360 erant
506 2343 520 2365 a
554 2318 819 2364 observarent
834 2347 847 2370 ‚
877 2321 916 2362 &
939 2321 1093 2362 cultum
1108 2321 1287 2363 divinum
1303 2334 1386 2364 ma·

374 2376 466 2433 jore
480 2376 624 2429 Populi
651 2373 782 2419 fructu
805 2390 1068 2422 exercerent.
1101 2383 1208 2422 Cum
1224 2391 1358 2421 autem
1373 2407 1388 2430 ,

372 2434 433 2476 uti
458 2433 685 2489 praedictum
713 2436 794 2484 est,
826 2438 1062 2480 Acatholici
1088 2453 1181 2480 cum
1209 2453 1386 2481 eorum-0

371 2493 498 2535 terris
512 2502 780 2534 memoratum
797 2496 1081 2539 Monasterium
1100 2497 1354 2539 circumdent
1369 2523 1383 2544 ‚

371 2550 565 2594 eximium
583 2551 819 2594 Animarum
837 2553 996 2595 lucrum
1021 2557 1099 2596 ΡΡ.
1114 2556 1312 2609 Capucini
1327 2556 1382 2596 ibi

372 2607 570 2665 colligere
587 2609 739 2665 poffent
756 2636 770 2658 ,
803 2613 948 2653 cumin
967 2611 1121 2665 majore
1136 2639 1150 2663 ,
1177 2614 1300 2668 quam
1315 2614 1383 2656 alii

371 2667 565 2722 Religiosi
583 2695 600 2718 ‚r
627 2667 883 2711 aestimatfone
899 2671 1151 2719 habeantur,
1182 2673 1221 2714 &
1245 2687 1382 2715 exem-

371 2726 442 2782 plo
467 2725 726 2776 devotionis,
757 2728 797 2769 &
825 2726 957 2770 saneta:
979 2743 1118 2771 eorum
1155 2731 1243 2773 vitae
1267 2732 1384 2772 multi

371 2783 568 2827 commoti
600 2782 638 2822 in
657 2783 741 2824 dies
757 2798 1052 2829 convertantur
1065 2818 1076 2828 .
1110 2789 1218 2831 Hinc
1234 2793 1383 2833 Orator

371 2842 423 2885 ad
445 2841 675 2884 Sanffitatis
692 2842 840 2884 Vestrae
870 2845 993 2897 pedes
1017 2848 1219 2899 recurrit,
1249 2849 1288 2890 in
1322 2850 1383 2890 vi-

370 2900 551 2942 sceribus
575 2899 725 2941 Christi
758 2913 934 2954 rogans,
965 2914 1161 2958 quatenus
1192 2908 1380 2949 enuntia-

374 2966 486 3009 tam,
518 2959 558 3000 δε
583 2958 603 2998 a
629 2957 759 3000 Paulo
785 2960 863 3001 ΡΡ.
881 2962 930 3002 V.
955 2962 1177 3004 concessam
1209 2966 1380 3019 gratiam

372 3017 563 3059 innovare
581 3044 594 3067 ,
623 3015 858 3060 confirmare
874 3046 888 3068 ‚
918 3021 958 3061 &
982 3021 1172 3064 Patribus
1201 3023 1380 3078 Capuci-

371 3075 433 3118 nis
462 3074 783 3128 acceptationem
814 3077 989 3130 praedicti
1013 3080 1248 3123 Monasteri1
1283 3096 1381 3137 prar-

373 3133 508 3188 cipere
532 3133 746 3187 dignetur.
781 3136 899 3178 Ultra
926 3138 1036 3192 quod
1067 3141 1141 3183 hoc
1174 3138 1225 3181 ad
1255 3140 1379 3193 majus

374 3193 453 3234 Dei
476 3190 708 3247 obsequium
724 3221 738 3244 ,
763 3194 803 3235 δι.
829 3194 944 3237 Fidei
971 3196 1199 3240 Catholicae
1227 3199 1382 3243 exalta·

372 3250 524 3317 tionem
526 3251 724 3352 &dread-at,
755 3251 797 3294 id
825 3267 987 3310 quoque
1017 3269 1092 3311 pro
1118 3258 1247 3313 gratia
1277 3259 1385 3302 reci·

375 3320 512 3365 pietur
567 3324 603 3351 c.

431 3427 499 3470 Ad
525 3440 635 3482 quem
652 3427 840 3472 Libellum
856 3461 872 3483 ‚
891 3433 1036 3473 summi
1055 3431 1245 3488 Pontifi'ct‘s
1274 3447 1381 3476 men-

372 3493 450 3527 tem
470 3485 640 3543 expreffit
659 3488 1047 3549 Epistolafiaebjunfla
1059 3520 1073 3544 ,
1097 3495 1145 3534 R.
1166 3496 1202 3533 P.
1216 3497 1381 3537 Provin-

370 3545 465 3586 u'ali
490 3546 551 3587 ita
581 3545 770 3603 irfiripta
786 3576 797 3589 .

654 3665 903 3711 Reverende
930 3668 1054 3712 Pater
1068 3698 1080 3711 .

423 3777 632 3847 Redditur
656 3784 755 3828 mihi
779 3787 945 3841 praescns
962 3787 1146 3831 Libellus
1180 3789 1346 3844 supplex
1363 3817 1376 3840 ,

365 3851 458 3894 qui,
479 3849 598 3882 utrcx
615 3851 757 3886 tenore
774 3845 931 3901 liquet,
956 3847 1166 3890 Sanffitati
1185 3851 1272 3891 Suae
1293 3850 1376 3903 pri-

1140 250 1714 339 Provincia

1443 389 1512 428 mo
1538 384 1615 428 fuit
1635 386 1843 439 porrectus
1858 409 1873 434 ,
1903 381 2081 438 mihique
2096 385 2240 427 intenti
2255 384 2441 427 executio

1443 444 1714 486 committitur
1726 473 1737 487 .
1764 442 1826 485 Ad
1842 442 2077 483 memoriam
2092 443 2157 487 hic
2171 443 2442 485 revocandum

1443 502 1498 546 est
1512 532 1527 554 ,
1557 502 1665 559 quod
1688 512 1869 555 tempore
1887 499 1998 542 Pauli
2016 500 2095 542 ΡΡ.
2105 502 2155 543 V.
2186 501 2304 543 sanct.
2321 515 2440 542 mem.

1442 562 1493 604 de
1519 563 1797 616 acceptatione
1824 556 2045 612 hujusmodi
2071 560 2299 602 Monasterii
2330 559 2441 615 jam..

1442 620 1515 662 fuit
1531 623 1742 662 tractatum
1755 645 1770 669 2
1784 618 1821 658 δι
1836 613 2006 661 facultas
2020 615 2188 670 desuper
2213 620 2263 659 R.
2276 620 2321 659 P.
2335 621 2442 661 Pro·

1442 679 1603 720 vinciali
1619 678 1727 719 illius
1744 677 1939 729 temporis
1954 671 2168 719 transmissa
2179 701 2190 715 .
2218 677 2304 730 Jam
2319 677 2439 728 vero,

1440 750 1534 780 cum
1553 737 1601 778 ad
1624 735 1803 778 effe-&um
1830 735 2002 777 eundem
2028 733 2192 776 licentia
2213 733 2348 775 denuo
2373 749 2443 789 pe-

1442 805 1584 844 tatur,
1615 808 1691 850 ego
1721 789 1878 837 remisso
1899 793 1948 835 ad
1976 805 2041 834 me
2073 791 2096 834 3
2123 791 2339 834 Sanctitate
2363 796 2442 836 Sua

1441 853 1548 895 dicto
1573 852 1745 903 libello,
1771 853 1973 896 licentiam
2000 851 2077 907 jam
2108 849 2204 892 alias
2230 848 2367 892 datam
2397 863 2445 892 ex

1442 909 1652 954 Pontificio
1665 910 1759 967 jussu
1773 939 1789 961 ,
1817 912 1927 953 omni
1941 911 2114 952 meliore
2128 907 2276 959 modo,
2305 909 2346 949 in
2363 922 2446 950 om.

1441 971 1587 1021 nibus,
1616 970 1654 1012 δι
1680 983 1751 1025 per
1773 969 1906 1012 omnia
1931 967 2154 1011 confirmo-
2183 969 2444 1025 Qapropter

1441 1030 1481 1072 se
1509 1029 1582 1079 iis,
1613 1042 1696 1084 quae
1719 1028 1822 1070 dista
1853 1027 2018 1070 lieentia
2043 1027 2254 1076 continet,
2284 1023 2447 1068 confor-

1444 1088 1566 1130 mabit
1577 1115 1591 1138 ‚
1613 1100 1758 1143 meque
1771 1087 1824 1129 de
1839 1087 1899 1128 his
1915 1087 2091 1141 receptis
2104 1113 2119 1137 ,
2145 1086 2184 1126 δι
2200 1097 2338 1127 earum
2352 1098 2447 1127 exe-

1443 1147 1605 1189 cutione
1626 1148 1848 1188 certiorem
1865 1144 2100 1187 reddet&c.
2336 1163 2339 1166 ·

1504 1206 1645 1247 Romae
1671 1216 1710 1255 7.
1735 1205 1856 1249 Febr.
1876 1203 1994 1258 1623.
2145 1263 2184 1305 R
2213 1261 2246 1303 P
2280 1262 2316 1304 V

1638 1383 1712 1427 Fr·
1729 1383 1982 1435 Hieronymus
2005 1379 2034 1421 d
2050 1375 2184 1433 Castro
2198 1379 2445 1422 Fennorum

1846 1441 2082 1482 Procurator
2103 1437 2306 1480 Generalis
2318 1467 2331 1479 .

1504 1557 1801 1612 Autographum
1822 1559 1866 1598 in
1892 1555 2062 1598 Anchi-vo
2076 1552 2234 1597 ordinis
2258 1557 2446 1599 Armart'o

1561 1616 1779 1658 Provincia
1789 1614 2018 1658 Anterioris
2030 1612 2196 1656 Austriae
2205 1639 2220 1655 .

1752 1731 2170 1796 ΝΟΤΑ.

1447 1870 1843 1959 Aquvciztaescptionem
1866 1870 2011 1909 aedua·
2034 1880 2105 1907 non
2124 1869 2172 1909 est
2196 1869 2379 1909 Pontifici·
2399 1871 2451 1909 fn

1990 2037 2452 2055 —wm

1724 2135 2174 2180 DECRETO

1514 2253 1901 2323 S.Congregationis
1916 2254 1966 2302 de
1979 2252 2247 2320 Propaganda
2258 2253 2378 2305 Fide.

1632 2396 1711 2437 Die
1742 2395 1780 2436 8.
1795 2391 1962 2451 Augusti
1980 2391 2098 2444 1667.
2122 2391 2268 2437 habita

1445 2516 1652 2566 Domum
1682 2509 1959 2563 Wilerstadii
1994 2511 2229 2562 Fratribus
2263 2511 2323 2562 ad
2361 2508 2451 2561 sorss

1511 2602 1635 2634 mam
1664 2581 1870 2653 Hospitii
1897 2579 2073 2633 restitui
2110 2583 2310 2642 jubetur.

1573 2726 1610 2767 D
1630 2722 1871 2765 relationem
1902 2722 2204 2765 Eminentiffimi
2236 2726 2286 2764 D.
2302 2720 2450 2764 Cardi-

1598 2782 1697 2824 nalis
1714 2781 1901 2824 Pallottae
1915 2810 1928 2832 ‚
1963 2784 2004 2823 S.
2021 2782 2304 2837 congregatio
2317 2790 2451 2822 atten-

1443 2843 1494 2882 tis
1518 2842 1690 2882 narratis
1714 2841 1753 2880 in
1777 2839 1940 2895 supplici
1967 2839 2110 2881 libello
2128 2868 2142 2891 ‚
2166 2854 2212 2881 ac
2240 2841 2326 2882 vifis
2341 2837 2453 2880 testi-

1441 2900 1582 2940 moniis
1612 2901 1662 2940 D.
1680 2897 1865 2953 Episcopi
1894 2895 2114 2951 Spirensis,
2138 2899 2360 2941 Orator-um
2387 2897 2453 2938 in-

1441 2957 1589 2998 stantiis
1618 2955 1791 3011 benigne
1821 2968 2031 3006 annuens,
2064 2957 2271 2997 licentiam
2299 2953 2451 2997 eisdem

1441 3014 1629 3058 conceffit
1658 3013 1893 3057 restituendi
1905 3011 2172 3067 supradictam
2195 3015 2372 3056 Domum
2398 3011 2449 3055 ad

1441 3072 1612 3116 formam
1644 3073 1816 3127 Hospitii
1846 3097 1861 3120 ‚
1902 3070 2203 3129 quibuscunque
2235 3071 2451 3126 contrariis

1444 3148 1523 3176 non
1548 3132 1822 3174 obstantibus.

1504 3194 1653 3235 Datum
1680 3191 1819 3234 Romae
1845 3198 1892 3234 ut
1903 3188 2061 3247 fitpra.

1724 3308 1785 3359 A.
1804 3306 2046 3359 Cardinalr's
2070 3306 2341 3359 Barberinus.

1446 3493 1449 3496 ’
1500 3490 1672 3546 Exempl.
1699 3487 1889 3533 Authmt.
1914 3489 1958 3529 ln
1972 3486 2143 3531 Archivo
2160 3487 2388 3532 Provinciis.

2282 3909 2379 3950 ΝΘ·
