2638 4204
981 236 1503 323 Boemi'ca.
2032 257 2209 339 2199

219 372 329 410 hostes
339 367 409 414 egit
423 388 436 411 ‚
459 367 504 404 eb
517 369 676 406 audacius
689 367 741 404 illi
759 371 876 404 contra
895 363 990 401 illius
998 366 1153 412 jurarunt
1165 364 1410 402 exterminium
1428 388 1440 407 ‚
1465 372 1541 398 eum
1563 359 1766 405 multiplicis
1785 360 1930 397 criminis
1950 372 2042 398 reum
2057 365 2234 405 arguendo
2248 365 2262 386 ’

221 419 405 459 doetrinam
418 416 553 453 duriore
572 418 705 454 censura
722 413 969 460 corrumpendo
980 425 1144 458 ,eamque
1158 412 1216 458 ipfi
1236 414 1274 448 S.
1291 411 1515 458 inquisitionis
1524 406 1652 445 Officio
1665 418 1726 453 pro
1738 409 1894 444 examine
1910 410 2132 453 prael'efflaudo
2150 434 2160 445 .
2189 412 2261 455 ipsa

221 477 326 516 quoq;
340 477 428 502 arma
441 465 475 499 in
487 467 624 501 tutelam
640 466 700 500 suae
713 462 869 500 doetrinae
879 461 1171 503 adhibita,fuerunt
1185 460 1341 505 relinques
1351 460 1452 495 hostis
1464 467 1578 494 contra
1591 467 1666 492 eum
1676 454 1785 489 retorsi
1791 456 1852 496 t‚&
1863 469 1908 492 ex
1924 456 2174 503 transgressione
2191 461 2263 494 De-

217 514 324 556 creti,
348 527 416 561 quo
429 514 529 550 Sacra
542 512 779 558 congregatio
799 511 840 547 de
856 508 1068 555 propaganda
1083 507 1162 542 Fide
1176 507 1388 543 Miffionariis
1402 507 1504 543 libros
1518 506 1656 548 vulgare
1668 503 1809 537 inhibuit
1827 526 1840 545 ‚
1863 517 1941 539 eun
1957 506 2088 540 censura
2113 505 2261 542 innoda-

217 575 290 600 tum
305 561 439 609 sparsit,
462 561 713 607 doftrinamque
735 559 829 594 illius
843 559 960 595 Romae
985 557 1173 591 damnatam
1198 555 1356 590 clamavit
1369 578 1380 589 .
1399 555 1523 601 ‘fflstus
1535 553 1614 588 dum
1631 547 1825 594 Religiosos
1846 553 2067 589 Adversarios
2092 554 2134 588 ad
2150 553 2264 600 hujus-

217 611 310 647 modi
328 605 494 647 excess‘um
513 610 671 654 impulit,
699 607 829 642 laxavit
853 605 888 640 3<
910 604 969 640 ille
986 627 997 646 ,
1023 603 1145 649 quibus
1162 601 1220 636 diu
1244 607 1313 644 jam
1335 603 1534 639 anxiabatur
1545 624 1561 643 ,,
1581 598 1796 636 conscientia:
1823 599 1974 636 stimulos
1993 624 2005 643 ,
2030 613 2092 636 eos
2115 602 2265 637 Summo

215 659 379 695 Pontifici
396 669 459 694 ceu
476 657 642 694 Auaores
665 655 700 691 8(
715 655 877 691 Fautores
903 651 1061 688 dmstrinae
1087 661 1155 685 non
1169 649 1249 684 sanae
1263 650 1479 686 denuntiavit
1497 650 1590 691 ‚alio
1615 649 1646 683 A
1653 646 1818 693 postolico
1837 648 2006 689 Uectem,
2033 649 2126 695 quod
2150 648 2262 695 suspe-

216 706 305 743 tram
323 706 512 743 dofflinim
533 705 575 740 ad
587 705 720 740 Sacram
734 700 856 736 sedem
876 698 994 734 deferri
1014 699 1113 747 jubet
1127 720 1140 739 ‚
1164 697 1300 732 innixus
1313 722 1323 733 .
1351 697 1490 734 Diutius
1516 695 1654 742 quidem
1671 696 1734 730 bac
1756 693 1788 728 in
1803 704 1836 728 re
1852 694 1887 729 8(
1899 694 2036 730 consilio
2060 696 2233 732 titubabit
2245 721 2259 741 ,

213 757 342 791 nescius
355 777 369 798 ‚
393 766 435 790 an
452 752 568 788 famam
586 750 676 786 suam
686 747 816 796 judicio
831 747 899 782 Dei
922 748 1108 794 relinquere
1125 744 1290 780 salubrius
1311 744 1400 780 foret
1412 768 1426 786 ,
1449 755 1492 779 an
1505 756 1578 780 eam
1599 745 1788 779 clamorosa
1804 742 1883 777 cura
1897 746 2095 779 conlervare
2113 756 2122 778 ι
2147 756 2187 780 an
2202 757 2264 782 ca-

212 804 427 840 lumniatores
442 800 570 836 virtute
583 798 700 834 filentii
715 794 885 830 vindicate
899 794 1101 838 prudentius
1118 792 1207 829 foret
1221 814 1233 834 ‚
1257 805 1300 828 an
1316 792 1426 828 studio
1443 793 1508 826 zeli
1521 791 1728 827 confundere
1744 814 1754 824 .
1786 789 1864 825 Post
1883 789 2054 834 replicatas
2081 802 2194 829 autem
2218 795 2262 831 ad

215 851 330 888 Deum
344 859 457 897 preces
467 873 479 888 ,
503 848 581 884 dum
598 857 667 881 tum
679 843 722 880 ad
737 842 891 880 Personae
903 842 965 879 suae
983 841 1344 883 circumstantias2tum
1362 840 1404 874 ad
1417 839 1609 885 qualitatem
1625 837 1835 879 Mfflionarii,
1850 848 1919 872 tum
1934 837 1977 872 ad
1992 839 2123 875 habitos
2145 841 2258 877 hono.

219 900 266 935 ris
277 899 402 947 gradus
414 920 429 940 ,
451 906 522 931 tum
545 895 587 930 ad
599 902 726 930 aetatem
738 888 932 936 provectam
947 916 956 931 ,
977 888 1105 925 tum'ad
1119 889 1252 934 plausus
1269 888 1384 924 Romae
1412 886 1588 933 acquisitos
1601 909 1612 927 ‚
1638 895 1709 920 tum
1725 887 1766 920 ad
1784 885 2011 932 praejudicium
2028 887 2153 921 Ordini
2169 887 2230 924 suo
2246 913 2262 933 ,

215 948 251 984 &
267 947 428 984 doetrinae
438 942 611 979 admiscens
623 936 808 982 ,cogitavit
821 937 1140 982 exemploApostoli
1153 937 1309 973 incitatus
1321 934 1448 971 censuit
1461 935 1581 970 bonum
1592 933 1658 981 eſse
1669 933 1725 969 fibi
1739 934 1844 980 magis
1856 933 1939 968 mori
1952 958 1959 969 ,
1989 933 2088 979 quam
2099 957 2111 975 ,
2138 945 2176 971 ut
2187 937 2265 983 glo.

214 997 306 1032 riam
329 993 402 1040 ejus
423 991 498 1038 quis
520 996 661 1026 evacuet
687 998 697 1021 ε
720 986 805 1022 duas
837 984 990 1020 meminit
1011 985 1076 1032 eſse
1097 996 1150 1020 res
1171 984 1404 1032 conscientiam
1429 983 1470 1024 (9¹
1484 982 1635 1030 famam,
1660 981 1895 1029 conscientiam
1921 980 1985 1028 esse
2010 981 2262 1027 necessariam-a

208 1044 294 1092 fibi,
311 1042 438 1090 famam
457 1037 604 1085 proxt‘mo
629 1058 644 1079 ‚
666 1044 811 1079 eumque
834 1054 848 1075 ,
874 1032 933 1078 qui
946 1031 1058 1078 fidens
1079 1031 1286 1077 conscientiae
1298 1031 1369 1079 suae
1392 1030 1534 1078 negligit
1550 1030 1678 1078 famam
1696 1032 1796 1079 fitam
1820 1053 1834 1073 ,
1857 1029 1922 1078 esse
1942 1028 2131 1070 crudelem,
2157 1032 2199 1065 ad
2214 1033 2267 1067 di·

212 1091 300 1129 etam
311 1086 593 1124 denuntiationem
607 1083 638 1120 se
651 1082 790 1118 resolvit
805 1104 816 1122 ,
836 1080 994 1118 doetrinae
1005 1103 1017 1124 ‚
1029 1082 1096 1126 qua
1113 1081 1157 1115 D.
1171 1081 1326 1118 Thomas
1341 1081 1375 1116 in
1389 1080 1566 1117 sublidium
1579 1078 1673 1116 famae
1687 1078 1834 1127 propriae
1848 1100 1860 1122 ,
1881 1088 2011 1115 errores
2023 1076 2152 1113 inimici
2169 1080 2266 1125 dete«.

214 1149 294 1184 gere
313 1135 442 1172 licitum
456 1132 596 1175 statuit,
618 1131 777 1167 inhaerens
791 1155 802 1166 .
1326 1131 1330 1133 ’

306 1182 473 1220 Ordinem
485 1179 734 1227 tamcnjustitiae
746 1190 786 1214 ne
799 1178 1011 1224 implicaret,
1035 1188 1103 1213 non
1122 1178 1314 1225 praecociter
1327 1200 1339 1220 ,
1351 1179 1405 1215 sed
1419 1178 1513 1215 lente
1539 1177 1572 1212 8(
1587 1176 1750 1222 gradatim
1764 1175 1888 1212 inceffit
1900 1199 1913 1218 ,
1940 1176 2048 1212 Sacrae
2061 1175 2266 1221 Congrcgass

217 1231 344 1275 tionis,
368 1241 443 1277 quae
458 1230 582 1276 pluries
602 1229 677 1264 suos
697 1227 756 1274 ipsi
769 1226 953 1274 spopondit
965 1227 1112 1265 favores,
1129 1227 1163 1263 8(
1181 1225 1272 1262 suum
1287 1226 1552 1275 Hyperaspisten
1573 1225 1603 1262 se
1619 1225 1744 1272 scripsit
1758 1249 1773 1268 ,
1796 1224 1939 1261 remedia
1961 1224 2144 1268 implorans
2159 1247 2168 1256 .
2200 1224 2268 1258 Re·

216 1281 355 1329 plicavit
368 1290 428 1326 per
442 1288 589 1326 quatuor
608 1287 715 1312 annos
729 1286 868 1323 preces,
890 1286 922 1310 at
937 1299 950 1319 ,
976 1275 1055 1310 dum
1080 1276 1134 1310 vel
1147 1275 1246 1311 obice
1260 1287 1318 1320 per
1337 1274 1546 1311 adversarios
1560 1273 1669 1321 polito
1680 1300 1690 1314 ,
1719 1274 1774 1308 vel
1798 1274 1877 1309 Deo
1893 1271 1935 1309 fic
1950 1275 2086 1307 volente
2101 1295 2113 1314 ,
2139 1270 2223 1306 nihil
2244 1272 2265 1305 a

215 1330 248 1366 se
261 1328 399 1370 evinci,
425 1329 618 1371 malumque
632 1325 666 1360 in
679 1325 750 1360 dies
763 1323 876 1369 augeri
887 1323 1033 1359 advertit
1045 1347 1058 1366 ‚
1084 1322 1226 1358 consilio
1242 1323 1412 1369 Sapientis
1435 1322 1558 1359 duetus
1574 1349 1584 1364 ,
1604 1330 1666 1369 pro
1679 1320 1813 1370 justitia
1827 1322 2010 1368 agonizare
2022 1343 2034 1363 ‚
2059 1320 2101 1361 (ς’
2115 1319 2159 1355 ad
2176 1330 2268 1356 mor-

218 1381 282 1413 tem
294 1375 395 1424 usque
409 1383 555 1417 certare,
566 1372 719 1411 colleffis
727 1371 799 1418 jam
816 1370 897 1416 pene
913 1372 1157 1415 languentibus
1171 1370 1299 1407 viribus
1309 1372 1475 1408 decrevit.
1493 1372 1549 1406 Ne
1566 1372 1650 1407 vero
1663 1372 1776 1406 denuo
1788 1380 1907 1405 contra
1920 1371 1956 1406 S.
1970 1367 2264 1413 Congregationis

216 1426 384 1463 decretum
398 1423 442 1458 de
453 1434 521 1458 non
532 1420 757 1467 imprimendis
772 1419 864 1455 libris
873 1418 971 1463 egisse
988 1417 1375 1464 videretur,Miliiouarii
1385 1420 1571 1456 charalt'teri
1583 1418 1740 1461 consulto
1756 1418 2050 1460 rensitiavit‚datis
2062 1416 2205 1461 desuper
2216 1415 2260 1449 ad

218 1471 355 1508 eandem
370 1472 505 1507 Sacram
522 1468 839 1513 congregationem
855 1468 975 1503 litteris
989 1490 1000 1509 ‚
1025 1468 1058 1502 8(
1071 1468 1267 1514 apologiam
1279 1468 1321 1504 iis
1336 1469 1497 1504 munitam
1513 1468 1699 1503 rationibus
1712 1466 1867 1502 instruxit
1880 1490 1892 1508 ,
1917 1466 2041 1511 quibus
2054 1464 2090 1499 in
2111 1462 2261 1500 Ecclesia

220 1519 288 1557 Dei
300 1519 352 1555 vir
359 1518 469 1565 justus
481 1517 516 1553 &
533 1517 659 1563 probus
671 1515 906 1560 agnosceretur
918 1541 928 1550 .
954 1514 1091 1552 Placita
1105 1527 1215 1551 autem
1227 1525 1303 1552 erat
1316 1517 1387 1553 Deo
1403 1518 1517 1552 anima
1537 1516 1631 1552 illius
1647 1539 1659 1557 ‚
1684 1515 1727 1555 ἶς’
1748 1513 1822 1548 ideo
1845 1513 1970 1560 necesse
1980 1512 2057 1559 fuit
2071 1537 2082 1555 ,
2109 1521 2151 1548 ut
2173 1520 2253 1557 pro-

219 1570 317 1604 haret
328 1578 402 1603 eum
413 1567 581 1603 tentati'o:
609 1565 670 1600 va
683 1566 768 1600 enim
782 1563 940 1610 imprcffae
957 1565 1142 1611 Apologiae
1156 1564 1293 1599 titulum
1306 1565 1487 1600 adversarii
1511 1563 1687 1610 suspexere
1700 1585 1711 1603 ,
1734 1573 1810 1596 earn
1830 1559 1968 1596 Viennae
1995 1560 2154 1596 infamem
2173 1561 2264 1606 spar-

216 1617 328 1652 serunt
343 1638 356 1659 ,
375 1613 496 1650 fastam
508 1623 616 1649 autem
631 1613 715 1658 juris
731 1612 1042 1658 publici,violenter
1058 1611 1261 1659 supprimere
1285 1612 1481 1647 nitebantur
1495 1635 1508 1654 ‚
1533 1609 1774 1659 Typographo
1790 1631 1802 1650 ,
1826 1606 1849 1642 fi
1865 1609 2074 1654 exemplaria
2100 1608 2140 1644 iis
2156 1606 2266 1644 consi·

216 1667 336 1711 gnaret
351 1689 360 1705 ‚
386 1663 493 1709 duplo
508 1664 565 1698 vel
581 1661 682 1707 triplo
693 1661 909 1707 expensarum
923 1660 1037 1695 oblato
1052 1671 1062 1694 ε
1083 1670 1115 1695 at
1131 1660 1244 1695 irritus
1259 1658 1322 1694 fuit
1335 1660 1446 1696 omnis
1462 1670 1604 1695 conatus
1620 1684 1629 1700 ,
1653 1669 1730 1693 cum
1742 1668 1848 1693 unum
1867 1659 2042 1702 exemplar
2064 1658 2158 1702 Papae
2178 1659 2262 1692 Ale-

217 1711 352 1748 xandro
368 1710 538 1747 Vchum
551 1709 691 1755 epistola
720 1709 780 1744 sub
799 1707 849 1743 io'.
866 1706 1090 1743 Novembriis
1103 1708 1205 1743 1660.
1232 1714 1372 1745 exarata
1384 1730 1395 1746 ‚
1421 1707 1486 1743 alia
1502 1706 1683 1743 duodecim
1697 1730 1710 1749 ‚
1735 1714 1788 1740 tot
1810 1707 1848 1741 S.
1864 1706 1911 1740 R.
1929 1705 2082 1742 Ecclesiae
2099 1706 2268 1740 Catilina·

213 1761 306 1796 -libus
318 1769 393 1795 cum
421 1758 557 1793 totidem
572 1756 746 1803 epistolis,
769 1756 803 1791 &
822 1754 912 1790 aziud
938 1755 1135 1801 imperatori
1150 1756 1327 1802 Leopoldo
1343 1757 1451 1800 Praga
1471 1756 1541 1804 jam
1567 1753 1700 1790 fuissent
1723 1752 1922 1789 transmissa.
1954 1755 2053 1790 illico
2081 1754 2158 1788 inde
2176 1753 2264 1796 iguis

216 1807 331 1853 erupit
345 1806 378 1841 iii
392 1807 536 1841 flammas
551 1829 564 1847 ,
588 1803 692 1839 auditi
710 1805 784 1839 hinc
808 1803 883 1839 inde
899 1802 1056 1849 strepitus
1070 1826 1083 1846 ,
1107 1802 1185 1839 faeti
1201 1815 1262 1850 pro
1277 1804 1371 1840 illius
1393 1804 1617 1852 suppreffione
1643 1803 1790 1840 recursus
1802 1827 1814 1845 ,
1831 1801 1865 1836 8(
1880 1804 1921 1837 ab
1938 1803 2139 1849 Apostolico
2157 1802 2261 1836 Nun·

217 1857 268 1891 iio
285 1854 485 1899 exemplaria
500 1879 510 1894 ,
533 1852 642 1898 siquae
667 1851 838 1895 affui-ent,
862 1850 918 1887 sibi
941 1850 1059 1888 deserti
1082 1853 1274 1888 mandatum
1288 1877 1298 1888 .
1327 1853 1503 1889 Excitatos
1517 1862 1668 1888 tumores
1692 1863 1728 1887 ut
1746 1850 1948 1887 Valerianus
1971 1851 2100 1886 sedaret
2116 1874 2129 1893 ‚
2157 1852 2264 1885 Auno

217 1902 388 1940 millelimo
404 1900 635 1937 sexcentesimo
657 1901 863 1945 sexagesimo
878 1902 1010 1945 primm
1039 1900 1158 1947 quinto
1171 1901 1315 1944 Ianuarii
1341 1903 1447 1946 Praga
1461 1901 1589 1944 solvit,
1614 1901 1648 1935 8(
1664 1900 1830 1936 Viennam
1855 1900 2082 1946 properavit,
2109 1897 2169 1934 ubi
2189 1898 2269 1944 qui-

217 1953 292 1990 dem
308 1949 508 1997 Apostolico
524 1949 659 1985 Nuntio
680 1950 866 1995 Apologia:
881 1948 1045 1995 impressae
1063 1949 1207 1986 rationes
1220 1949 1380 1995 exposuit
1391 1974 1403 1989 .
1430 1950 1530 1997 seque
1545 1951 1586 1985 ad
1600 1949 1674 1996 ejus
1687 1947 1908 1984 defenfionem
1931 1957 2083 1994 paratum
2098 1946 2267 1987 exhibuit,

220 1999 283 2034 suit
295 2008 407 2034 autem
422 2008 501 2033 tunc
513 1997 619 2040 hora,
640 1999 707 2043 qua
725 1996 930 2036 Valeriano,
957 2000 1052 2032 velut
1074 1998 1216 2033 emeritae
1248 1997 1387 2034 Militiae
1404 1999 1512 2033 Heroi
1540 1998 1722 2034 debebatur
1742 1999 1874 2037 laurea,
1897 1995 2009 2039 gloria
2033 1996 2200 2036 honoris,
2225 1994 2262 2029 &

219 2058 325 2092 opere
337 2045 539 2081 fortitudinis
549 2044 782 2080 consummata
797 2055 806 2078 =
835 2044 947 2090 prima
959 2055 1099 2092 namque
1115 2046 1313 2089 Februarii,
1341 2045 1397 2082 seu
1411 2047 1444 2081 in
1459 2047 1588 2091 Vigilia
1603 2048 1810 2092 Hepapante
1831 2044 1888 2080 seu
1903 2044 1973 2080 festi
1990 2068 2001 2086 ‚
2027 2055 2098 2090 quo
2111 2042 2262 2081 Simeon

224 2096 336 2132 Senex
349 2091 491 2129 famosus
504 2092 668 2127 Christum
676 2091 789 2148 Jesum
799 2115 812 2136 ,
827 2094 938 2129 lumen
955 2093 996 2128 ad
1012 2093 1265 2137 revelationem,
1277 2094 1420 2141 gloriam
1437 2095 1546 2143 plebis
1563 2093 1662 2130 lsrael
1673 2095 1708 2130 in
1724 2094 1857 2140 templo
1867 2096 1886 2127 a
1905 2092 1933 2128 se
1945 2093 2053 2128 visum
2067 2091 2237 2128 exultavit
2253 2113 2264 2128 2

224 2143 260 2179 &
275 2142 312 2177 B.
330 2139 377 2176 V.
393 2140 501 2176 Maria
520 2139 767 2186 purificationis
786 2142 896 2185 legem
917 2141 1124 2187 complevit,
1150 2142 1356 2180 Valerianus
1367 2154 1502 2180 econtra
1516 2142 1774 2180 Senexfamosus
1789 2166 1799 2182 ‚
1824 2141 1969 2177 annosus
1987 2141 2027 2176 de
2042 2138 2217 2183 semetipsa
2231 2138 2267 2173 in

222 2188 444 2236 opprobrium
458 2190 607 2232 gentium
623 2186 731 2233 polito
745 2189 873 2224 turbari
887 2213 898 2229 ‚
914 2187 948 2225 8(
962 2189 1132 2236 squallidae
1150 2191 1390 2236 purificationis
1401 2193 1577 2240 phylacam
1593 2192 1688 2228 adire
1702 2191 1821 2226 debuit
1839 2201 1848 2224 ε
1875 2190 1956 2224 hora
1969 2189 2088 2224 etenim
2103 2186 2268 2222 nostum&

225 2236 350 2274 oetava
363 2236 511 2283 ejusdem
534 2236 680 2280 vigiliae,
704 2238 822 2283 quarta
836 2236 995 2273 videlicet
1010 2239 1083 2283 post
1105 2238 1258 2274 occasum
1284 2239 1385 2283 solis,
1406 2250 1666 2288 comparuerunt
1692 2239 1727 2275 in
1747 2237 1959 2274 Monasterio
1984 2237 2101 2272 nostro
2118 2235 2263 2271 Viennae

226 2288 275 2322 D.
287 2284 434 2320 Auditor
452 2283 580 2320 Nuntii
594 2283 784 2328 Apostolici
795 2307 809 2327 ‚
831 2285 980 2332 unusque
995 2297 1040 2322 ex
1053 2287 1247 2323 Secretariis
1261 2288 1422 2325 Caesareis
1433 2313 1446 2330 ,
1468 2289 1528 2336 qui
1543 2288 1677 2324 vocatis
1693 2289 1731 2324 P.
1746 2285 1949 2322 Guardiano
1961 2286 1995 2321 &
2012 2297 2079 2320 uno
2095 2296 2137 2319 ex
2151 2283 2266 2319 senio-

225 2333 317 2369 ribus
331 2332 481 2369 Patribus
493 2332 612 2367 cellam
629 2331 797 2368 Valeriani
813 2355 826 2375 ,
838 2344 914 2368 cum
928 2333 1039 2370 Sociis
1057 2335 1091 2369 Ρ.
1106 2335 1284 2371 Ludovico
1306 2339 1325 2371 a
1340 2338 1451 2373 Salice
1467 2363 1476 2378 ,
1501 2337 1535 2372 &
1550 2337 1601 2372 Fr.
1621 2335 1804 2371 Fortunato
1816 2334 2021 2371 Tridentino
2036 2331 2264 2368 reseftiuncu-

226 2384 293 2418 lam
304 2380 460 2416 sumentis
470 2403 482 2423 ,
496 2379 570 2415 serii
579 2380 772 2417 accedentes
782 2404 795 2424 ,
807 2380 1022 2418 Pontificium
1043 2383 1244 2419 Mandatum
1258 2385 1298 2419 de
1314 2385 1379 2420 illo
1392 2385 1592 2421 carcerando
1605 2383 1795 2430 exposuere
1808 2405 1820 2425 ‚
1845 2380 2007 2419 Coesareo
2020 2381 2159 2416 brachiu
2174 2391 2268 2415 com·

227 2428 413 2465 munitum.
436 2427 579 2474 Stupuit
600 2427 643 2463 ad
658 2429 844 2468 novitatem
865 2429 1175 2477 sastivaleriauus,
1200 2432 1315 2478 &quo
1336 2446 1376 2470 ex
1394 2434 1498 2470 titulo
1521 2433 1565 2469 ad
1585 2443 1732 2469 carceres
1755 2429 1834 2466 esset
1847 2430 2049 2471 ducendus,
2075 2428 2233 2475 ᾳυπῐῐνιῑ
2251 2439 2262 2461 :

226 2476 358 2515 causam
371 2478 390 2510 ὲ.
403 2476 433 2511 se
445 2476 565 2512 nesciri
579 2475 620 2512 iis
633 2477 874 2524 reponentibus
889 2500 900 2520 ‚
930 2477 987 2514 ille
1004 2479 1033 2516 se
1046 2481 1185 2526 quidem
1200 2480 1323 2527 absque
1337 2481 1441 2518 titulo
1452 2481 1696 2523 contumaciae,
1707 2480 1794 2523 fuga
1810 2503 1823 2522 ,
1841 2489 1898 2514 aut
1912 2477 2082 2515 sententiae
2098 2476 2264 2514 carcerari

224 2537 295 2562 non
307 2522 419 2580 posse,
444 2523 622 2580 Ppntificio
647 2531 756 2562 tamen
780 2526 815 2561 8(
846 2526 997 2562 Caesareo
1017 2528 1185 2564 mandatis
1206 2528 1349 2566 relistere
1380 2531 1470 2566 nolle
1494 2529 1662 2576 respondit
1678 2553 1688 2565 .
1722 2529 1894 2574 Exceptus
1916 2527 1993 2563 inde
2021 2536 2123 2562 curru
2138 2553 2147 2566 ‚
2172 2529 2270 2559 &ar-

225 2583 317 2609 mato
329 2573 434 2607 milite
449 2572 649 2619 cm&us,per
663 2574 788 2618 plateas
801 2571 928 2611 facibus
940 2576 974 2611 &
987 2575 1153 2612 funalibus
1166 2577 1367 2615 illuminatas
1382 2579 1425 2614 ad
1443 2578 1616 2615 carceres!
1645 2576 1729 2624 quid
1743 2579 1756 2610 ?
1786 2575 1985 2612 Valerianus
2003 2586 2047 2611 ex
2064 2573 2173 2609 110ὒῖιῖ
2188 2585 2267 2618 ΡΓΟ·

223 2619 314 2666 sapia
333 2630 453 2664 ortus,
475 2620 632 2657 doetnna
653 2624 686 2656 &
708 2623 903 2666 integritate
926 2635 1060 2660 morum
1083 2625 1234 2670 praestans
1251 2652 1259 2665 ‚
1285 2627 1371 2662 ultra
1387 2636 1443 2675 34.
1465 2638 1570 2663 annos
1597 2624 1822 2660 Miffionarius
1844 2624 2067 2669 Apostolicus
2100 2625 2108 2658 l
2138 2621 2263 2669 Qdss

226 2667 426 2703 Valerianus
441 2669 518 2706 vere
536 2669 684 2713 Magnus
695 2693 707 2713 ‚
722 2670 823 2707 toties
835 2671 877 2707 ad
889 2673 1002 2719 Reges
1016 2672 1050 2708 8(
1067 2673 1234 2720 Principes
1247 2675 1392 2717 Legatus
1407 2700 1417 2715 ,
1434 2675 1476 2711 ad
1488 2683 1670 2720 purpuram
1684 2672 1941 2708 Cardinalitiam
1955 2671 2080 2706 iterato
2094 2680 2267 2707 commen·
2281 2698 2284 2703 .

228 2716 326 2751 datus
339 2736 352 2756 9
376 2716 419 2750 ab
431 2714 508 2769 ipsis
523 2717 670 2751 Summis
687 2717 906 2757 Pontificibus
921 2720 1034 2767 paffim
1050 2721 1207 2758 laudatus
1219 2746 1231 2764 ,
1246 2722 1371 2757 carceri
1385 2722 1570 2765 includitur
1588 2722 1598 2757 Ξ

327 2762 543 2818 illucelcente
555 2763 608 2797 die
627 2773 701 2818 tota
717 2765 930 2806 urbs,audito
945 2793 954 2808 ,
978 2769 1073 2814 quod
1084 2769 1228 2810 accidit,
1256 2771 1467 2806 tenebrarum
1489 2780 1593 2815 opere
1607 2791 1620 2810 ‚
1643 2768 1676 2802 in
1691 2767 1862 2813 stuporem
1886 2766 1960 2802 asta
1975 2790 1988 2809 ,
2013 2777 2125 2803 carcer
2151 2767 2198 2802 ob
2209 2778 2268 2801 ac-

227 2810 362 2847 cursum
378 2809 560 2845 Nobilium
576 2810 746 2856 utriusque
759 2811 856 2848 sexus
868 2817 1047 2851 conversus
1061 2816 1094 2850 in
1108 2819 1217 2852 aulam
1230 2842 1243 2860 ,
1267 2818 1302 2855 8(
1315 2817 1402 2852 inter
1415 2818 1599 2852 tumultum
1615 2817 1795 2862 platearum
1811 2815 1941 2850 clamor
1955 2815 2093 2852 auditus
2105 2814 2150 2849 est
2163 2838 2175 2857 ,
2204 2811 2268 2850 Vi-

230 2867 319 2914 vat-lt
332 2857 500 2904 Capacim'
510 2881 523 2900 ,
548 2857 649 2892 vivat
663 2857 703 2893 P.
719 2854 923 2913 Valerianus
934 2884 946 2902 ,
971 2864 1051 2896 dum
1071 2863 1096 2897 ii
1111 2887 1125 2906 ,
1144 2864 1203 2909 qui
1221 2875 1298 2900 eum
1314 2865 1478 2909 persecuti
1503 2863 1579 2899 sunt
1593 2886 1605 2905 ,
1633 2862 1853 2907 loquebantur
1879 2864 2064 2905 vanitates,
2088 2861 2246 2909 injuriam
2257 2884 2270 2904 ‚

231 2907 328 2947 abiis
340 2905 548 2940 faetamtnde
561 2906 726 2940 velantes.
746 2907 882 2943 Diutius
898 2907 1096 2944 Valerianus
1108 2911 1141 2944 in
1157 2910 1315 2955 patientia
1330 2909 1470 2956 possedit
1484 2911 1631 2946 animam
1646 2909 1746 2951 suam,
1760 2908 1794 2945 &
1808 2909 2002 2947 conflictum
2017 2910 2277 2955 cogitationum

230 2954 332 2991 vario
345 2952 486 2988 divertit
499 2952 631 3003 studio:
656 2954 788 2988 tandem
803 2955 996 3001 ‚tquorsum
1010 2958 1183 2999 negotium
1210 2958 1363 2993 tenderet
1379 2983 1390 2997 ,
1414 2960 1432 2992 a
1449 2958 1584 2993 Nuntio
1600 2958 1802 3001 Apostolico
1824 2958 1999 3004 quaefivie,
2024 2960 2059 2995 &
2081 2958 2269 3005 processum

229 3001 407 3049 compilari
421 3001 555 3044 rogavit
573 3012 582 3035 :
608 3012 678 3047 qno
693 3025 706 3044 ‚
730 3000 760 3036 se
776 3001 924 3049 Iudicem
937 3003 972 3040 in
992 3005 1088 3038 causa
1102 3016 1173 3042 non
1187 3003 1271 3045 esse,
1295 3006 1553 3051 replicante‚ad
1567 3005 1729 3041 Caesarem
1749 3007 1963 3052 appellavit,
1987 3008 2044 3054 qui
2059 3007 2139 3043 dum
2152 3007 2186 3042 &
2200 3006 2269 3052 ipse

231 3061 302 3087 rem
316 3052 335 3085 a
349 3049 381 3084 se
395 3049 492 3094 tangi
504 3060 573 3085 non
590 3048 678 3095 poss'e
692 3050 870 3096 reposuit,
898 3051 1097 3087 Valerianus
1125 3065 1199 3088 cum
1223 3053 1389 3099 Propheta
1409 3053 1612 3089 exclamavit
1624 3065 1638 3093 3
1659 3053 1874 3101 circumspexi
1886 3079 1899 3097 ‚
1925 3055 1967 3096 ὼ·
1991 3066 2058 3090 non
2076 3063 2152 3091 erat
2168 3055 2270 3090 auxi-

232 3098 359 3140 liator,
383 3096 536 3144 quaefivi,
566 3096 608 3138 &⁴
630 3107 809 3141 numerat,
834 3099 894 3145 qui
917 3098 1090 3135 brachium
1104 3100 1289 3148 adjuvaret
1300 3111 1428 3137 meum:
1457 3101 1538 3137 inde
1556 3101 1599 3137 ab
1613 3102 1753 3143 indole,
1778 3114 1853 3149 qiiae
1865 3103 1975 3138 arduis
1990 3103 2123 3148 premi,
2147 3102 2269 3149 oppri·

233 3145 282 3184 mi
295 3156 362 3181 non
375 3145 510 3191 potest,
531 3147 695 3188 incitatus
707 3169 720 3188 ‚
744 3147 920 3191 epistolam
938 3148 979 3183 ad
996 3151 1031 3183 Ρ.
1050 3148 1259 3183 hudovicum
1272 3173 1283 3190 ‚
1312 3149 1443 3185 socium
1461 3148 1554 3184 suum
1578 3149 1762 3196 conscripsit
1775 3173 1788 3195 ‚
1812 3153 1876 3197 qu'a
1892 3151 2064 3187 multoties
2082 3152 2220 3197 copiai‘a
2233 3150 2267 3185 8(

233 3193 338 3249 animi
354 3192 410 3248 seu
422 3192 655 3247 integritatem
672 3215 685 3231 ,
710 3193 744 3227 &
761 3194 918 3230 violentie
934 3195 1076 3232 aetionis
1106 3197 1215 3232 casum
1230 3197 1542 3243 liberoexplicavit
1557 3196 1642 3244 stylo
1657 3209 1666 3232 ε
1692 3199 1884 3235 necmirum
1901 3224 1910 3239 ,
1934 3211 2011 3234 cum
2033 3199 2241 3235 couscientia
2257 3222 2272 3241 ‚

234 3241 383 3279 criminis
397 3238 503 3275 nescia
524 3238 639 3275 reddat
659 3239 827 3276 hominem
840 3244 999 3280 audacem
1015 3268 1023 3283 ‚
1048 3245 1128 3280 dum
1143 3255 1278 3280 econtra
1293 3245 1364 3280 laesa
1383 3256 1459 3280 eum
1484 3244 1563 3280 facit
1584 3245 1760 3290 timidum,
1783 3247 1862 3282 hinc
1877 3246 1911 3282 8(
1929 3246 2047 3292 sapius
2066 3247 2272 3283 Valerianus

235 3289 347 3329 dicere
360 3288 487 3324 solebat
500 3298 510 3321 ε
535 3287 563 3324 S
565 3287 578 3321 ἱ
590 3296 640 3322 me
653 3299 724 3323 mea
737 3288 938 3336 conscientia
949 3292 987 3326 in
997 3290 1111 3338 aliquo
1122 3291 1293 3338 accusaret
1301 3317 1315 3336 ,
1333 3304 1424 3329 nemo
1436 3291 1588 3329 timidior
1599 3293 1680 3341 esset
1690 3321 1700 3337 ,
1725 3303 1762 3330 at
1776 3293 1974 3342 verdstante
1984 3305 2055 3331 mea
2065 3291 2274 3341 conscientia

238 3337 261 3382 ὰ
275 3337 405 3373 nemine
429 3333 596 3382 terrefieri
611 3343 726 3383 potero
737 3359 749 3377 ,
765 3338 940 3384 proprium
953 3339 1041 3374 enim
1053 3338 1095 3387 est
1121 3339 1303 3384 veritatis,
1329 3349 1369 3376 uc
1382 3350 1516 3376 maneat
1533 3341 1771 3390 &invalescat
1790 3344 1828 3377 in
1841 3351 2003 3378 aecernum
2017 3368 2026 3378 .
2059 3343 2142 3390 Ejus
2155 3353 2271 3378 autem

238 3384 389 3421 efficaciae
401 3383 466 3418 fata
481 3382 624 3428 epistola
636 3383 684 3420 est
697 3383 788 3427 visa‘,
812 3395 851 3419 ut
866 3386 1074 3431 Apologiam
1089 3387 1190 3431 longe
1205 3388 1360 3434 superare
1375 3387 1437 3422 Vir
1455 3388 1490 3422 in
1502 3391 1578 3425 aula
1594 3391 1745 3426 Caesarea
1760 3391 1856 3426 omni
1868 3389 2072 3435 exceptione
2097 3389 2204 3436 major
2218 3390 2273 3424 as-

239 3433 356 3478 sereret
371 3456 381 3466 .
409 3431 544 3468 lnterim
562 3432 714 3467 certatim
734 3442 798 3478 pro
813 3432 984 3469 Valeriani
1001 3434 1197 3470 liberatione
1213 3437 1256 3471 ab
1267 3436 1385 3471 amicis
1409 3435 1521 3472 afi'tum
1540 3438 1606 3478 est,
1632 3438 1764 3485 fuitque
1779 3438 1984 3473 Sereniffima
2000 3437 2269 3474 Marchioniffa..

239 3478 394 3535 Badensis
406 3503 420 3523 ‚
443 3478 602 3515 affinitate
615 3491 691 3516 cum
706 3479 896 3527 inojuneta
908 3504 921 3525 ,
943 3482 1047 3529 prima
1061 3506 1070 3522 ,
1094 3493 1168 3528 quoe
1176 3483 1218 3519 de
1231 3496 1275 3520 eo
1287 3484 1469 3519 liberando
1480 3507 1493 3527 ‚
1516 3484 1669 3526 adduftis
1679 3510 1688 3525 ‚
1713 3497 1787 3533 quae
1801 3487 1843 3522 ab
1855 3498 1896 3521 eo
1908 3484 2060 3521 Ecclesiae
2073 3513 2081 3526 ,
2095 3487 2129 3522 8(
2139 3485 2271 3522 sanetae

243 3526 479 3583 Sedimptaestita
501 3535 596 3562 erant
609 3550 622 3570 ‚
648 3527 819 3572 obsequiis
830 3552 842 3572 ‚
854 3541 930 3565 cum
946 3529 1084 3568 Nuntio
1099 3531 1297 3576 Apostolico
1316 3532 1462 3568 contulit
1474 3555 1486 3575 ,
1511 3543 1546 3567 at
1563 3534 1672 3569 Roma
1688 3545 1802 3569 manus
1828 3532 1887 3568 fibi
1902 3532 2022 3576 lIgatas
2036 3532 2100 3570 effe
2114 3559 2127 3578 ,
2152 3534 2206 3570 hic
2221 3544 2271 3567 re-

244 3571 358 3630 ppsiiit
371 3596 380 3608 .
403 3574 526 3610 Adivit
538 3575 690 3620 &ipsum
703 3576 867 3612 Caesarem
881 3578 1106 3615 Sereniflimus
1123 3579 1274 3614 Marchio
1282 3603 1296 3622 ,
1319 3579 1354 3615 8(
1374 3580 1475 3624 longa
1491 3578 1572 3616 serie
1589 3581 1619 3617 ei
1631 3581 1748 3617 retulit
1760 3592 1829 3615 tum
1845 3583 1864 3615 a
1882 3581 2009 3616 Patruo
2026 3580 2196 3619 Valeriani
2210 3579 2270 3616 sub

244 3620 462 3677 Sigismuudo
476 3622 573 3667 Rege
587 3623 738 3660 Poloniae
759 3635 811 3660 res
831 3636 895 3672 pro
911 3627 1027 3661 Domo
1038 3627 1211 3661 Austriaca
1227 3625 1367 3663 feliciter
1389 3630 1500 3670 gestas
1512 3649 1526 3670 ,
1549 3627 1584 3664 &
1608 3628 1879 3663 Maximilianum
1897 3628 2126 3666 Archiducem
2142 3630 2270 3665 vietum

245 3669 280 3702 8(
299 3677 431 3714 captum
444 3668 533 3724 illius
544 3672 645 3715 opera
658 3671 800 3708 libertati
816 3673 1000 3711 restitutum
1012 3696 1025 3716 ,
1036 3682 1108 3709 tum
1124 3673 1158 3709 in
1175 3675 1357 3718 Hungariae
1370 3675 1460 3711 bello
1472 3673 1494 3710 'a
1510 3675 1604 3710 Patre
1622 3675 1800 3711 Valeriani
1815 3675 1937 3712 Caesari
1952 3677 2067 3714 Rudol
2075 3679 2141 3724 pho
2156 3678 2274 3721 ingen·

246 3727 315 3751 tem
336 3725 542 3772 pecunariam
555 3717 711 3754 summam
733 3721 767 3754 in
783 3720 960 3757 subsidium
976 3722 1252 3758 subministratam
1266 3745 1279 3764 ,
1302 3732 1370 3757 tum
1384 3722 1548 3768 joannem
1562 3722 1745 3768 Baptistam
1763 3723 1936 3761 Valeriani
1951 3724 2103 3761 Fratrem
2122 3738 2184 3773 pro
2195 3725 2274 3759 Cae·

244 3763 312 3801 [πε
328 3765 536 3807 d¹m¹cantem
549 3786 562 3808 2
587 3766 744 3817 plumbeo
753 3769 862 3814 globo
885 3769 1058 3819 trajestum
1071 3792 1084 3815 ‚
1111 3780 1180 3806 tum
1195 3769 1296 3807 alium
1309 3769 1476 3811 valeriani
1490 3769 1636 3807 Fratrem
1650 3770 1820 3810 Comitem
1846 3772 1880 3811 in
1891 3773 2062 3813 Strasnitz
2077 3786 2156 3823 non·
2166 3772 2276 3810 solum

2091 3828 2094 3831 ·
2200 3820 2234 3852 in
