2638 4204
746 268 1165 360 Austriaco
1188 264 1251 333 ‘e'
1269 262 1732 379 Hungarica
1759 323 1774 340 .

233 403 524 472 spiritualem
555 402 752 460 Sacelli,
782 399 856 450 seu
899 400 1099 463 Capellae
1131 400 1233 446 Bea-

297 489 350 524 ta:
400 474 603 542 Virginis
644 472 802 521 Mariae
845 467 1159 519 Auxiliatricis
1207 468 1234 514 ὲ

299 543 582 609 Marquardo
614 547 788 592 Barone
826 539 881 590 de
907 535 1156 590 Schwendi
1184 537 1230 583 in

298 618 470 664 Monto
502 612 716 664 Civitatis
748 602 1046 661 pataviensis,
1083 605 1229 671 vulgo

298 684 462 751 Paffhv
480 720 493 741 ,
508 681 701 732 fundatae
714 694 872 727 curam
893 672 1124 724 Fratribus
1151 688 1229 720 no-

299 754 399 804 stris
426 751 652 803 committi
678 745 917 796 confirmat
935 779 949 794 .

233 889 679 952 URBANUS
750 882 1227 939 EPISCOPUS

468 1021 614 1062 Servus
639 1015 857 1056 Servorum
883 1010 987 1052 Dei.

264 1146 420 1197 Dilefi'o
437 1148 540 1191 Filio
553 1171 568 1193 ι,
589 1139 752 1201 officiali
784 1135 1012 1182 Venerabilis
1037 1133 1200 1180 Fratris>

316 1208 439 1264 ηψπ·
469 1202 635 1258 Epifiopi
658 1196 865 1243 Viennensis
876 1196 1075 1252 salutem,
1097 1194 1145 1244 ω·

433 1262 686 1320 Apostoticam
717 1254 1019 1300 Bencdablt‘onem
1031 1283 1044 1295 .

346 1396 383 1436 X
407 1389 585 1446 injuneto
598 1390 726 1433 Nobis
739 1386 913 1441 desuper
921 1414 937 1437 ,
970 1381 1234 1426 meritislicet

233 1399 330 1508 E
355 1450 575 1504 imparibus
587 1476 601 1498 ,
618 1447 853 1502 Apostolicae
869 1443 1066 1487 servitutis
1079 1441 1228 1489 officio,

234 1514 284 1556 ad
299 1523 372 1559 ea,
404 1522 476 1563 per
489 1522 574 1563 quae
599 1507 756 1548 divinus
782 1503 916 1547 cultus
930 1532 945 1554 ,
975 1504 1018 1544 δι-
1040 1506 1228 1557 piorum..

234 1581 400 1628 operum
416 1567 593 1609 instituta
609 1575 806 1620 augentur
822 1590 834 1613 ,
865 1562 1037 1604 libenter
1056 1558 1231 1602 intendi-

234 1643 325 1673 mus
339 1654 354 1677 ,
386 1639 430 1666 ac
451 1625 510 1667 his
527 1634 660 1680 partes
676 1623 794 1666 officii
812 1620 929 1662 nostri
956 1617 1232 1661 favorabiliter

236 1683 440 1741 interponi
479 1683 709 1725 mandamus
739 1710 755 1731 ,
795 1689 915 1735 prout
941 1676 1233 1724 Personarum,

234 1757 369 1789 rerum
392 1742 624 1783 &locorum
640 1736 946 1781 circumstantiis
967 1735 1106 1777 debite
1132 1746 1232 1788 pen-

234 1804 328 1846 satis
356 1798 696 1856 conspic-irnus2in
722 1795 898 1839 Domino
925 1793 1138 1838 salubriter
1161 1804 1233 1835 e-x-

265 1862 378 1906 edlfe
397 1886 408 1898 ο
609 1900 611 1902 ,
635 1898 637 1901 .

235 1877 262 1920 p
293 1917 485 1962 Exhibita
511 1913 701 1972 liquidem
729 1914 856 1958 Nobis
888 1925 1018 1965 nuper
1045 1925 1118 1967 pro
1143 1923 1231 1965 pat·-

235 1988 279 2024 te
307 1977 548 2020 dilectorum
588 1975 783 2016 Filiorum
814 1971 1045 2026 marquardi
1067 1970 1232 2012 Batonis

237 2033 450 2083 Schwendi
488 2033 705 2086 nuncupati
731 2061 745 2083 ,
781 2029 1130 2072 Admini'llratoris
1150 2056 1165 2079 ‚
1195 2028 1236 2068 δι

239 2092 393 2140 Decani
419 2089 598 2133 Ecclefiae
625 2088 888 2138 Patavienfis,
909 2100 954 2128 ac
967 2087 1151 2140 Capituli
1173 2086 1229 2127 di-

239 2157 307 2197 &ae
326 2148 507 2194 ecclelia
537 2148 682 2203 petitio
708 2147 970 2190 continebat:
1001 2145 1126 2202 Qod
1141 2143 1240 2188 alias

238 2213 319 2269 ipse
334 2209 595 2264 Marquardus
609 2235 622 2258 ,
654 2210 692 2249 S.
713 2203 877 2261 Spiritus
895 2202 1034 2259 grava
1048 2202 1239 2258 inspiran-

239 2282 312 2318 te,
346 2271 383 2309 in
413 2269 602 2308 honorem
630 2262 922 2307 Glorioliffimae
955 2261 1131 2315 Virginis
1160 2261 1237 2303 Dei

239 2325 463 2372 Genitricis
493 2324 651 2372 Maria,
686 2321 962 2364 Auxiliatricis
990 2322 1148 2362 humani
1166 2333 1238 2374 ge-

238 2386 378 2436 neris,
408 2397 454 2424 ac
482 2383 610 2425 Sancti
642 2381 837 2425 Francisci
862 2404 876 2425 ³
908 2379 1121 2433 Capellam
1164 2392 1241 2420 non

241 2443 477 2488 collativam
491 2467 506 2491 ‚
535 2443 576 2480 in
591 2441 763 2494 quodam
783 2441 919 2481 Monte
934 2442 949 2489 ‚'
977 2437 1150 2481 Civitati
1165 2439 1239 2479 Pa-

243 2503 358 2554 taviae
373 2498 560 2555 proximo
572 2526 587 2548 ,
617 2510 694 2540 aere
720 2496 789 2540 suo
803 2525 817 2548 ‚
838 2495 891 2539 de
909 2497 1116 2539 voluntate
1131 2497 1168 2538 &
1183 2496 1240 2538 as-

196 2577 198 2580 ·
246 2561 354 2606 sensu
368 2559 461 2601 dieti
477 2557 658 2612 Capituli
675 2553 861 2598 fundavit
875 2581 888 2602 ,
918 2557 956 2596 &
977 2556 1135 2598 dotavit
1149 2583 1164 2606 ‚
1191 2569 1236 2596 ac

242 2622 278 2665 ei
292 2620 561 2663 cohaerentem
582 2613 930 2658 DomumOrdinis
948 2615 1128 2656 Fratrum
1143 2618 1240 2656 San-

245 2677 296 2721 eti
316 2674 506 2718 Francisci
529 2676 831 2726 Capucinorum
857 2684 1182 2727 nuncupatorum
1200 2673 1242 2714 in

245 2733 461 2780 Provincia
478 2730 686 2773 Austriaca·
697 2731 941 2773 construxit:
973 2733 1138 2786 Insuper
1165 2730 1241 2771 sta·

247 2794 359 2843 tuit,
392 2790 499 2845 quod
529 2788 708 2841 praedifta
725 2788 898 2842 Capella
922 2789 1069 2830 debeat
1096 2790 1133 2830 in
1155 2802 1240 2829 om-

246 2853 367 2898 nibus
380 2849 420 2889 δι
433 2845 590 2901 singulis
607 2873 621 2894 ,
653 2844 783 2900 quoad
798 2844 1016 2897 spiritualia
1029 2873 1044 2895 ‚
1073 2847 1113 2886 δι
1130 2846 1244 2885 1)·νὶ-

247 2911 291 2955 ni
315 2906 446 2951 Officii
475 2904 696 2950 exercitia,
727 2915 774 2944 ac
799 2901 1243 2955 eorumdem-spiritua-

248 2969 347 3011 lium
372 2964 589 3021 plenariam
614 2959 938 3009 ordinationem,
968 2961 1008 3000 &
1030 2958 1248 3013 dispolitio-

249 3040 339 3070 nem
355 3023 539 3066 totaliter
568 3019 772 3073 subjacere
799 3017 986 3070 praedieto
1004 3017 1180 3067 ordini,
1209 3018 1248 3058 δι

250 3099 325 3140 pro
355 3092 540 3135 tempore
560 3077 742 3121 existenti
764 3075 1002 3120 Guardiano
1030 3078 1248 3118 fratrum,

252 3141 560 3197 Capucinorum
588 3136 862 3193 praedistorum
893 3134 1041 3176 ibidem
1069 3146 1248 3176 commo-

252 3202 455 3243 rantium-2
486 3196 617 3251 quoad
633 3193 973 3247 temporalitatem
990 3193 1107 3241 vero,
1125 3192 1247 3234 dota-

252 3260 405 3301 tionem
421 3286 435 3307 ,
467 3264 683 3308 proventus
697 3279 711 3302 ‚
736 3250 963 3292 oblat-iones
983 3279 996 3302 ,
1017 3249 1183 3295 census,
1207 3251 1244 3290 &

252 3318 359 3361 bona
379 3313 508 3358 voluit
525 3325 612 3353 eam
628 3308 856 3363 simpliciter
869 3335 884 3358 ,
914 3310 954 3349 δι
967 3308 1150 3350 totaliter-
1167 3310 1247 3349 De-

255 3389 356 3418 cano
379 3389 454 3428 pro
471 3382 655 3424 tempore
682 3366 862 3410 existenti
879 3366 988 3408 ditstae
1005 3365 1191 3408 Ecclesia
1209 3367 1250 3408 δι

258 3433 444 3487 praed-ino
458 3427 652 3484 Capitulo
665 3424 912 3481 conjunstim
926 3452 939 3474 ‚
965 3427 1004 3466 &
1019 3422 1254 3466 simultanee

259 3489 462 3545 subjacere
475 3517 490 3539 ‚
507 3498 552 3530 ut
567 3516 582 3538 ‚
603 3485 792 3542 quicquid
810 3485 850 3524 in
871 3483 1140 3532 dotationem,
1155 3496 1253 3536 pro-

261 3558 420 3590 ventum
435 3576 449 3598 ,
475 3549 513 3588 &
531 3560 603 3601 pro
615 3545 823 3586 oblatione
838 3552 934 3584 tunc
951 3571 965 3594 ,
991 3550 1062 3584 aut
1086 3542 1125 3582 in
1141 3538 1252 3583 futu-

261 3618 350 3648 rum
367 3605 555 3659 praedicta:
569 3602 773 3659 Cappellae
786 3601 947 3648 datum,
962 3601 1168 3649 oblatum,
1185 3605 1253 3640 aut

261 3662 508 3705 offerendum
537 3661 639 3704 foret
655 3689 668 3712 ‚
692 3672 771 3702 tam
798 3658 1053 3714 quoadsacra
1078 3660 1196 3713 quim
1212 3657 1257 3698 in

262 3721 419 3778 praediis
434 3748 448 3770 ,
474 3720 737 3773 proventibus
753 3747 766 3769 ,
782 3716 1034 3768 redditibus,
1051 3716 1226 3758 censibus
1238 3744 1258 3766 ,

263 3784 302 3823 &
315 3777 489 3834 pecuniis
503 3803 515 3824 ,
544 3775 686 3818 eisdem
705 3780 871 3818 Decano
887 3789 960 3828 pro
974 3785 1160 3829 tempore
1176 3776 1256 3815 exi·-

262 3838 379 3882 stenti
397 3863 411 3884 ,
441 3840 476 3877 &
510 3834 702 3889 Capitulo
729 3833 923 3889 praedictis
948 3835 1149 3893 subjaceat
1171 3860 1188 3888 ,
1216 3835 1255 3875 &

382 3897 483 3936 Tom.
499 3897 518 3935 1
529 3894 566 3934 V.

2071 294 2228 372 241

1293 394 1439 448 subsit,
1465 398 1531 451 qui
1548 393 1657 448 vigili
1673 389 1767 433 cura
1783 391 2108 443 ‚sollicitudine,
2135 398 2176 436 δι
2203 398 2292 442 zelo

1292 456 1535 497 unanimiter
1550 455 1590 494 in
1605 453 1682 492 hoc
1697 453 1924 494 incumbant
1935 481 1948 503 ,
1961 466 2004 494 ut
2018 457 2153 496 omnia
2166 456 2204 494 &c
2218 455 2294 496 tin-

1291 513 1385 568 gula
1411 512 1607 566 praedistae
1629 508 1809 562 Capella:
1836 522 2084 563 proventus,
2122 514 2160 553 &
2188 514 2292 556 bona

1291 573 1329 611 in
1349 571 1503 613 nullum
1518 569 1641 611 alium
1658 565 1767 607 ulum
1780 595 1796 616 ‚
1826 571 1971 619 quovis
1988 574 2115 613 etiam
2129 573 2292 625 quaeiito

1288 627 1431 668 colore
1444 657 1458 678 ‚
1479 638 1552 668 -aut
1568 635 1761 681 praetextu
1778 625 2017 669 neceffitatis
2033 656 2046 677 ‚
2074 641 2143 671 aut
2160 633 2290 683 pieta·

1287 684 1339 726 tis
1357 696 1437 725 non
1454 686 1666 735 obstante,
1690 684 1808 739 quam
1836 682 1873 722 in
1898 684 1975 736 jam
2007 688 2209 729 existentis
2232 686 2292 728 fa-

1286 741 1404 784 bricae
1423 742 1620 797 integram
1638 739 1984 793 conservationem
2002 773 2013 793 ‚
2048 759 2140 787 cum
2156 746 2292 787 omni-

1285 800 1358 842 bus
1385 800 1666 853 pertinentiis,
1693 799 1889 854 praecipue
1904 804 2132 853 aquaedufftu
2150 833 2164 854 ,
2193 803 2295 856 ejus-

1286 858 1460 911 demque
1485 856 1664 911 Capellae
1681 860 1832 906 decus,
1866 857 2082 908 honorem,
2112 864 2150 903 δι
2178 862 2293 904 usum

1286 923 1577 960 convertantur
1599 916 1960 971 &impendantur‚
1988 930 2122 972 neque
2149 920 2189 959 in
2218 922 2296 961 mi-

1288 976 1396 1018 nimo
1415 974 1567 1030 aliquid
1595 973 1650 1016 de
1669 972 1893 1028 hujusmodi
1924 977 2187 1027 proventibus
2205 1005 2217 1027 ,
2249 993 2292 1019 ac

1287 1032 1703 1083 bonisimminuatur‚
1737 1033 1814 1075 hoc
1841 1041 1977 1074 tamen·
1996 1045 2088 1074 cum
2106 1035 2297 1076 modera-

1287 1092 1394 1135 mine
1408 1119 1422 1143 ,
1447 1092 1487 1133 ἀ
1509 1090 1747 1143 intellectu3
1767 1090 1893 1147 quod,
1907 1089 1932 1132 fi
1951 1089 2120 1134 successu
2146 1102 2300 1147 tempo-

1288 1152 1343 1194 ris
1355 1152 1642 1206 contingeret,
1656 1150 1743 1193 ulta
1755 1164 1799 1192 ea
1812 1177 1827 1200 ‚
1847 1162 1932 1205 quae
1946 1148 2073 1191 dietus
2091 1152 2298 1204 Marquar-

1291 1210 1364 1253 dus
1380 1211 1482 1251 Baro
1496 1209 1536 1251 δι
1552 1207 1861 1252 Administrator
1891 1220 1969 1263 pro
1986 1206 2051 1251 sua
2071 1209 2297 1251 devotione

1295 1267 1410 1312 dedit
1425 1270 1467 1311 in
1482 1266 1677 1311 fabricam
1690 1298 1705 1319 ‚
1733 1277 1921 1310 ornatum
1935 1294 1951 1318 ,
1974 1268 2132 1310 cultum
2146 1296 2162 1318 ,
2181 1266 2302 1309 lumi-

1298 1327 1442 1378 naria,
1472 1328 1513 1370 &
1538 1326 1705 1379 similia,
1734 1339 1816 1369 non
1839 1334 1976 1369 autem
2015 1327 2053 1368 in
2083 1326 2302 1369 Clerunu

1297 1387 1475 1444 (Cierus
1505 1386 1615 1428 enim
1642 1386 1696 1428 ibi
1734 1384 1872 1429 nullus
1902 1383 1957 1426 est
1984 1413 1998 1434 ‚
2042 1398 2117 1426 nec
2163 1384 2296 1428 este..-

1287 1445 1441 1497 debet,
1475 1452 1738 1501 praeterquam
1765 1443 1877 1486 dieiae
1896 1434 2047 1484 Domus
2078 1442 2306 1496 Religiosos

1291 1504 1524 1561 Capucinos
1549 1503 1758 1558 praediaos
1773 1530 1790 1552 ,
1816 1502 1884 1556 qui
1902 1501 2094 1554 praedicstae
2109 1500 2300 1554 Capellae

1290 1563 1507 1609 serviunt,
1538 1563 1578 1603 &
1596 1560 1770 1605 ibidem,
1798 1568 1842 1600 ut
1868 1560 1908 1599 in
1927 1559 2124 1614 Capella,
2158 1560 2244 1613 ipfis
2263 1560 2302 1599 &

1292 1619 1532 1664 habitationi
1561 1618 1735 1674 ipsbrum
1763 1616 1991 1660 immediate
2010 1615 2299 1673 incorporata,

1292 1680 1439 1723 Divina
1457 1676 1808 1734 peragunt,nullo
1833 1675 2009 1720 terrestri
2034 1675 2203 1726 salario,
2233 1685 2305 1717 aut

1291 1743 1477 1796 premio,
1502 1735 1571 1779 sed
1597 1735 1741 1778 caeleffi
1767 1736 1870 1779 haud
1897 1735 2024 1777 dubio
2041 1735 2305 1790 honorandi)

1291 1798 1520 1839 oblationes
1554 1823 1570 1846 ,
1610 1796 1655 1836 ὃς
1683 1795 1789 1837 dona
1834 1794 1998 1838 mobilia
2034 1796 2074 1835 &
2117 1793 2305 1835 immobi-

1292 1855 1374 1904 lia,
1402 1856 1450 1897 ad
1476 1854 1699 1896 notabilem
1727 1856 1995 1908 quantitatem
2038 1851 2077 1893 se
2103 1850 2303 1895 extende-

1291 1925 1400 1963 rent,
1416 1913 1520 1955 adeo
1535 1923 1604 1962 ,ut
1621 1915 1790 1956 Decano
1813 1927 1888 1966 pro
1903 1924 2089 1965 tempore
2105 1909 2307 1959 exilienti,

1291 1976 1331 2016 δι
1356 1971 1550 2027 Capit-ulo
1581 1971 1778 2026 praedietis
1808 1974 2021 2014 videretur-
2049 1984 2123 2011 non
2154 1983 2307 2024 urgere

1294 2031 1424 2074 ullam
1437 2029 1706 2074 neceffitatem
1723 2028 1896 2079 fabricat,
1912 2026 2050 2071 cultus
2063 2054 2077 2075 a
2092 2039 2159 2070 aut
2177 2026 2309 2070 neces-

1300 2090 1493 2133 sariorum
1522 2089 1633 2132 diestae
1649 2088 1853 2143 Capellae,
1884 2089 1937 2131 de
1965 2086 2195 2138 frufiibus,
2222 2086 2311 2128 red-

1297 2149 1444 2191 ditibus
1465 2149 1507 2190 &
1521 2149 1800 2191 emo-lumentis
1818 2147 1994 2199 eiusdem
2011 2147 2192 2200 Capella:
2204 2173 2219 2195 ,
2249 2145 2308 2186 sa·-

1296 2208 1469 2250 lutarem
1483 2208 1773 2263 elargitionem
1789 2206 1924 2248 facere
1941 2235 1956 2255 ,
1983 2206 2022 2246 &
2048 2204 2102 2246 ad·>
2114 2206 2200 2257 pios
2215 2204 2308 2244 usus

1296 2263 1523 2323 hujusmodi
1553 2274 1827 2319 proventuum
1862 2262 2150 2307 abundantiam
2180 2261 2311 2314 appli-

1299 2338 1393 2366 care
1421 2353 1435 2374 ‚
1471 2323 1699 2366 declaravit
1755 2323 1864 2366 idem
1902 2321 2166 2376 Marquardus
2205 2322 2308 2361 Baro

1299 2385 1340 2425 &
1366 2382 1715 2432 Ardministrator,
1747 2392 1794 2424 ut
1824 2393 1919 2423 tunc
1946 2392 2042 2422 ante
2064 2380 2197 2420 omnia
2228 2393 2302 2432 po-

1301 2441 1470 2491 tiffima,
1498 2442 1543 2482 &=
1573 2441 1779 2495 [mgularis
1813 2441 2008 2482 habeatur
2036 2447 2139 2479 ratio
2155 2438 2310 2479 Vidua-

1299 2515 1388 2543 rum
1402 2500 1442 2540 δι
1462 2499 1723 2550 Puellarum,
1748 2500 2087 2555 &Orpnanarum
2102 2497 2214 2538 dictae
2237 2496 2312 2536 (ji-

1300 2558 1435 2602 vit-atis
1463 2558 1732 2607 pataviensis,
1759 2559 1804 2599 Ge·
1823 2572 1967 2602 earum
1987 2555 2206 2597 neceffitati
2224 2583 2239 2604 ‚
2270 2555 2310 2594 &

1303 2617 1503 2674 pudicitiae
1528 2615 1758 2659 consulatur
1778 2616 1879 2658 dote
1905 2613 2118 2670 congrua,
2154 2623 2219 2655 aut
2236 2614 2311 2655 ali·

1304 2675 1447 2718 mentis
1460 2705 1472 2716 .
1500 2675 1652 2718 Statuit
1670 2674 1717 2715 ad
1733 2674 1810 2715 hoc
1825 2673 1934 2725 idem
1955 2673 2221 2727 Marquardus
2241 2675 2310 2714 Ba-

1302 2748 1349 2776 ro
1369 2734 1406 2774 &
1420 2731 1735 2774 Administrator
1749 2758 1762 2781 ,
1785 2740 1829 2771 ut
1845 2729 1885 2771 id
1899 2758 1912 2779 ‚
1939 2730 2051 2784 quod
2069 2730 2242 2771 ulterius
2258 2730 2311 2771 de

1303 2789 1566 2847 praesentibus
1581 2787 1869 2832 emolumentis
1884 2816 1899 2838 ‚
1919 2788 1959 2829 δε
1974 2785 2167 2829 fruetibus
2185 2788 2311 2829 bono-

1302 2863 1394 2892 rum
1407 2845 1738 2903 dretae-Cappenae
1753 2845 1991 2900 superfuerit
2008 2874 2022 2896 ,
2051 2846 2311 2900 impendatur

1307 2908 1345 2948 in
1369 2919 1492 2947 unum
1519 2916 1586 2946 aut
1612 2904 1752 2959 plures
1769 2907 1962 2947 Alumnos
1987 2905 2092 2961 Juris
2108 2907 2309 2948 Canonici

1305 2964 1346 3005 in
1364 2964 1532 3016 probata
1546 2961 1816 3006 Univerfitate
1845 2963 2060 3006 Catholica
2085 2962 2279 3005 studiosos
2294 2991 2308 3012 ‚

1307 3021 1372 3075 qui
1395 3020 1596 3064 &Seniore
1613 3035 1684 3075 pro
1702 3032 1884 3077 tempore
1899 3023 2092 3064 existente
2110 3023 2283 3064 Familiae
2295 3050 2309 3071 ‚

1307 3079 1406 3122 dieti
1438 3080 1670 3134 Marquardi
1685 3082 1848 3122 Batonis
1874 3083 1913 3122 δι.
1930 3081 2278 3123 Administratoris
2297 3105 2311 3127 2

1308 3136 1536 3179 Catholicae
1563 3150 1692 3181 tamen
1708 3138 1960 3195 Religionis«,
1985 3153 2058 3192 pro
2083 3147 2306 3194 tempore)

1306 3195 1486 3238 existenti
1506 3198 1668 3239 Decano
1692 3226 1706 3250 ‚
1731 3197 1988 3253 &Capitulo
2014 3197 2209 3251 'praedic‘tis
2234 3211 2308 3253 pro

1306 3254 1502 3305 stipendio
1517 3256 1851 3309 praesentabuntur
1865 3285 1881 3306 ,
1910 3255 2102 3309 primarie
2119 3258 2218 3297 vero
2235 3270 2306 3297 cu·

1307 3313 1457 3355 tabunt
1469 3314 1658 3356 Decanus
1675 3329 1748 3371 pro
1762 3326 1949 3370 tempore
1959 3313 2143 3359 existens,
2159 3329 2203 3355 ac
2221 3316 2307 3355 Ca·

1307 3370 1479 3427 pitulurn
1496 3371 1696 3423 prandisti,
1723 3383 1766 3415 ut
1782 3372 1833 3424 ,fi
1850 3386 1933 3428 quae
1958 3371 2176 3430 indigentia
2195 3400 2210 3421 ,
2238 3369 2309 3414 vel

1310 3428 1513 3471 neceffitas
1555 3431 1875 3477 extraordinaria
1900 3429 2052 3471 Domui
2077 3430 2311 3483 Capucino-

1309 3501 1398 3531 rum
1426 3487 1648 3543 hujusmodi
1676 3489 1890 3531 obveniret
1914 3515 1929 3538 ,
1959 3486 2041 3536 iis»,
2068 3487 2125 3527 uti
2150 3492 2216 3542 qui
2243 3488 2302 3543 ju-

1309 3547 1416 3602 giter
1429 3547 1635 3601 Cappellae
1652 3546 2074 3602 praedie'taeinserviunt
2090 3574 2104 3595 ,
2130 3542 2308 3599 congrua

1309 3603 1570 3660 eleemosyna
1586 3604 1842 3648 succurratur
1855 3633 1866 3645 .
1886 3607 2040 3646 Domus
2055 3615 2190 3646 autem
2206 3602 2309 3660 ejus-

1311 3661 1403 3704 dem
1421 3662 1650 3716 Marquard-i
1668 3665 1832 3704 Baronis
1845 3689 1860 3710 2
1887 3665 1927 3704 δι
1942 3662 2308 3709 Administratoris,

1310 3733 1428 3775 quam
1442 3731 1533 3762 ant-e
1550 3734 1683 3762 aream
1700 3721 2027 3776 dictae-Cappellae
2051 3733 2166 3762 extra
2180 3721 2307 3762 Clau-

1313 3778 1440 3821 suram
1467 3778 1690 3821 eorundem
1719 3780 2104 3835 FF.Capucinorurr1
2137 3775 2307 3820 aedifica-

1315 3837 1389 3887 vit,
1406 3836 1767 3880 inalienabiliterin
1786 3840 1892 3881 suum
1909 3867 1922 3890 ,
1947 3840 1984 3879 &
2013 3833 2308 3889 uniuscujusque

1653 3897 1688 3936 H
1707 3898 1728 3939 h
2186 3904 2260 3944 pro
