2658 4256
428 261 598 345 172
1115 233 1693 319 Provincia

361 373 525 439 pulum
555 371 687 430 hujus
715 368 875 419 Patriae
900 367 956 418 ad
987 366 1212 436 sequenda
1246 370 1484 430 Majorum
1513 364 1700 415 suorum
1731 362 1951 432 vestigia,
1982 363 2363 430 quic-atholicam
2378 372 2453 422 Fid

362 442 468 490 dem
495 439 750 490 firmiffime
779 440 1201 508 ampleRebantur‚
1232 436 1278 491 3<
1313 441 1430 488 inter
1458 455 1572 504 quos
1591 440 1732 487 etiam
1751 439 1903 486 Sancti
1924 438 2109 485 Patroni
2125 437 2414 493 Wenceslaus
2431 479 2450 503 ‚

359 511 408 563 ὅ(
426 512 708 561 Adelbertus
725 547 742 570 ,
770 529 966 579 quorum
994 510 1065 561 hic
1092 509 1327 577 sepulchra
1345 546 1360 568 ,
1388 508 1436 560 ὅι
1468 514 1626 558 Sacras
1648 510 1878 576 Reliquias
1910 505 2119 575 quotidie
2145 526 2414 566 veneramur
2431 552 2448 575 ,

357 587 637 651 praecipuum
671 584 827 632 locum
859 583 1064 633 obtinent
1081 619 1096 640 ,
1119 581 1233 631 serio
1260 580 1308 631 8(
1331 600 1438 630 cum
1467 578 1669 629 efficacia
1698 582 2026 629 cohortentur.

500 657 628 718 Hinc
647 689 662 711 ,
676 653 791 704 dum
817 671 877 704 ex
894 653 1130 704 commisso
1146 653 1296 702 Nobis
1321 650 1480 702 officio
1496 687 1511 709 ,
1538 653 1703 701 mentis
1722 650 1881 701 nostrae
1899 653 2042 700 aciem
2062 646 2118 698 εὸ
2138 650 2412 706 intendimus
2431 661 2449 715 ,'

355 723 476 775 unde
509 719 748 774 hominum
770 726 974 783 malitia,
1003 735 1106 792 'quae
1142 722 1409 774 calamitoso
1443 725 1530 772 hoc
1564 722 1727 773 saeculo
1765 725 1867 790 plus
1900 719 2097 771 nimium
2131 721 2369 776 invalescit
2401 727 2451 780 ὃς

357 810 585 862 augetur,
613 793 874 846 decrescens
908 799 1049 864 pietas
1076 832 1092 854 ,
1132 796 1314 864 Religio
1335 830 1351 852 ,
1383 795 1634 844 Catholicae
1673 793 1801 843 Fidei
1843 791 2003 843 fervor
2033 828 2048 850 ,
2087 812 2137 842 ac
2176 790 2377 844 studium
2404 799 2451 846 in

356 869 519 916 animis
547 868 785 917 hominum
812 865 1122 923 succrescere,
1153 885 1208 915 ac
1242 863 1422 915 haereses
1447 865 1664 914 radicitus
1684 864 1922 933 exstirpari
1950 862 2120 931 poffint
2137 901 2150 921 ,
2177 865 2295 913 inter
2325 881 2449 916 caete-

359 955 409 987 ra
437 937 612 998 media,
639 957 736 1005 quae
766 939 888 987 adid
912 937 1204 987 efficiendum
1227 936 1376 985 Nobis
1409 951 1661 985 occurrunt
1677 973 1693 995 ,
1718 939 1804 986 hoc
1819 938 1893 987 vel
1921 934 2119 985 maxime
2144 935 2361 987 idoneum
2382 934 2447 988 fo-

356 1026 404 1058 re
424 1010 679 1072 judicamus
699 1045 714 1066 ,
743 1007 776 1058 fi
794 1011 820 1057 a
840 1009 997 1057 Nobis*
1010 1012 1168 1058 Patres
1186 1007 1308 1058 Ord.
1327 1009 1447 1057 Min.
1465 1011 1512 1058 S.
1535 1006 1760 1057 Francisci
1779 1008 2013 1076 Capucini,
2033 1008 2124 1057 huc
2140 1025 2199 1055 ex
2218 1010 2354 1058 Italia
2389 1009 2454 1058 in·

363 1081 596 1137 vitentur,
629 1078 677 1129 δε
706 1079 1050 1146 perducantur3
1080 1079 1135 1128 de
1165 1095 1364 1144 quorum
1393 1079 1654 1148 integritate
1685 1077 1735 1130 ὅ(
1765 1080 2023 1129 innocentia
2047 1080 2154 1128 vitae.
2181 1094 2292 1127 cum
2323 1079 2457 1129 mini·

356 1148 434 1200 me
460 1150 633 1218 ambigi
666 1148 804 1199 soleat
826 1187 841 1208 ,
872 1167 981 1198 cum
1010 1152 1096 1197 hoc
1128 1148 1248 1215 apud
1267 1165 1429 1197 omnes
1459 1165 1636 1199 certum
1664 1165 1709 1198 et
1740 1163 2064 1216 compertum,
2101 1146 2317 1207 eosdem,
2359 1149 2454 1199 ubi-

360 1239 537 1286 cunque
560 1235 800 1270 morantur
818 1256 834 1278 ,
859 1238 908 1266 ea
928 1218 1133 1286 praestare
1164 1219 1393 1268 charitatis
1432 1217 1480 1270 <St
1507 1221 1687 1286 pietatis
1713 1218 1866 1267 officia
1887 1254 1902 1276 ‚
1931 1219 2095 1286 quibus
2128 1220 2329 1269 Ecclefia
2362 1223 2452 1270 Dei

357 1292 616 1360 plurimum
639 1296 857 1352 juvatur,
885 1287 934 1338 <Sc
962 1304 1127 1358 magna
1145 1289 1371 1338 bonorum
1401 1290 1640 1348 hominum
1671 1291 1755 1357 piis
1775 1288 2204 1348 cohortationibus,
2235 1288 2284 1340 δε
2302 1309 2449 1340 exem·

359 1364 448 1428 plis
477 1361 531 1409 ab
560 1359 717 1407 iisdem
743 1358 1047 1408 adduffiwrum
1073 1358 1170 1408 fieri
1193 1357 1307 1408 solet
1332 1359 1524 1409 acceffio
1547 1397 1558 1408 .
1589 1362 1839 1427 Cupientes
1864 1359 2054 1428 proinde
2074 1360 2151 1416 id,
2183 1361 2304 1426 quod
2324 1361 2448 1429 apud

356 1435 460 1480 Nos
486 1430 836 1479 deliberavimus
869 1465 885 1487 ,
922 1431 967 1477 in
999 1428 1213 1478 effestum
1238 1433 1477 1496 pervenire
1504 1467 1520 1488 ‚
1558 1429 1607 1483 ὃς
1633 1446 1874 1498 paternum
1910 1446 2018 1501 erga
2048 1428 2230 1480 eosdem
2267 1435 2448 1501 Fratres

355 1504 558 1551 animum
590 1500 848 1558 declarare,
888 1501 1207 1550 Reverendam
1236 1503 1559 1550 Paternitatem
1583 1500 1780 1550 vestram
1812 1500 1940 1551 enixe
1970 1516 2181 1571 rogatam
2208 1503 2447 1563 volumus,

356 1587 408 1622 ut
442 1569 514 1621 sex
549 1573 621 1621 vel
650 1573 851 1638 quinque
883 1570 1097 1621 Personas
1128 1571 1184 1620 de
1222 1589 1412 1620 numero
1444 1570 1508 1620 sui
1542 1573 1733 1621 Ordinis
1763 1576 1978 1622 Fratrum
2011 1573 2245 1642 deligere,
2281 1573 2448 1641 eosque

360 1642 418 1692 ad
451 1647 550 1692 Nos
582 1646 777 1709 Pragam
796 1678 811 1699 ,
842 1657 893 1692 ut
921 1641 1059 1691 iidem
1095 1661 1179 1709 pro
1212 1641 1416 1691 concesso
1434 1641 1514 1691 fibi
1535 1645 1709 1693 talento
1741 1641 1942 1693 frustum
1974 1645 2018 1691 in
2039 1645 2258 1693 Bohemia
2278 1641 2445 1696 faciant

353 1713 402 1764 ὅ(
427 1716 623 1772 animas,
644 1715 965 1772 haereticorum
994 1710 1153 1762 fraude
1184 1712 1388 1762 seductas
1408 1748 1422 1771 ‚
1439 1717 1540 1762 Deo
1559 1716 1793 1764 lucrentur
1818 1751 1834 1773 ‚
1871 1714 2081 1783 ablegare
2118 1716 2258 1765 velit:
2297 1733 2444 1782 nam„

351 1789 499 1835 Sacrae
537 1787 674 1833 etiam
707 1781 922 1834 Caesareae
941 1784 1192 1848 MajestatIS
1210 1820 1224 1842 ,
1261 1782 1341 1833 sub
1363 1788 1490 1846 cujus
1526 1785 1810 1851 proteciione
1835 1784 1939 1852 ipsis
1969 1785 2221 1835 vivendum
2246 1788 2358 1843 erit,
2385 1786 2445 1837 ad

358 1855 405 1905 id
436 1853 698 1903 consensum
722 1859 817 1918 jam
847 1855 1161 1914 obtinuimuS,
1192 1856 1240 1906 ὅ(
1270 1854 1471 1918 ejusdem
1491 1855 1737 1919 Majestatis
1757 1853 2124 1926 benigniffimam
2153 1857 2445 1907 voluntatem

356 1924 696 1976 &desiderium
718 1962 732 1983 ,
770 1941 819 1975 ut
851 1926 994 1976 iidem
1034 1930 1215 1976 Fratres
1250 1927 1338 1975 huc
1374 1927 1617 1976 mittantur
1642 1964 1658 1986 ,
1695 1928 2038 1995 perspeximus.
2076 1927 2207 1976 Alias
2246 1925 2350 1994 ipsis
2386 1927 2445 1978 de

351 1997 630 2046 habitatione
657 1996 907 2046 commoda
923 2034 939 2056 ,
976 2016 1114 2065 quam
1150 1999 1238 2048 una
1257 2015 1364 2046 cum
1396 2000 1602 2064 Templo
1621 1998 1668 2050 ὅ(
1692 1999 1830 2048 horto
1841 2004 1936 2063 jam
1962 1995 2299 2067 designavimus
2317 2033 2334 2055 ,
2360 2016 2443 2049 cae-

288 2065 291 2068 Δ
351 2066 549 2135 terisque
579 2069 787 2118 omnibus
832 2067 1083 2118 neceffariis
1121 2071 1377 2138 opportune
1419 2067 1749 2135 prospicietur.
1790 2074 1918 2120 Cum
1951 2070 2089 2117 etiam
2128 2070 2443 2137 intelligamus

350 2140 527 2205 aliquos
560 2141 676 2187 inter
701 2137 885 2189 eosdem
915 2138 1031 2198 effe,
1068 2143 1144 2206 qui
1172 2141 1500 2191 Germanicam
1530 2141 1737 2208 linguam
1768 2142 1813 2189 in
1845 2138 1927 2191 usu
1956 2139 2149 2188 habeant
2170 2176 2185 2197 ,
2221 2142 2331 2188 tales
2352 2143 2435 2189 Pa·

351 2211 537 2258 ter-nitas
560 2207 724 2260 Vestra
754 2211 843 2260 huc
874 2209 1134 2270 ordinabit,
1161 2213 1237 2279 qui
1267 2209 1530 2279 germanice
1560 2213 1854 2272 concionari,
1887 2229 1990 2260 cum
2018 2210 2280 2260 hominibus
2303 2212 2432 2280 loqui

351 2277 399 2329 ὅ(
428 2280 622 2329 ῑῑειξὶετε
648 2280 841 2348 poffint.
2211 2318 2214 2321 Δ

485 2349 690 2415 Quod'fi
718 2353 808 2401 haec
830 2350 983 2415 justa,
1015 2351 1064 2404 ὅ(
1095 2350 1192 2403 solo
1211 2353 1297 2402 Dei
1330 2352 1528 2422 gloriam
1557 2349 1839 2419 propagandi
1868 2349 2019 2399 studio
2056 2349 2260 2417 profeEta
2288 2353 2439 2419 requi-

351 2418 452 2468 fitio
476 2419 628 2469 nostra
653 2422 809 2470 locum
836 2422 957 2488 apud
978 2426 1304 2474 Paternitatem
1323 2421 1535 2474 Vestram
1566 2425 1821 2479 invenerit,
1859 2437 1998 2489 prout
2032 2419 2219 2470 minime
2256 2422 2438 2472 dubita-

349 2507 453 2539 mus
469 2526 483 2547 ,
520 2492 687 2556 poterit
717 2491 873 2540 eadem
893 2494 1041 2542 Nobis
1073 2493 1315 2543 rescribere
1333 2530 1344 2541 .
1372 2495 1466 2559 Qi
1489 2496 1669 2549 Patra,
1685 2489 1980 2559 posteaquam
2007 2495 2216 2541 venerint
2235 2527 2250 2550 ,
2280 2493 2435 2542 Nobis

351 2575 485 2610 erunt
510 2560 747 2629 gratiffimi
767 2560 814 2611 ὅ(
841 2563 1133 2631 acceptiffimi
1152 2599 1166 2620 ,
1190 2578 1466 2631 paternoque
1490 2580 1646 2612 amore
1665 2560 1823 2613 nostro
1846 2565 1911 2613 ita
1934 2561 2210 2612 fovebuntur
2225 2599 2241 2622 ,
2277 2582 2331 2611 ac
2358 2581 2435 2612 eo-

349 2630 539 2679 rundem
572 2649 814 2680 numerum
837 2637 936 2681 Deo
964 2636 1147 2684 volente
1172 2634 1302 2684 brevi
1332 2634 1469 2684 etiam
1497 2635 1570 2683 hic
1606 2632 1875 2702 augebimus
1895 2670 1911 2692 ,
1940 2636 2042 2682 Nos
2073 2632 2212 2701 ipfius
2242 2633 2430 2684 devotis

350 2702 657 2751 Orationibus
680 2702 1053 2754 commendantes
1070 2740 1083 2753 .
1121 2707 1278 2776 Pragae
1313 2724 1389 2755 10.
1410 2703 1641 2755 Februarii
1675 2709 1815 2753 Anno
1841 2722 1991 2768 1597.

1258 2850 1582 2951 Zbigneus
1600 2863 1664 2926 A
1670 2851 1887 2947 rehiep.
1904 2861 2252 2951 Pragerfis.

486 3039 632 3109 thue
663 3041 795 3106 hujus
823 3047 1044 3109 petitionis
1077 3044 1245 3114 ffc‘lus
1270 3045 1427 3096 certihs
1444 3048 1758 3118 fiabsbqueretur
1776 3084 1791 3106 ,
1822 3047 1955 3115 ffCia
1992 3045 2134 3098 IlluH.
2173 3046 2296 3098 DD.
2329 3047 2437 3099 Carss

346 3111 548 3161 dinalium
576 3112 811 3170 Camerini,
848 3122 900 3164 ἐφ’
914 3117 1164 3167 Paravicini
1177 3153 1193 3176 ,
1229 3117 1415 3168 Litteris
1419 3119 1760 3189 fiabsequentibus
1777 3120 2107 3185 interpellavit:
2145 3138 2311 3189 quorum
2342 3124 2433 3188 pri·

345 3200 418 3233 mae
441 3184 500 3232 ad
515 3187 694 3249 primum
721 3184 859 3243 datae,
894 3190 957 3236 ita
967 3188 1197 3254 fimabant.

542 3343 548 3349 ’
583 3352 972 3422 Illustriffime
1007 3358 1066 3421 δεῖ
1099 3358 1629 3426 Reverendiffime
1667 3363 1853 3426 Dom.
1887 3360 2198 3424 Domine.

484 3537 578 3588 Etfi
608 3543 836 3590 Dominus
853 3544 1105 3593 Fenzonius
1121 3581 1137 3603 ,
1171 3547 1348 3613 quoties
1373 3548 1484 3598 mihi
1513 3547 1665 3598 scribit
1682 3583 1705 3605 ,.
1728 3563 1818 3596 non
1848 3547 2119 3597 intermittat
2145 3542 2201 3594 de
2228 3544 2426 3596 candido

349 3607 661 3660 Illustriffimae
703 3611 751 3663 <Sc
782 3614 1178 3665 Reverendiffirnae
1210 3619 1552 3670 Dominationis
1582 3616 1754 3669 Vestrae
1790 3633 1899 3686 erga
1930 3635 2003 3666 me
2050 3619 2205 3666 animo
2247 3613 2428 3667 facere-2

340 3681 620 3733 mentionem
646 3718 662 3739 ,
693 3698 846 3733 tamen
873 3686 958 3734 hoc
974 3684 1123 3754 ipsum
1152 3703 1392 3759 pergatum
1410 3692 1603 3741 omnino
1622 3686 1788 3758 perse,
1826 3691 1964 3739 etiam
1992 3686 2144 3738 multo
2156 3687 2331 3757 gratius
2351 3706 2428 3738 ac-

339 3750 490 3799 cidere
520 3750 634 3801 solet
666 3788 681 3810 ,
719 3754 753 3803 fi
780 3757 974 3823 propriis
1009 3758 1319 3810 lllustriffimae
1363 3780 1415 3810 ac
1451 3758 1848 3814 Reverendiffimae
1880 3754 2220 3810 Dominationis
2256 3758 2428 3811 Vestrae

339 3822 482 3871 literis
513 3822 570 3872 ad
598 3841 671 3873 me
703 3823 988 3899 perferatur,
1019 3847 1129 3900 quas
1163 3849 1270 3884 cum
1304 3849 1448 3902 nuper
1476 3851 1532 3903 ²²5
1560 3834 1778 3887 Comitiis
1807 3831 2070 3902 Principum
2105 3828 2153 3883 δε
2187 3830 2426 3941 Ordipum

2269 3899 2310 3945 Si
2331 3913 2375 3953 e:
