2658 4256
386 306 552 347 Annulo
582 302 794 345 Pista'toris
820 304 926 344 sexta
944 300 1037 344 Idus
1053 301 1230 357 Janunrii
1256 315 1392 345 Mncx.

386 360 648 406 Pontificatus
674 361 791 403 nostri
807 363 931 404 Anno
945 363 1088 417 quinto
1104 389 1116 403 .

947 479 1092 520 Petrus
1107 479 1272 520 Stroza.
1339 511 1350 520 .

444 600 589 650 Autog.
604 595 646 636 in
662 594 835 638 Archivo
853 597 1035 637 Vaticano
1050 598 1200 636 Secreto
1213 621 1227 644 ‚
1243 591 1393 648 Regu-sto

501 658 683 697 Brevium
711 653 761 695 ad
776 655 980 709 Principes
1008 653 1113 710 φξβ.
1128 652 1277 695 anniv.
1297 656 1391 696 Pon-

497 710 569 768 tis.
587 714 683 765 264.

385 846 1391 864 ————-—————-

383 947 545 1000 Eidem
563 947 748 998 Senatui
774 946 834 994 ob
855 943 1208 996 controversiam
1230 948 1390 995 Mona·

453 1018 573 1067 sterii
603 1015 737 1065 nostri
757 1026 900 1077 1613.
919 1018 1207 1065 terminatam
1222 1051 1238 1073 ‚
1267 1016 1314 1067 ὅ(
1331 1016 1389 1065 ob

402 1145 405 1153 ¹
453 1085 708 1137 concessum
734 1085 936 1136 Ecclefiae
966 1090 1020 1135 Β.
1037 1091 1098 1136 V.
1115 1087 1275 1135 Mariae
1305 1088 1386 1136 Al·

403 1162 405 1164 ’
452 1173 547 1207 tare
577 1157 916 1225 privilegiatum
941 1171 1210 1223 perpetuum
1235 1171 1385 1224 grates

378 1268 380 1270 ,
452 1223 952 1283 referenti,constantes
981 1222 1228 1275 Pontificiae
1263 1228 1389 1277 bene-
1448 1274 1451 1277 ,

451 1299 658 1346 volentiae
685 1293 829 1342 sensus
848 1294 1041 1361 explicat
1053 1330 1068 1352 ,
1084 1294 1261 1363 ejusque
1287 1314 1388 1347 con·

448 1365 561 1414 stans
578 1379 684 1430 erga
698 1361 1176 1431 SedemApostolicam
1190 1367 1387 1419 studium

452 1433 657 1484 laudibus
674 1447 804 1481 ornat
819 1468 832 1481 .

380 1574 418 1620 A
438 1580 579 1627 tergo:
613 1569 776 1614 Dileffls
794 1571 931 1618 Finis,
951 1571 1135 1628 Considi,
1164 1573 1210 1623 a&
1227 1578 1388 1617 senatui

508 1628 740 1686 Reipublicae
769 1627 960 1683 friburgi
993 1631 1254 1688 Ecelafiasticae

620 1686 815 1729 libertatis
837 1687 1111 1746 chfenfiribus
1125 1718 1137 1730 .

380 1805 875 1861 PAULUS
964 1808 1238 1858 PAPA
1318 1812 1379 1860 V.

467 1932 613 1978 nilo-He·
636 1930 920 1986 Filii-salutem
935 1960 949 1982 ‚
972 1933 1025 1982 ὠ·
1046 1932 1298 1990 Apostolicam

724 1989 1040 2040 Benediffioncm.

377 2130 381 2134 ·
520 2107 613 2150 Uod
650 2107 690 2149 in
723 2107 1061 2150 determinatione
1105 2113 1384 2154 controverfiae

375 2108 501 2255 Q
531 2164 737 2207 occafione
764 2167 858 2207 novi
875 2166 1102 2209 Monasterii
1116 2168 1277 2211 Ordinis
1302 2174 1385 2213 Ca-

513 2223 743 2278 pucinorum
759 2224 862 2277 apud
881 2226 962 2266 Vos
975 2227 1185 2280 erigendi,
1196 2229 1236 2270 &
1248 2242 1296 2270 ex
1312 2230 1384 2271 be-

378 2280 577 2335 nignitate
589 2309 602 2331 ,
627 2295 702 2335 qua
721 2282 847 2323 Vobis
861 2283 1119 2326 conceffimus
1135 2288 1277 2328 Altare
1294 2288 1383 2328 Pri·

379 2339 612 2393 vilegiatum
630 2340 709 2380 istic
731 2340 771 2380 in
787 2340 963 2381 Ecclefia
978 2345 1267 2398 Conceptionis
1283 2348 1382 2388 Bea-

379 2405 427 2438 tae
442 2397 574 2438 Mariae
589 2396 763 2451 Virginis
790 2411 860 2450 pro
884 2399 1160 2444 celebratione
1181 2402 1383 2446 Miffarum

380 2455 427 2496 ad
449 2455 736 2509 impetrandam
752 2456 775 2497 a
796 2457 883 2496 Deo
899 2459 1116 2500 Animabus
1132 2461 1382 2504 Christifide·

381 2512 483 2554 lium
497 2540 511 2562 ,
543 2512 611 2567 qui
626 2513 661 2552 in
676 2512 872 2554 charitate
897 2515 1073 2557 obierint
1086 2542 1100 2564 2
1125 2529 1382 2571 peccatorum

377 2572 540 2612 suorum
559 2569 1122 2627 ludulgentian1‚agn0veritis
1137 2576 1383 2630 peculiarem

378 2628 615 2670 charitatem
633 2656 644 2678 ,
667 2642 741 2681 qua
758 2628 838 2669 Vos
851 2630 889 2669 in
908 2633 1081 2672 Domino
1093 2635 1381 2690 prosequimur,

375 2696 419 2728 ut
437 2686 605 2727 scribitis
621 2685 698 2726 :de
713 2687 852 2740 quibus
868 2689 995 2730 Nobis
1012 2700 1119 2731 tanta
1136 2707 1226 2733 cum
1242 2694 1380 2749 signifi.

375 2744 534 2785 catione
564 2743 680 2785 vestri
710 2745 747 2785 in
764 2748 846 2787 Nos
864 2746 1041 2802 obsequii
1057 2751 1204 2803 gratias
1219 2754 1349 2807 egistis
1365 2783 1378 2805 ,

378 2801 466 2843 sane
482 2801 607 2842 Nobis
627 2800 742 2841 valde
757 2814 914 2854 gratum
931 2804 1005 2846 fuit
1024 2834 1035 2856 ‚
1064 2809 1103 2849 &
1117 2823 1209 2851 cum
1237 2810 1377 2864 jucun·

376 2860 503 2900 ditate
528 2858 692 2912 legimus
717 2857 899 2911 litteras,
929 2863 1071 2917 quibus
1101 2867 1176 2908 hoc
1200 2869 1378 2912 officium

374 2916 508 2960 filialis
535 2916 818 2964 observantiae,
841 2932 886 2959 ac
914 2921 1073 2972 pietatis
1099 2926 1233 2967 vestrae
1247 2930 1375 2972 Nobis

375 2974 625 3030 praestitistis3
654 2974 763 3015 ficuti
792 2977 1040 3029 perlibenter
1065 2995 1230 3037 quoque
1256 2985 1376 3028 intel-

375 3034 575 3083 ¹leximus,
607 3033 887 3076 venerabilem
904 3038 1086 3080 Fratrem
1115 3041 1344 3084 Ladislaum
1359 3072 1374 3095 ‚

377 3095 614 3146 Episcopum
638 3089 903 3134 venafranum
919 3123 931 3145 ‚
956 3095 1054 3138 olim
1078 3100 1182 3153 apud
1205 3103 1284 3143 Vos
1297 3116 1375 3144 no-

380 3152 498 3192 strum
512 3149 782 3204 Apostolicum
799 3154 1060 3202 Nuncium‚in
1077 3158 1274 3210 omnibus,
1291 3173 1374 3215 quae

375 3209 422 3249 ad
438 3208 519 3262 ejus
539 3208 794 3262 pertinebant
810 3224 949 3253 munus
965 3240 977 3261 ‚
998 3212 1243 3258 satisfeciffe.
1268 3219 1374 3260 Dili-

374 3267 589 3321 gimusVos
605 3267 692 3308 Filii
709 3267 916 3320 plurimum
932 3271 984 3311 ob
1003 3273 1137 3315 zelum
1150 3276 1372 3319 Catholicae

374 3325 627 3380 Religionis,
652 3333 771 3379 atque
797 3326 965 3370 studium
983 3357 995 3379 ‚
1021 3333 1129 3387 quod
1155 3332 1374 3388 profitemi-

376 3383 413 3425 ni
428 3410 442 3432 ‚
466 3385 576 3437 hujus
592 3386 738 3425 Sanetae
755 3385 994 3439 Apostolicae
1008 3390 1142 3440 Sedis,
1158 3407 1202 3434 ac
1219 3392 1371 3447 semper

372 3455 422 3484 ex
437 3442 566 3483 animo
581 3443 839 3496 gaudebimus
853 3472 865 3494 ‚
879 3447 1039 3499 quoties
1054 3448 1091 3490 se
1109 3451 1235 3493 Nobis
1249 3455 1371 3495 obtu-

374 3500 468 3541 lerit
482 3503 752 3554 opportunitas
765 3501 888 3544 dandi
907 3506 1029 3548 Vobis
1053 3521 1155 3550 nova
1180 3511 1282 3564 ligna
1301 3526 1371 3566 pa·

378 3569 496 3600 ternae
520 3559 649 3600 nostrae
673 3560 894 3602 dileetionis
917 3591 928 3603 .
961 3565 1133 3608 Interim
1158 3582 1247 3609 cum
1268 3570 1375 3611 omni

373 3617 577 3658 charitatis
593 3618 728 3659 affeetu
742 3619 1061 3664 Benedictionem
1076 3626 1247 3668 nostram
1265 3631 1376 3683 Apo-

371 3675 546 3718 stolicam
565 3678 687 3718 Vobis
705 3690 957 3731 peramanter
971 3681 1245 3737 impartimur.

363 3757 366 3761 ›
428 3736 580 3776 Datum
605 3737 741 3778 Romae
773 3738 877 3793 apud
902 3742 1083 3784 Sanctum
1112 3745 1275 3790 Petrum
1301 3743 1374 3788 sub

1147 169 1729 256 Provincia

1451 297 1617 342 Annulo
1655 294 1868 339 piscatoris
1901 309 1926 337 x
1942 308 1965 336 v
1986 308 2018 338 1-
2055 299 2255 345 Kalendas
2287 306 2464 349 Decem-

1453 359 1535 400 bris
1550 367 1693 398 mocxt
1706 370 1719 398 1
1735 369 1767 397 1.
1782 353 2042 399 Pontificatus
2057 359 2176 402 nostri
2195 363 2318 406 Anno
2335 379 2456 407 nono.

1995 458 2143 537 Petrus
2166 480 2311 523 Stroza
2329 509 2341 522 .

1507 594 1652 646 Autog.
1665 593 1706 631 in
1711 587 1833 630 Archi
1836 600 1879 629 vo
1898 590 2078 631 Vaticano
2091 593 2232 655 §eoo-et.
2245 599 2460 652 ReguBrev.

1562 650 1628 751 525
1645 648 1853 760 {gp-cipes
1881 647 1988 704 epist.
2013 660 2108 690 anm
2135 655 2226 693 non}
2254 656 2460 712 Pontifica-

1448 845 1797 860 ——1—

2346 850 2457 868 —

1536 941 1964 987 PONTIFICIO
2006 943 2408 993 0RACULO.,

1448 1058 1693 1110 Ecclesiam
1722 1063 1774 1109 Β.
1793 1065 1854 1111 V.
1884 1062 2045 1112 Mariae
2074 1063 2120 1110 in
2147 1059 2462 1116 Werdenstein

1517 1131 1751 1181 Fratribus
1777 1131 1936 1181 nostris
1955 1132 2080 1189 dari,
2106 1129 2156 1183 δι·
2180 1132 2235 1181 ab
2260 1133 2326 1181 his
2343 1150 2463 1182 acce-

1517 1204 1667 1267 ptari,
1690 1215 1843 1252 ratum
1867 1201 2018 1253 haberi
2043 1203 2229 1252 Senatui
2247 1205 2460 1255 Lucernae

1516 1270 1777 1323 rescribitur
1789 1307 1802 1321 .

1446 1410 1484 1451 A
1512 1417 1661 1467 tergo:
1698 1413 1815 1454 Pcrt'l.
1842 1415 1940 1454 DD.
1968 1413 2138 1455 sculteto
2157 1438 2173 1460 ³
2210 1411 2264 1460 ὰ
2291 1410 2456 1456 senatu‘i

1599 1471 1784 1514 civitatis
1805 1474 1990 1514 Lucerna·
2006 1471 2158 1515 Helvct.
2184 1470 2300 1513 Cath-

1726 1586 1968 1640 Perillustrcs
2000 1589 2163 1629 Domini
2177 1615 2189 1627 .

1565 1703 1603 1744 U
1617 1703 1661 1743 M
1692 1701 1840 1745 Vestrae
1856 1703 2165 1747 nominationes
2188 1699 2250 1744 sua
2265 1702 2363 1743 mihi
2391 1703 2456 1760 pia

1579 1759 1736 1802 consilia
1753 1761 2039 1803 commendant
2055 1788 2069 1811 ‚
2087 1758 2232 1801 libenti
2249 1762 2384 1802 animo
2397 1761 2456 1804 fe.

1444 1830 1519 1862 τ’),
1547 1828 1590 1860 ut
1617 1819 1798 1872 pluribus
1825 1834 1982 1863 mecum
2007 1827 2126 1873 agant
2142 1845 2155 1868 ,
2178 1820 2296 1873 quam
2309 1833 2398 1864 mea
2415 1820 2455 1863 in

1446 1876 1530 1916 Vos
1544 1875 1824 1919 benevolentia
1841 1875 2240 1933 requirinsiquidem'
2252 1879 2351 1920 mihi
2367 1893 2453 1934 gra.

1445 1932 1628 1975 tiffimum
1651 1935 1707 1977 est
1733 1937 1875 1988 pietati
1898 1940 1991 1979 DD.
2008 1936 2242 1978 Vestrarum
2258 1936 2300 1979 id
2318 1948 2453 1981 totum

1445 1994 1674 2036 concedere
1690 2023 1704 2046 ‚
1719 1995 1826 2050 quod
1844 1994 1938 2038 facit
1952 1995 2000 2038 ad
2019 1994 2211 2051 majorem
2227 1994 2332 2037 illius
2346 2010 2454 2038 com-

1443 2051 1766 2095 mendationem.
1800 2055 1875 2107 Egi
1899 2068 1989 2096 cum
2013 2052 2256 2096 Sanstiffimo
2271 2056 2450 2097 Domino

1443 2108 1578 2151 nostro
1607 2111 1658 2153 de
1688 2113 1871 2154 Patribus
1899 2112 2115 2166 Capucinis
2145 2113 2362 2156 evocandis
2399 2112 2453 2156 ad

1443 2167 1662 2214 Ecclesiam
1681 2171 1786 2213 B.M.
1803 2171 1975 2227 Virginis
1988 2170 2351 2215 Werdenstenianae
2365 2201 2376 2213 .
2396 2173 2453 2215 Et

1444 2225 1543 2268 ficut
1559 2230 1645 2269 Suae
1660 2229 1867 2271 sanctitati
1896 2238 2010 2284 grata
2039 2227 2113 2270 fuit
2130 2228 2291 2282 Religio
2322 2229 2451 2273 vestra

1442 2284 1479 2326 in
1494 2298 1540 2326 ea
1556 2286 1732 2328 Ecclesia
1747 2288 1970 2341 reparanda
1987 2314 2000 2336 ‚
2034 2288 2086 2328 ita
2101 2286 2360 2341 gratiffimum
2372 2316 2388 2338 ,
2404 2296 2451 2330 ut

1442 2344 1466 2386 ὲ
1483 2344 1631 2385 Vestris
1648 2345 1994 2388 Dominationibus
2018 2344 2159 2388 eadem
2174 2344 2347 2388 colenda
2363 2349 2451 2388 Re·

1444 2400 1684 2456 ligiofiffimae
1707 2404 1881 2446 Familiae
1897 2403 2082 2447 tradatur
2095 2431 2107 2444 .
2122 2406 2250 2458 Spero
2268 2402 2356 2448 fore
2368 2433 2383 2456 ,
2401 2413 2447 2446 ut

1446 2460 1521 2500 hoc
1547 2459 1672 2514 ipsum
1689 2463 1852 2516 pietatis
1873 2465 1965 2505 DD.
1983 2462 2215 2504 Vestrarum
2242 2460 2446 2518 specimen

1444 2517 1537 2558 satis
1564 2519 1744 2561 futurum
1770 2521 1813 2561 fit
1842 2522 1890 2564 ad
1918 2535 1985 2563 eos
2013 2519 2249 2562 alliciendos
2272 2551 2285 2562 .
2313 2524 2451 2564 Catte-

1443 2575 1538 2625 rum
1554 2581 1634 2620 Sua
1648 2581 1844 2622 SanZiitas
1859 2574 2117 2622 Procuratori
2132 2579 2324 2622 Generali
2349 2577 2452 2636 ejus-

1442 2634 1536 2675 dem
1563 2636 1734 2679 Familiae
1763 2639 1956 2680 mandare
1988 2651 2066 2679 non
2094 2636 2339 2690 praetermifit
2357 2666 2371 2691 ,
2401 2646 2449 2679 ut

1439 2694 1648 2735 devotioni
1661 2697 1721 2737 rei
1738 2697 1868 2738 vestrae
1884 2697 2047 2751 publicae
2070 2696 2310 2750 obst-quatur
2331 2723 2345 2745 a
2376 2694 2447 2737 nifi

1439 2764 1560 2804 grave
1574 2752 1737 2807 aliquod
1756 2755 2051 2798 incommodum
2067 2754 2167 2796 obfit
2183 2785 2192 2793 .
2215 2753 2336 2811 Qod
2352 2768 2446 2797 cum

1439 2808 1557 2852 fufius
1590 2812 1813 2855 Helveticae
1836 2813 2035 2856 Custodiae
2065 2812 2327 2866 CapitaneuS,
2350 2815 2448 2854 DD.

1438 2868 1587 2910 Vestris
1617 2872 1919 2913 renuntiaturus
1947 2873 1991 2911 fit
2007 2900 2021 2919 ,
2043 2883 2119 2923 ego
2150 2870 2228 2911 illis
2245 2884 2404 2912 omnem
2422 2871 2444 2911 ἑ

1436 2927 1527 2967 Deo
1540 2925 1779 2969 felicitatem
1797 2943 1920 2970 exoro
1935 2958 1947 2979 ‚
1962 2931 1998 2969 St
2016 2942 2142 2969 meam
2159 2940 2333 2980 paratam
2346 2924 2443 2984 op'e-

1436 2996 1520 3026 ram
1547 2985 1688 3029 desero
1710 3017 1721 3028 .
1753 2986 2070 3042 Romae12.Julii
2092 2986 2209 3044 1614.

1579 3101 1704 3144 Perii.
1731 3105 1826 3146 DD.
1850 3101 2093 3145 Vestrarum.

1880 3218 1908 3256 S
1910 3216 2132 3267 tudiofifflmus

1710 3267 1847 3335 Scipio
1872 3268 2000 3318 Card.
2033 3267 2305 3336 Burgbefius.'

1492 3389 1554 3429 Ex
1573 3385 1707 3440 regest.
1724 3388 1826 3444 epist.
1847 3386 1895 3430 ad
1922 3385 2126 3440 Principes
2141 3413 2155 3437 ‚
2179 3385 2263 3437 &c-
2294 3383 2343 3427 ab
2361 3399 2436 3427 an-

1543 3459 1590 3486 no
1612 3446 1728 3501 1609.
1746 3448 1800 3488 ad
1818 3447 1866 3488 16
1877 3458 1934 3499 ¹4·
1947 3446 2147 3503 rcstrv.1‘n
2165 3443 2436 3501 Aah-ficret.

1558 3506 1675 3548 Vane.
1692 3504 1774 3563 fol.
1790 3507 1890 3558 584.
1952 3531 1954 3534 -

1736 3612 2149 3677 NOTA.

1432 3704 1505 3793 E
1521 3751 1747 3791 Xecutionem
1778 3752 1887 3799 gratia
1913 3762 1980 3791 non
2005 3752 2147 3790 habuit.

2251 3802 2383 3844 PON-
