2658 4256
369 348 443 401 fiae
461 388 478 411 ‚
516 351 774 418 Cappellae,
799 352 1045 420 Collegia2
1078 351 1293 418 Capitula
1312 385 1328 408 ,
1361 352 1434 398 vel
1468 349 1742 399 Monasteria
1762 385 1774 398 .
1814 347 2067 398 Humiliter
2099 365 2209 419 ergo
2241 350 2264 398 ὲ
2300 347 2429 398 dietis

372 420 617 490 Religiofis
643 421 792 490 rogati
810 456 824 480 .
853 436 904 472 ut
929 422 1275 491 dignemurillis
1299 421 1543 469 concedere
1559 435 1760 488 patentes
1782 419 1952 467 Literas
1980 419 2041 465 rei
2067 421 2301 487 proposita?
2327 437 2433 467 con.

367 494 629 540 venientes:
670 493 850 541 Notum
879 490 1071 542 facimus
1082 527 1098 549 ,
1129 489 1253 558 quod
1279 490 1340 538 ob
1366 491 1457 539 haec
1474 526 1490 548 ,
1520 509 1615 557 quae
1642 491 1760 540 dista
1791 486 1924 545 sunt,
1954 486 2198 555 praesertim
2229 489 2341 539 vero
2371 489 2429 538 ob

366 577 593 630 magnum
618 562 942 613 incrementum
962 599 978 620 ,
1010 561 1132 630 quod
1164 563 1229 611 illi
1261 560 1370 609 bene
1399 561 1596 610 vivendo
1615 597 1631 619 ,
1660 580 1712 609 ac
1739 558 1810 627 pie
1842 556 2432 627 religioseque‘conversan-

364 629 461 690 do,
487 627 679 680 afferunt
708 633 792 680 Dei
823 631 1005 682 servitio
1025 667 1040 690 ,
1069 650 1120 680 ac
1148 631 1270 680 bono
1302 629 1517 698 publico,
1557 631 1603 682 ὅ(
1633 630 1692 679 ob
1724 632 1830 679 alias
1859 626 2010 677 causas
2038 627 2095 677 ad
2118 625 2175 677 'id
2216 647 2294 679 nos
2328 649 2431 681 mo·

362 714 521 750 ventes
539 735 555 757 ‚
588 702 826 751 annuimus
853 701 1168 752 favorabiliter
1198 718 1359 750 eorum
1395 698 1709 768 supplicationi
1732 737 1746 759 ,
1784 698 1831 750 ὅ(
1859 717 1913 748 ex
1945 713 2067 747 certa
2096 695 2309 757 scientia,
2339 703 2428 767 ple-

361 769 570 818 nitudine
598 769 827 836 potestatis
850 808 864 830 ,
899 772 946 823 ὅτ
972 775 1118 843 gratia
1147 771 1323 840 speciali
1355 771 1656 838 approbamus
1676 807 1690 829 ,
1725 770 1771 820 ὅ(
1801 787 1881 837 per
1908 767 2140 836 praesentes
2171 770 2342 818 Literas
2367 788 2431 819 ra·

360 852 456 887 tam
489 839 704 890 habemus
738 843 1012 892 erediionem
1043 841 1429 892 Monasteriorum
1449 877 1464 899 ‚
1495 859 1593 907 quae
1622 843 1647 890 ὲ
1678 841 1906 890 Fratribus
1936 841 2183 907 Capucinis
2217 839 2432 889 hastenus

358 906 465 958 sunt
492 912 687 960 excitata
716 913 759 959 in
791 911 909 961 hisce
939 912 1097 962 nostris
1130 914 1323 980 Belgicis
1357 911 1619 961 Ditionibus
1640 948 1654 970 ,
1684 926 1815 978 atque
1841 912 1976 959 etiam
2010 911 2221 978 ampliori
2258 924 2433 959 utentes

357 975 518 1029 favore
553 982 843 1031 concedimus
863 1018 877 1040 ,
921 998 971 1033 ut
1004 984 1140 1032 iidem
1176 981 1339 1049 poffint
1374 999 1491 1030 nunc
1513 1018 1526 1039 ,
1565 981 1611 1032 ὅ(
1641 982 1847 1047 deinceps
1878 983 2050 1050 erigere
2077 1016 2092 1038 ,
2130 978 2177 1031 ὅ(
2210 978 2431 1029 fundare„

357 1050 449 1099 alia
480 1050 754 1100 Monasteria
776 1088 791 1108 ‚
829 1055 871 1100 in
900 1055 1000 1102 aliis
1030 1053 1309 1121 quibuslibet
1343 1053 1621 1101 Civitatibus
1641 1089 1655 1111 ‚
1690 1051 1927 1109 Urbibus„
1958 1051 2004 1103 ὅ(
2040 1052 2171 1100 Locis
2200 1050 2431 1100 dietarum

355 1119 611 1170 nostrarum
645 1124 886 1172 Ditionum
914 1159 928 1180 ,
970 1124 1044 1171 ubi
1074 1122 1309 1171 desiderati
1342 1137 1505 1179 erunt,
1540 1125 1616 1171 vel
1649 1124 1866 1178 invitati,
1900 1119 1947 1171 ὃ(
1979 1121 2038 1171 ob
2070 1121 2113 1170 id
2144 1119 2427 1170 absolvimus

358 1206 519 1239 omnes
550 1191 785 1240 Ministros
817 1192 988 1240 nostros
1009 1227 1024 1249 ,
1061 1190 1296 1242 Officiales
1323 1227 1337 1248 ,
1380 1191 1426 1242 ὅ(
1458 1192 1680 1257 judices,
1717 1194 1972 1259 quicunque
2014 1190 2060 1241 ἃ
2092 1189 2433 1258 cujuscunque:

356 1261 634 1310 conditionis
660 1261 856 1317 fuerint,
889 1263 911 1308 εὶ
941 1263 1125 1312 vinculo
1146 1264 1427 1326 juramenti,
1459 1262 1505 1311 ὅ(
1531 1265 1618 1311 alia
1645 1264 1804 1329 quavis
1829 1260 2134 1330 obligatione,
2166 1279 2301 1327 quam
2326 1279 2434 1309 con-

356 1330 535 1379 traxiffe
568 1330 746 1398 poffunt
764 1366 778 1388 ,
812 1330 869 1379 ad
898 1331 1226 1383 observandam
1255 1335 1379 1382 illam
1407 1330 1606 1399 superius
1634 1344 1934 1382 memoratam
1953 1366 1967 1389 ,
2001 1330 2047 1382 ὅ(
2077 1332 2431 1379 incontrarium

352 1400 667 1469 disponentem
705 1403 855 1469 legem
899 1405 1000 1452 Suae
1034 1405 1288 1470 Imperialis
1330 1402 1579 1465 Majestatis
1609 1423 1621 1460 ;
1659 1401 1820 1470 eosque
1851 1402 1876 1449 ὲ
1914 1404 2060 1470 poenis
2095 1401 2306 1450 omnibus
2334 1439 2348 1459 ‚
2385 1398 2436 1453 ἃ

352 1472 537 1519 πωΙξὶῐε
569 1471 629 1519 ibi
662 1471 907 1539 appositis,
943 1474 1148 1541 tam'pro
1179 1488 1386 1540 tempore
1416 1477 1677 1538 praeterito,
1713 1474 1849 1539 quam
1879 1490 1962 1539 pro
1986 1471 2143 1523 futuro
2166 1473 2433 1521 eximimus.

354 1543 590 1606 Quocirca
617 1542 885 1589 mandamus
913 1543 1060 1591 Nobis
1088 1544 1278 1592 Dileffis
1297 1578 1312 1600 ,
1344 1542 1391 1592 ὅ(
1423 1540 1633 1592 fidelibus
1667 1543 1879 1591 omnibus
1909 1542 2244 1591 Praefidentibus
2266 1579 2279 1599 ‚
2314 1547 2434 1592 Can-

354 1612 549 1658 cellariis
577 1645 593 1667 ,
635 1610 684 1660 ἃ
716 1609 997 1660 Confiliariis
1024 1612 1183 1661 nostris
1213 1613 1258 1660 in
1290 1613 1515 1670 Geldria,
1550 1612 1787 1670 Flandria,
1823 1611 2032 1671 Artel'ia‚
2073 1613 2436 1682 Luxemburgo,

350 1683 598 1730 Namurco
632 1678 722 1731 ἃς.
760 1679 808 1731 δε
841 1682 939 1729 aliis
971 1681 1473 1750 omnibusJudicibus,
1516 1682 1808 1733 Officialibus
1837 1681 1886 1733 δι
1920 1682 2122 1732 Subditis
2153 1681 2344 1742 nostris,
2383 1697 2436 1733 ut

351 1754 625 1817 permittant
645 1787 658 1808 ‚
691 1750 739 1801 ὅ(
769 1753 1000 1818 patiantur
1027 1752 1174 1801 distos
1205 1757 1384 1801 Fratres
1417 1755 1709 1819 Capucinos.
1748 1769 1999 1819 eorumque
2026 1750 2304 1802 Succeffores
2335 1754 2433 1811 uti,

351 1818 478 1880 frui,
513 1820 561 1872 8(
594 1822 730 1888 potiri
762 1820 891 1888 plen&
913 1857 927 1880 ,
962 1821 1181 1890 pacifice,
1219 1821 1266 1873 ὅ(
1298 1825 1342 1870 in
1374 1838 1644 1889 perpetuum
1680 1824 1762 1871 hac
1798 1821 1942 1871 nostra
1977 1821 2187 1886 praesente
2216 1823 2437 1890 approba-

351 1894 511 1950 tione,
547 1893 596 1943 &
626 1891 905 1942 concessione
940 1894 983 1940 in
1017 1891 1137 1942 hisce
1174 1891 1331 1941 nostris
1372 1895 1565 1962 Belgicis
1600 1894 1859 1942 Ditionibus
1881 1928 1897 1951 ,
1934 1894 2195 1960 nullamque
2227 1895 2316 1941 illis
2349 1893 2433 1942 hac

347 1963 396 2010 in
427 1980 473 2010 re
502 1961 699 2020 faciant,
731 1963 803 2010 vel
818 1960 914 2011 fieri
939 1964 1167 2029 patiantur
1198 1962 1450 2012 molestiam
1469 1998 1484 2020 ,
1524 1966 1594 2013 vel
1627 1963 2009 2030 impedimentum
2040 1982 2160 2013 nunc
2194 2001 2209 2022 ,
2247 1965 2323 2013 vel
2354 1965 2437 2013 im-

347 2031 617 2099 posterum:
657 2034 871 2099 quoniam
904 2035 995 2083 haec
1031 2032 1092 2082 est
1123 2031 1273 2083 nostra
1307 2035 1519 2082 voluntas
1541 2070 1552 2082 .
1595 2038 1649 2082 In
1681 2035 1843 2083 horum
1878 2035 2088 2082 omnium
2119 2033 2435 2085 testimonium

347 2103 558 2166 juffimus
590 2102 880 2172 praesentibus
923 2106 1087 2155 Literis
1125 2102 1251 2173 affigi
1292 2102 1497 2153 nostrum
1529 2105 1776 2172 Sigillum.
1816 2108 1993 2155 Datum
2023 2106 2069 2154 in
2108 2102 2258 2154 nostra
2291 2104 2432 2157 Urbe

350 2176 566 2222 Bruxella
586 2210 601 2232 ,
633 2174 706 2222 die
737 2193 815 2233 29.
841 2175 960 2242 Julii
992 2180 1132 2224 Anno
1167 2191 1316 2238 1595.

498 2244 635 2311 Regio
654 2245 728 2292 boc
746 2244 913 2311 favore
944 2247 1062 2296 aut‘la
1093 2245 1343 2303 Provincia,
1361 2246 1416 2294 &⁶
1440 2259 1660 2312 paucorum
1685 2264 1877 2294 annorum
1904 2245 2140 2296 intervallo
2160 2245 2212 2294 ab
2227 2245 2433 2294 Atrebate

347 2313 553 2363 'leodium
585 2316 706 2383 usque
742 2331 911 2364 extenta
931 2350 948 2373 ,
978 2320 1106 2365 trium
1131 2318 1307 2366 aliarum
1326 2317 1646 2366 Provinciarum
1677 2314 1866 2365 Matrem
1897 2313 2117 2381 triplicat&
2133 2315 2324 2382 stiffione
2343 2317 2435 2383 sa,

347 2385 562 2451 conspexit
581 2421 592 2433 .
634 2385 764 2434 Fafta
781 2386 879 2453 suit
902 2389 1044 2452 prima
1074 2407 1177 2436 anno
1211 2387 1423 2454 millesimo
1439 2388 1731 2456 sixcentest'mo
1760 2387 1912 2435 decimo
1927 2387 2055 2454 sixto
2073 2423 2088 2444 ,
2128 2404 2204 2453 quo
2233 2391 2277 2435 in
2305 2387 2434 2435 Flan-

348 2454 423 2503 dro
441 2482 454 2490 -
474 2452 701 2522 ‘Belgicam
728 2491 743 2512 ,
779 2463 831 2504 ἅθ’
860 2462 904 2505 in
925 2458 1055 2506 Gallo
1065 2483 1098 2495 —·
1121 2460 1205 2508 ‘vel
1216 2457 1356 2511 Wallo
1369 2484 1398 2494 --
1418 2459 1629 2526 Belgicam
1647 2494 1663 2515 ,
1699 2475 1868 2526 quarum
1898 2461 2034 2522 prima
2071 2456 2296 2505 Flandrico
2324 2493 2339 2514 ,
2377 2459 2433 2506 (9²

348 2525 437 2574 alia
465 2525 633 2574 Gallico
662 2525 859 2574 idiomate
880 2526 1073 2575 utebatur
1093 2563 1107 2586 ,
1121 2527 1220 2595 suit
1255 2528 1402 2595 divisa
1424 2564 1437 2584 ,
1465 2543 1589 2594 prout
1606 2527 1719 2594 infra
1748 2533 1858 2577 inter
1892 2529 2018 2592 hujus
2058 2528 2214 2575 ultimae
2245 2528 2434 2578 Provin-

348 2598 420 2644 ciae
450 2594 708 2644 Documenta
744 2597 895 2645 videre
932 2601 1011 2645 erit
1059 2636 1070 2647 .
1125 2599 1292 2648 Exivit
1336 2599 1518 2663 poflhaec
1561 2614 1745 2646 currente
1774 2617 1875 2647 anno
1905 2597 2116 2665 millgfimo
2137 2597 2432 2666 fixcentefi'mo

336 2666 634 2734 fiptuagejfimo
663 2670 797 2731 primi>
826 2666 1023 2717 Custodia
1043 2705 1058 2728 ,
1090 2670 1145 2718 (9·
1167 2669 1421 2735 postmodum
1437 2671 1666 2719 Provincia
1680 2668 1895 2738 Insuletfis
1911 2705 1926 2727 ,
1962 2676 2015 2718 ἐς
2037 2674 2305 2734 partitionem
2329 2687 2430 2717 anno

344 2736 464 2785 mille
482 2739 561 2784 m'zo
577 2737 933 2804 fiptingentqstmo
967 2755 1112 2807 quarto
1146 2741 1377 2806 complevit
1408 2740 1641 2791 Provincia
1674 2740 1905 2807 Leodietfis
1924 2774 1940 2787 .
2101 2733 2106 2739 ⁴

488 2805 560 2855 Ab
601 2821 694 2853 ortu
716 2808 796 2872 βο
832 2809 1242 2880 flandra-‘Belgica
1277 2813 1413 2867 zelum
1434 2827 1511 2877 pro
1534 2815 1664 2859 Domo
1693 2804 1788 2860 ‘Dei
1808 2846 1822 2867 ‚
1863 2812 1917 2858 &¹
1956 2812 2183 2858 animarum
2199 2810 2341 2875 salute
2375 2810 2435 2877 a]2

258 2889 262 2894 '
336 2876 547 2945 fitmptum
575 2895 777 2943 nunquam
804 2881 1030 2945 interrupit
1047 2917 1062 2938 ,
1099 2883 1154 2929 &⁶
1183 2883 1276 2930 dum
1304 2886 1350 2928 in
1370 2881 1590 2947 primariis
1631 2881 1838 2929 Flandriae
1855 2882 1910 2928 &
1928 2878 2166 2928 Brabantiae
2182 2880 2434 2938 cathedris,

349 2965 436 3016 quae
459 2948 516 2995 ad
529 2947 704 3013 praefi’ns
728 2947 846 3015 usque
869 2964 1027 3015 tempus
1055 2955 1206 2999 retinet
1220 2987 1236 3009 ,
1282 2951 1460 3000 Verbum
1492 2952 1574 2999 Dei
1596 2950 1886 3018 dffminavit
1909 2969 1996 2998 cum
2011 2949 2163 3016 fruHu
2178 2985 2193 3007 ,
2223 2965 2299 3016 per
2318 2949 2435 3017 M1f

346 3017 543 3078 (ionarios
575 3019 633 3066 ad
660 3018 953 3068 Acatholicum
986 3020 1175 3089 Belgium
1205 3020 1416 3090 ablegatos
1453 3021 1654 3089 confregit
1687 3021 1852 3087 haerqfin
1893 3023 1938 3067 in
1960 3023 2149 3085 potentia
2164 3055 2176 3068 .
2216 3020 2432 3086 Apofloli-

349 3107 419 3136 cus
449 3090 519 3137 hic
532 3087 704 3154 fiuft'us
724 3125 739 3147 ‚
775 3093 882 3140 ‘vitae
924 3091 1190 3160 Evangelicae
1208 3093 1386 3157 junc‘lus
1420 3128 1435 3151 ,
1454 3091 1552 3159 fiat
1564 3091 1691 3159 filix
1706 3092 1844 3159 sbmen
1870 3090 2041 3156 gloriae,
2079 3107 2160 3158 qua
2173 3089 2265 3156 fibi
2284 3092 2431 3156 populi

349 3164 503 3209 animos
532 3160 714 3209 reddidit
746 3161 922 3211 devotos
950 3198 965 3219 ,
1003 3170 1056 3212 t&
1084 3164 1143 3212 ad
1164 3167 1273 3213 vitae
1288 3164 1374 3230 fita
1392 3163 1601 3230 ftquelam
1633 3166 1758 3211 etiam
1792 3180 1854 3210 eos
1871 3197 1886 3219 ‚
1923 3160 2069 3228 quibus
2082 3159 2263 3228 fiirtuna
2291 3161 2433 3212 Nata·

348 3231 408 3279 lis
442 3231 669 3298 obfiquiosa
694 3233 887 3280 mundani
906 3231 1048 3299 fastus
1076 3240 1312 3283 commercia
1337 3233 1573 3300 adpromfit
1589 3269 1605 3291 ,
1627 3232 1824 3302 filiciter
1851 3236 1994 3281 traxit
2014 3267 2027 3280 .

493 3302 655 3351 Primos
680 3304 824 3352 horum
839 3303 959 3372 dign&
971 3319 1075 3370 pono
1092 3306 1190 3356 duos
1206 3305 1381 3354 Fratres
1393 3304 1618 3372 ficundicm
1634 3323 1792 3355 carnem
1808 3305 2049 3362 Germanos,
2061 3299 2248 3350 Natione
2263 3301 2402 3351 Scotos
2416 3339 2433 3362 ,

347 3375 504 3421 nomine
537 3374 820 3442 Archangelos
853 3409 869 3431 ,
906 3394 1072 3442 quorum
1116 3370 1268 3426 mirat‘n
1295 3382 1439 3427 vitam
1469 3380 1624 3427 varius
1653 3378 1866 3446 vulgavit
1908 3389 2032 3441 typus
2064 3407 2080 3430 ,
2117 3374 2170 3421 &¹
2202 3379 2274 3442 qui
2303 3395 2428 3426 cutm.

349 3441 502 3493 Matre
527 3447 572 3491 in
600 3445 779 3513 Ecclefia
823 3445 965 3494 nos‘lra
1005 3446 1250 3498 Conventus
1291 3447 1516 3515 Gandetfis
1552 3449 1746 3499 ultimam
1785 3445 1927 3497 tubam
1969 3438 2204 3512 exspet‘ldnt
2237 3445 2321 3513 sub
2356 3446 2428 3494 Se-

338 3515 516 3580 pulchro
533 3550 549 3573 ,
585 3520 651 3566 cui
681 3519 757 3566 hoc
780 3517 1018 3581 adjunffum
1049 3520 1114 3584 tf?
1141 3520 1394 3587 Epitaphios
1413 3554 1425 3567 .
1994 3553 2000 3559 -

2230 3873 2369 3913 Domi-
