2658 4256
444 198 609 280 166
1130 163 1697 271 Provincia

485 328 545 377 Id
581 320 862 392 potiffimum
883 326 979 386 jam
1012 319 1161 371 Nobis
1190 317 1250 369 est
1276 320 1324 370 in
1355 334 1464 368 voto
1484 353 1498 377 ‚
1538 331 1588 367 ut
1611 332 1705 367 tam
1735 313 1897 365 nobilis
1916 349 1931 372 ,
1961 313 2011 366 ἃ
2029 320 2243 383 pretiosus
2273 323 2430 373 inven-

353 411 428 447 tus
459 394 692 445 thesaurus
721 391 941 443 aeternum
971 389 1299 448 conservetur,
1335 387 1533 454 fidesque
1563 388 1805 438 Catholica
1840 383 1962 453 quast
1989 384 2262 452 postliminio
2297 411 2424 443 revo-

353 482 451 516 cata
487 467 671 515 altiores
698 461 870 511 in'dies
901 464 945 510 in
975 463 1133 510 animis
1163 459 1388 509 Fidelium
1413 472 1521 527 agat
1549 457 1750 517 radices,
1789 454 1981 522 idipsum
2018 453 2131 505 vero
2157 461 2421 525 quibusnam

348 535 543 590 mediis,
579 531 740 597 quibus
779 532 1060 589 rationibus,
1096 529 1357 580 melioribus
1389 527 1438 579 ὅ(
1470 525 1749 579 facilioribus
1769 525 2128 592 consequemur,
2167 533 2300 595 quam
2321 568 2335 590 ,
2371 549 2424 583 ut

349 620 449 656 tam
476 601 709 671 praenobili
745 596 953 651 thesauro
989 603 1197 669 Vigiles,
1227 598 1276 651 ὅ(
1303 597 1527 651 Custodes
1559 597 1882 654 adhibeamus,
1915 598 2062 663 Gregi
2088 611 2180 645 tam
2214 617 2421 654 numero.

350 673 401 722 so
418 708 433 730 ,
470 673 641 739 populo
670 673 714 719 in
730 671 838 721 Fide
864 673 1062 720 Novitio
1088 670 1311 721 Dostores
1339 672 1510 718 multos
1531 704 1547 727 ,
1585 670 1664 737 qui
1693 666 1886 718 eundem
1910 668 1956 715 in
1972 684 2078 717 vera
2106 664 2317 737 susceptae
2334 676 2421 722 Re-

325 774 327 777 .
350 743 534 811 ligionis
564 738 778 790 sententia
807 741 1009 808 quotidie
1037 743 1183 810 magis
1211 738 1510 792 confirment.

489 810 569 863 Ad
605 811 718 859 hanc
751 826 902 861 autem
933 813 1245 862 OEconomiae
1276 807 1594 861 Ecclefiasticae
1628 810 1994 876 procurationem
2022 826 2077 857 ex
2103 807 2315 858 universo
2339 814 2422 861 Ec-

356 879 707 931 clefiasticorum
735 881 913 931 Ordine
944 884 989 930 in
1014 883 1210 949 aptiores
1238 917 1254 940 ,
1301 898 1377 931 tna
1414 877 1535 944 isque
1577 879 1763 928 idoneos
1794 881 1978 947 reperiri
2014 895 2103 926 non
2129 877 2249 946 posse
2275 879 2425 930 cense-

359 969 462 1002 mus
481 987 496 1010 ,
526 951 662 1017 quam
688 968 762 999 eos
779 986 794 1009 ,
818 953 894 1018 qui
917 956 1011 1015 jam
1039 951 1220 1001 dudum
1245 895 1430 1001 terrerffis
1449 984 1464 1007 ,
1501 967 1553 1001 ac
1587 950 1794 1017 perituris
1833 948 1962 999 rebus
1997 950 2204 998 nuntium
2243 951 2427 1000 mitten-

358 1036 453 1079 tes,
490 1026 590 1071 Deo
620 1019 663 1068 se
694 1034 846 1079 totos,
875 1040 925 1070 ac
955 1020 1083 1071 saluti
1118 1023 1371 1071 animarum
1403 1019 1723 1088 promovendae
1754 1018 2074 1070 consecrarunt
2093 1056 2109 1078 ,
2143 1021 2308 1088 quique
2337 1017 2428 1070 non

357 1105 455 1142 tam
485 1109 562 1141 ore
582 1127 596 1149 ,
621 1091 754 1156 quiam
776 1105 912 1158 opere
934 1093 1045 1140 alios
1075 1092 1131 1141 ad
1150 1093 1369 1141 virtutem
1394 1090 1604 1147 erudire,
1634 1089 1842 1156 resta‘ique
1872 1088 2057 1139 vivendi
2083 1090 2242 1139 normal
2260 1126 2276 1149 ,
2303 1090 2427 1157 quasi

354 1163 528 1213 lumine
555 1161 972 1217 adhibito,certum
1001 1163 1086 1210 iter
1103 1161 1159 1210 ad
1171 1160 1398 1211 coelestem
1422 1162 1616 1229 gloriam
1647 1157 1956 1209 demonstrare
1984 1157 2271 1210 didicerunt.
2310 1164 2422 1210 Non

355 1231 476 1281 male
511 1233 620 1280 olim
644 1235 811 1283 Seneca
845 1252 856 1282 :
902 1232 999 1298 plus
1040 1251 1185 1283 vocem
1229 1236 1391 1285 vivam
1424 1266 1438 1290 ,
1484 1234 1603 1299 quam
1633 1233 1854 1279 orationem
1883 1227 2072 1297 prodeffl
2098 1265 2113 1287 ,
2145 1231 2242 1295 plus
2285 1233 2421 1279 homi-

355 1321 425 1351 nes
456 1303 583 1351 oculis
603 1338 617 1359 ,
647 1306 766 1371 quam
791 1303 962 1351 auribus
989 1304 1148 1352 credere
1164 1341 1175 1353 .

491 1377 634 1422 Porro
653 1408 667 1430 ,
699 1391 805 1422 cum
834 1375 946 1422 inter
963 1373 1216 1439 Religiosos
1232 1373 1432 1424 Ordines
1457 1410 1470 1432 ‚
1509 1391 1583 1423 eos
1617 1371 1758 1422 modo
1799 1372 1995 1420 eminere
2027 1368 2267 1420 videamus
2289 1375 2422 1439 „qui

354 1441 505 1491 Sanffi
528 1441 750 1491 Francisci
772 1446 919 1493 aemuli
943 1479 957 1501 ,
994 1443 1041 1495 ὅ(
1071 1446 1324 1494 δεᾶεῑοτεε
1361 1444 1715 1495 laudatissimum
1749 1447 1839 1508 ejus
1871 1440 2138 1491 Institutum
2170 1439 2421 1491 severiore,

355 1511 546 1561 vivendi
578 1514 780 1568 ratione,
816 1514 872 1561 ad
900 1515 1131 1572 litteram,
1159 1515 1468 1584 &genuinum
1502 1516 1666 1579 regulae
1699 1511 1871 1562 sensum
1902 1511 2146 1568 revocata,
2164 1513 2416 1579 exprimere

354 1595 575 1630 conantur
591 1616 607 1638 ,
645 1596 695 1629 ut
713 1599 767 1629 eo
782 1585 918 1630 etiam
937 1587 1116 1631 nomine
1133 1619 1149 1641 ,
1170 1585 1291 1649 quod
1311 1586 1337 1631 ὲ
1359 1583 1505 1652 prisco
1544 1586 1739 1633 S.Patris
1759 1582 1935 1633 Habitu
1961 1579 2186 1631 discedere
2217 1599 2270 1630 ne
2290 1579 2425 1630 trans-

356 1648 542 1701 versum
571 1666 767 1720 unguem
803 1653 969 1709 velint,
1002 1656 1349 1720 Capucinorum
1385 1671 1550 1702 nomen
1583 1653 1755 1718 indepti
1783 1651 1896 1701 sint.

494 1725 629 1772 Hanc
659 1720 718 1769 ob
745 1718 924 1770 causam
954 1739 1028 1769 eos
1059 1722 1338 1789 potiffimum
1374 1724 1431 1772 ad
1462 1724 1760 1789 Metropolim
1792 1720 1948 1770 nostrae
1978 1720 2197 1771 Dioecefis
2221 1739 2275 1771 ex
2305 1724 2416 1785 Proi

352 1791 499 1840 vincia
526 1792 743 1840 Bavarica
761 1827 774 1847 ‚
812 1789 858 1840 ὅ(
876 1791 1120 1856 Tyrolensi
1152 1793 1409 1841 evocandos
1441 1792 1685 1849 duximus,
1724 1806 1775 1840 ut
1805 1806 1899 1839 tam
1925 1789 2056 1840 sacris
2081 1790 2285 1858 ipsorum
2311 1804 2417 1840 oon-

352 1860 556 1910 eionibus
579 1897 593 1918 ,
627 1862 669 1907 in
696 1878 788 1927 quo
812 1875 973 1929 genere
1002 1860 1252 1926 praestantes
1278 1864 1544 1929 plerumque
1571 1858 1773 1910 homines
1801 1861 1991 1918 habent,
2018 1863 2154 1928 quam
2184 1863 2287 1911 vivo
2310 1863 2415 1911 vitae

353 1932 563 1993 exemplo
601 1929 814 1999 Religiofi
838 1966 850 1987 ,
890 1932 1151 1996 Clericique
1178 1930 1353 1990 nostri,
1393 1949 1589 1999 quorum
1627 1949 1715 1979 non
1748 1932 1936 1999 exiguus
1974 1932 2128 1980 divina
2166 1933 2419 1999 largiente,

352 1999 500 2070 gratia
526 2001 572 2048 in
598 2002 801 2051 Civitate
834 1999 982 2049 nostra
1012 1999 1330 2067 Herbipolenfi
1358 2019 1566 2050 numerus
1597 2014 1719 2049 extat
1741 2036 1758 2058 ,
1791 2003 1848 2049 ad
1872 2002 2179 2067 integritatem
2203 2005 2333 2057 vitae,
2369 2000 2419 2052 ὃς

354 2069 460 2119 suos
491 2088 639 2118 mores
673 2071 729 2119 ad
756 2072 1021 2137 primaevum
1054 2072 1309 2120 institutum
1340 2107 1354 2129 ,
1391 2072 1418 2119 εὶ
1444 2087 1534 2138 quo
1567 2072 1786 2136 pravitate
1813 2084 2074 2136 temporum
2106 2070 2422 2128 deflexerunt,

353 2139 733 2204 contemplatione
765 2158 934 2189 normae
959 2141 1209 2190 directioris
1241 2139 1478 2190 efformare
1504 2139 1738 2188 studeant.
1777 2142 1940 2205 Neque
1969 2139 2234 2190 dubitamus
2253 2175 2270 2197 ,
2306 2140 2419 2207 quin

351 2208 696 2276 Religiosorum
715 2244 732 2267 ,
760 2208 809 2259 ὅ(
829 2212 1116 2261 Clericorum
1135 2212 1251 2261 recta
1270 2210 1530 2260 sectantium
1553 2244 1566 2267 ,
1594 2212 1787 2277 populus
1802 2209 1987 2259 ‘lubenti
2025 2208 2074 2260 ὅ(
2092 2223 2309 2277 prompto
2327 2211 2422 2261 ani-

355 2295 436 2328 mo
461 2276 657 2347 vestigiis
683 2275 876 2327 insistere
906 2280 1223 2348 concupiscat3
1252 2296 1303 2331 ut
1332 2281 1500 2331 idcirco
1531 2278 1864 2336 existimemus,
1893 2280 1919 2327 a
1944 2281 2149 2329 Patribus
2167 2280 2418 2347 Capucinis

355 2350 472 2398 inter
501 2362 680 2397 caeteros
710 2346 823 2397 fidos
843 2384 858 2406 ,
892 2347 1178 2418 strenuosque
1208 2354 1455 2419 Operatios
1485 2367 1667 2418 operam
1708 2348 1904 2399 maxime
1942 2346 2222 2399 frustuosam
2259 2352 2417 2399 Vineae

356 2419 607 2468 Dominicae
627 2419 880 2468 excolendae
897 2421 1095 2479 allatum,
1109 2424 1163 2471 iri
1180 2458 1194 2479 ,
1216 2438 1292 2480 ut,
1318 2421 1701 2490 quemadmodum
1719 2438 1796 2488 per
1813 2422 2009 2486 quietem
2032 2420 2298 2470 Innocentio
2313 2421 2414 2468 111.
2476 2426 2479 2428 ’

356 2487 503 2537 visum
535 2487 594 2536 est
613 2523 627 2545 ,
665 2505 821 2537 eorum
848 2493 1029 2539 Patrem
1059 2492 1356 2541 collabentem
1382 2488 1721 2541 Lateranensem
1744 2490 1976 2539 Bafilicam
2001 2488 2088 2539 suis
2113 2491 2310 2539 humeris
2344 2485 2410 2538 su·

358 2557 544 2614 stinere,
581 2556 640 2606 fic
672 2558 749 2628 ips1
786 2563 985 2609 Parentis
1016 2563 1226 2629 exemplo
1254 2564 1461 2620 incitati,
1500 2560 1751 2612 restitutam
1781 2562 1865 2612 hac
1906 2562 1950 2609 in
1981 2559 2178 2614 Dioecesi
2210 2558 2411 2626 Religio-

361 2645 468 2677 nem
491 2646 644 2677 veram
660 2664 674 2686 ,
711 2648 762 2677 ac
786 2645 984 2679 veterem
1015 2631 1310 2691 conservare,
1345 2653 1396 2683 ac
1419 2630 1665 2702 propagare
1695 2645 1930 2681 conentur.

494 2698 572 2748 Ad
604 2700 721 2747 hunc
749 2698 882 2749 finem
909 2698 1083 2751 felicius
1106 2700 1422 2769 assequendum
1448 2705 1491 2751 in
1512 2706 1613 2752 loco
1637 2702 1885 2751 commodo
1909 2720 1960 2750 ac
1979 2700 2137 2750 salubri
2160 2700 2383 2766 ternplum
2400 2734 2417 2758 ,

360 2766 409 2818 &
434 2767 763 2818 Monasterium
793 2787 934 2837 prope
960 2771 1248 2822 Carthufiam
1266 2810 1279 2830 ,
1312 2776 1600 2843 Angelorum
1632 2774 1815 2823 hortum
1834 2786 2163 2838 nuncupatam,
2191 2772 2307 2818 intra
2335 2771 2413 2820 Ci-

359 2839 516 2886 vitatis
538 2856 690 2888 muros
715 2843 956 2889 exteriores
985 2840 1114 2891 fitam
1132 2879 1145 2900 ,
1183 2844 1407 2911 praedictis
1433 2845 1664 2893 Fratribus
1680 2844 1924 2909 Capucinis
1953 2844 2063 2910 erigi
2085 2877 2102 2899 ‚
2133 2839 2180 2891 ὅ(
2209 2836 2418 2888 a‘funda.

360 2910 525 2956 mentis
543 2922 691 2956 totum
708 2909 915 2959 aedificari
933 2911 1088 2962 nostris
1107 2912 1356 2981 sumptibus
1371 2911 1940 2964 curavimusssonfidimus
1955 2914 1998 2960 in
2020 2912 2415 2961 PatrisLuminum

361 2976 669 3026 misericordia
683 3013 699 3035 ,
723 2982 797 3044 qui
830 2980 986 3030 nostris
1006 2987 1169 3051 coeptis
1189 2985 1344 3034 aufior
1371 2982 1484 3042 fuit,
1521 2983 1567 3034 ἃ
1585 2984 1697 3031 hanc
1717 2982 1864 3032 Nobis
1895 2996 2120 3037 mentem,
2151 2995 2203 3029 ut
2220 2980 2423 3048 Religio·

359 3065 465 3096 nem
491 3047 637 3096 Nobis
666 3047 964 3099 charissimam
990 3054 1032 3101 in
1061 3053 1207 3104 nostra
1219 3058 1419 3106 Civitate
1444 3057 1745 3121 plantaremus
1762 3089 1777 3111 ,
1799 3051 1983 3102 coelitus
2002 3049 2264 3119 inspiravit,
2293 3048 2424 3115 quod:

358 3116 479 3167 felici
508 3119 726 3186 principio
747 3115 991 3171 feliciorem
1028 3122 1167 3173 finem
1197 3126 1444 3180 concedet,
1479 3121 1735 3189 nostrosque
1767 3118 2045 3173 Successores
2072 3119 2227 3170 eadem
2257 3136 2414 3168 accen-

359 3187 438 3236 det
456 3188 621 3255 pietate
637 3224 652 3245 ,
671 3235 672 3238 ,
692 3203 743 3238 ut
761 3186 1068 3242 fundationem
1083 3194 1276 3244 nostram
1305 3213 1392 3244 non
1412 3193 1590 3244 tantum
1616 3190 1910 3250 conservare,
1946 3190 1995 3242 <Sc
2020 3206 2213 3260 augere,
2242 3207 2293 3237 ac
2321 3207 2414 3238 cre-

360 3256 510 3306 scente
532 3258 867 3326 Religiosorum
895 3279 1084 3315 numero
1100 3301 1113 3322 ,
1153 3282 1207 3314 ne
1224 3263 1491 3333 elemosyna:
1518 3263 1675 3330 (quod
1697 3267 1819 3312 Deus
1836 3269 2051 3323 avertat.)
2071 3259 2310 3317 deficiant,
2341 3258 2415 3311 ad*

362 3329 557 3397 vigilare
580 3327 784 3380 studeant
802 3328 891 3381 ἃς.
930 3335 1103 3385 Datum
1120 3336 1364 3407 Herbipoli
1380 3373 1396 3395 ‚
1424 3336 1497 3386 die
1528 3353 1636 3385 xxv.
1659 3333 1878 3384 Ostobris
1896 3337 2034 3383 Anno
2051 3348 2256 3383 MDCxV1.

1325 3477 1359 3535 J
1360 3476 1469 3527 ulius
1480 3512 1496 3535 ,
1516 3477 1552 3527 E
1549 3477 1731 3544 pisi-opus
1742 3472 2041 3540 Herbipoletfis
2054 3507 2068 3521 .

497 3607 593 3672 Spei
621 3580 930 3679 Religiofiffimi
951 3615 1178 3681 ‘Principis
1206 3620 1474 3670 concordavit
1487 3617 1692 3687 fiebsbquae
1709 3618 1952 3687 operationis
1977 3612 2141 3683 effec‘lus
2156 3649 2171 3672 ,
2197 3614 2412 3683 quantum-

358 3680 436 3727 ὐἰέ
461 3682 566 3726 enim
595 3682 678 3728 haec
698 3682 924 3734 Provincia
944 3693 1086 3751 paucis
1118 3687 1267 3736 abhinc
1296 3694 1412 3737 annis
1443 3691 1518 3739 hoc
1543 3686 1775 3739 charaHere
1789 3688 1932 3754 fierit
1965 3685 2187 3753 irfignita,
2205 3686 2416 3735 nibilomi-

357 3767 430 3809 ’.Μ
446 3752 547 3816 jam
564 3755 700 3817 Primb
733 3759 879 3815 mane,
902 3758 978 3826 fi&
1007 3758 1252 3810 Provinciis
1282 3759 1574 3829 Tyroletfi'&
1590 3759 1816 3811 Bavaricae
1843 3761 1959 3808 unita
1977 3792 1994 3817 ,
2029 3760 2139 3807 exiit
2170 3759 2214 3805 in
2243 3756 2416 3807 Vineam

1496 3826 1516 3831 ‘⁵
2276 3829 2361 3869 Do-

1795 3935 1807 3958 'l
