2638 4204
443 231 614 342 326
1130 219 1703 307 Provincia·

376 365 586 415 Domino
619 359 781 426 (quus
813 358 942 406 unius
976 354 1129 421 gloriae
1163 348 1373 400 universa
1398 348 1583 399 confilia
1611 347 1761 398 nostra
1777 346 2178 409 consecravimus.)
2205 349 2277 398 h'1'c
2296 348 2340 397 in
2355 348 2453 402 Ur·

377 435 433 483 be
459 433 603 482 nostra
634 428 906 494 Moguntina
943 429 1097 474 locum
1125 419 1302 478 facere,
1331 437 1581 486 eorumque
1609 435 1711 470 tum
1742 418 1879 487 opera
1913 417 1961 469 ἃ
1995 418 2201 468 άοέὶτὶηέι
2221 433 2239 476 ,·
2260 434 2358 468 tum
2390 421 2454 468 in-

379 506 568 571 culpata:
598 500 702 548 vitae
740 499 953 564 exemplo
989 493 1037 544 ὅ(
1066 491 1271 541 moribus
1309 488 1469 541 sanstis
1495 526 1511 549 ,
1562 491 1724 558 quibus
1758 492 1980 556 imprimis
2015 487 2187 558 fulgere
2221 489 2452 555 perhiben-

376 588 454 623 tur
477 609 493 630 ,
522 569 578 619 ad
604 568 833 633 Populum
861 565 1061 615 nostrum
1095 565 1142 610 in
1173 558 1317 628 prisca
1347 560 1434 611 fide
1469 560 1517 613 ὅ(
1555 565 1721 629 pietate
1757 558 2121 609 confirmandum
2153 595 2166 616 ,
2207 573 2307 607 tum
2342 559 2452 609 vero

375 646 511 691 etiam
540 637 597 687 ad
629 650 931 693 caeterorum,
959 636 1033 700 qui
1063 634 1108 679 in
1137 631 1223 679 hoc
1256 647 1419 699 genere
1450 650 1540 680 non
1564 630 1872 699 poenitendam
1894 629 2041 679 Nobis
2067 647 2253 697 operam
2277 630 2450 688 locant,

375 711 425 762 ὅ(
456 704 794 775 Religiosorum
840 706 889 756 ὅ(
921 702 1219 755 Saecularium
1262 703 1553 753 Clericorum
1600 702 1776 751 labores
1805 737 1822 760 ‚
1864 700 1913 752 ὅ(
1948 700 2177 750 molestias
2224 697 2454 749 sublevan-

377 781 490 829 dum
524 779 622 826 uti.
2198 771 2203 776 ·

514 845 749 896 Caeterum
768 882 783 903 ,
811 846 915 912 quia
947 860 1036 892 non
1059 840 1320 891 dubitamus
1352 840 1411 890 ad
1453 841 1713 911 profestum
1746 840 1948 892 Eccleliae
1988 839 2186 890 interesle
2223 836 2457 898 multum,

373 916 539 967 talibus
572 918 637 966 uti
669 914 951 966 Dutstoribus
972 949 986 972 ,
1012 911 1174 980 quibus
1204 912 1380 961 indoles
1406 911 1454 964 <Sc
1481 914 1714 982 ingenium
1749 915 1908 980 Populi
1941 915 2229 981 aliquatenus
2268 908 2323 960 fit
2359 925 2462 978 per-

370 987 609 1054 spestum3
643 1002 857 1052 praeterea
886 987 1023 1033 etiam
1061 983 1205 1049 pietas
1236 996 1368 1048 atque
1400 982 1651 1033 obedientia
1685 983 1916 1032 diffiiorum
1951 987 2139 1034 Patrum
2179 998 2269 1030 non
2304 978 2456 1039 ferat,

371 1071 423 1106 ut
446 1054 593 1105 insciis
619 1055 666 1108 8(
700 1053 964 1104 inconsultis
993 1051 1077 1102 suis
1095 1053 1412 1121 Superioribus
1441 1053 1626 1102 statione
1645 1051 1720 1102 sua
1736 1053 1932 1112 cedant,
1963 1068 2094 1121 atque
2111 1050 2202 1102 alio
2230 1065 2455 1118 tanquam

367 1143 544 1177 novam
559 1129 605 1174 in
626 1124 810 1175 messem
827 1125 1169 1192 commigrent,
1199 1122 1517 1173 consultiffime
1538 1127 1640 1172 Nos
1670 1121 1870 1174 fafituros
1888 1127 2154 1190 putavimus
2170 1158 2186 1181 ,
2215 1121 2247 1171 fi
2282 1121 2364 1172 hs'lc
2400 1122 2459 1171 de

366 1216 415 1247 re
446 1212 545 1246 ante
576 1199 731 1246 omnia
758 1196 814 1245 ad
844 1198 1166 1245 Pate-mitatem
1193 1194 1398 1243 Vestram
1421 1231 1436 1252 ,
1473 1195 1603 1243 velut
1631 1192 1753 1243 istius
1790 1192 1980 1243 Ordinis
2018 1191 2313 1260 Praepofitum
2359 1197 2456 1242 Ge-

363 1270 567 1317 neralem
595 1266 970 1335 perscriberemus
990 1301 1004 1323 ,
1033 1263 1217 1332 ejusque
1242 1263 1429 1314 confilio
1447 1263 1494 1315 <St
1526 1266 1752 1313 voluntati
1781 1265 1934 1313 omnia
1953 1263 2307 1330 relinqueremus
2325 1298 2337 1310 .
2375 1267 2458 1312 Sa-

364 1338 588 1388 tisfecerit
615 1353 771 1388 autem
794 1356 880 1405 pro
909 1337 990 1386 hac
1020 1339 1121 1386 vice
1150 1333 1371 1384 defiderio
1389 1371 1404 1393 ,
1425 1334 1472 1385 8(
1500 1336 1721 1385 voluntati
1755 1333 1916 1384 nostrae
1944 1332 2154 1391 abunde,
2202 1331 2235 1381 fi
2266 1331 2322 1381 ad
2342 1331 2461 1383 surn-

361 1426 496 1458 mum
513 1405 729 1460 Personas
756 1424 982 1475 quatuor,
1010 1409 1084 1455 vel
1113 1409 1313 1472 quinque
1334 1405 1524 1455 Ordinis
1550 1404 1645 1463 sui,
1675 1406 1840 1474 partim
1865 1404 1913 1455 ὅ(
1939 1406 2141 1454 maxime
2187 1402 2460 1454 Sacerdotes

366 1476 591 1531 Profeffos
609 1514 626 1536 ,
655 1483 824 1547 partim
855 1478 995 1526 etiam
1026 1478 1194 1534 laicos,
1226 1479 1483 1524 Germanos
1508 1491 1659 1524 tamen
1677 1493 1862 1534 omnes,
1890 1475 1937 1527 δι
1967 1477 2044 1543 qui
2068 1475 2177 1524 coeli
2205 1474 2366 1537 hujus,
2395 1472 2444 1525 δε

365 1551 608 1600 hominum
643 1550 912 1617 temperiem
942 1549 1184 1602 tollerare,
1214 1546 1362 1595 Nobis
1395 1549 1533 1595 etiam
1552 1545 1800 1595 commodo
1819 1582 1834 1604 ,
1866 1561 2006 1613 atque·
2038 1546 2301 1609 adjumento
2334 1541 2451 1594 else-2

364 1618 560 1689 poffint‚
596 1619 653 1668 ad
672 1624 772 1669 Nos
806 1618 1023 1667 facultate
1059 1614 1296 1666 neceffaria
1327 1615 1567 1666 instrustos
1610 1615 1825 1675 miserit3
1871 1615 2217 1685 providebimus
2262 1615 2351 1664 illis
2392 1615 2450 1664 de

364 1688 616 1738 commodo
640 1687 908 1739 Refidentiae
935 1691 1040 1738 loco
1058 1724 1073 1746 ,
1102 1686 1149 1738 ὅ(
1173 1685 1361 1736 honestae
1382 1685 1711 1736 sustentationis
1739 1688 2030 1736 adminiculis
2049 1722 2064 1745 ,
2095 1701 2147 1736 ut
2171 1683 2219 1736 &
2240 1684 2448 1753 precibus

362 1757 455 1809 suis
479 1777 673 1818 vacare,
703 1758 752 1810 <St
784 1762 964 1808 coeteris
996 1756 1212 1826 superesse
1245 1757 1578 1807 neceffitatibus
1601 1794 1618 1817 ,
1649 1757 1848 1807 nostrum
1877 1756 1989 1809 vero
2018 1758 2269 1825 praeprimis
2301 1773 2451 1825 erga..

363 1828 410 1878 se
437 1846 642 1878 amorem
676 1830 725 1881 ὃ(
763 1829 1130 1879 benevolentiam
1177 1834 1463 1898 argumentis
1503 1827 1674 1896 semper
1724 1828 1909 1894 liquidis
1947 1827 2198 1896 perspicere
2236 1827 2456 1876 valeant.

361 1902 436 1949 De
464 1902 743 1950 Paternitate
774 1899 885 1949 vero
920 1899 996 1949 sua
1021 1936 1036 1957 ,
1068 1898 1099 1948 fi
1128 1900 1291 1967 (quod
1324 1899 1614 1948 vehementer
1654 1898 1896 1964 cupimus,
1929 1898 1978 1950 ὅ(
2014 1897 2374 1958 desideramus.)
2409 1895 2458 1947 id

363 1968 518 2018 Nobis
544 1969 687 2019 officii
720 1985 820 2020 tum
850 1970 1121 2040 seligendis,
1150 1987 1248 2020 tum
1275 1967 1634 2019 transmittendis
1651 1970 1861 2019 Patribus
1891 1971 1978 2019 illis
2004 1968 2287 2038 praestiterit,
2314 1969 2457 2017 etiam

363 2054 499 2105 atque
529 2044 666 2089 etiam
696 2041 958 2091 curabimus
978 2078 996 2100 ,
1021 2060 1075 2090 ne
1098 2041 1204 2091 dat&
1232 2043 1580 2108 opportunitate
1610 2054 1793 2089 mutuas
1819 2039 1901 2089 fibi
1929 2055 2071 2109 gratae
2099 2040 2350 2091 voluntatis
2388 2039 2457 2088 vi·

369 2128 444 2160 ces
471 2107 657 2161 defuill'e
689 2126 910 2178 queratur
927 2148 940 2160 .

514 2187 647 2232 Datae
676 2183 721 2231 in
760 2187 884 2235 Arce
908 2180 1056 2232 nostra
1093 2182 1246 2233 Sansti
1285 2181 1479 2231 Martini
1516 2180 1562 2231 in
1599 2180 1734 2236 Urbe
1776 2179 1925 2231 nostra
1959 2181 2241 2249 Moguntina
2279 2179 2353 2231 die
2376 2187 2456 2231 16.

374 2253 495 2301 Maii
522 2256 674 2303 1608.

510 2392 741 2444 Provincia
765 2409 840 2459 per
864 2411 1024 2461 graves
1046 2395 1164 2461 haste
1195 2395 1388 2445 Litteras
1408 2431 1423 2454 ,
1452 2401 1507 2444 c&
1529 2392 1774 2461 fhbfiquum
1810 2392 1902 2441 dati
1937 2395 1963 2441 ἃ
1992 2391 2188 2459 praediHo
2232 2389 2284 2442 P.
2310 2388 2459 2439 Hiero-

366 2481 489 2526 nymo
518 2462 724 2529 confinssts
753 2465 991 2529 refiriptum
1022 2471 1086 2514 ita
1113 2481 1331 2532 concepta,
1357 2471 1402 2514 in
1432 2467 1562 2514 lucem
1587 2463 1798 2528 publicam
1825 2463 1982 2531 emetstt
1999 2499 2014 2521 ,
2042 2464 2277 2531 Ordinique
2301 2467 2355 2511 r&
2377 2460 2458 2509 Ec-

367 2531 496 2599 clefiae
527 2548 626 2580 nata
646 2532 737 2589 εΗ,
773 2535 868 2580 dum
893 2536 1078 2582 condufflt
1102 2565 1117 2588 ‚
1148 2537 1404 2601 condifflque
1437 2534 1625 2583 Cultores
1657 2535 1715 2582 ad
1742 2552 1888 2583 annum
1922 2534 2182 2602 millesimum
2209 2531 2460 2601 sixcentefi·

366 2621 476 2653 mum
509 2603 762 2652 undecimum
795 2621 850 2651 ex
876 2602 1058 2651 Flandro
1077 2630 1093 2639 —
1108 2602 1281 2671 Belgica
1318 2605 1566 2655 ‘Provincia
1596 2605 1841 2671 appulerunt
1859 2641 1875 2663 ,
1906 2610 2162 2674 primamque
2195 2604 2258 2653 ibi
2285 2608 2339 2654 ἅθ’
2373 2620 2459 2651 ma·

368 2691 465 2722 num
481 2671 766 2739 Apoflolicam
798 2690 1041 2719 exeruerunt
1059 2708 1074 2729 ‚
1103 2676 1156 2721 ὡ·
1172 2675 1367 2736 [labilem
1400 2676 1627 2725 Familiam
1651 2677 1902 2726 locaverunt
1921 2711 1934 2725 .

514 2741 568 2791 N
570 2760 675 2792 ovas
708 2742 781 2790 hos
810 2760 931 2791 novae
957 2747 1067 2792 vitae
1084 2777 1098 2799 ‚
1127 2742 1336 2812 Sacraeque
1365 2745 1680 2795 Praedicationis
1696 2747 1859 2813 satores
1888 2747 1985 2796 dum
2010 2747 2221 2797 Antonius
2252 2743 2459 2813 Alberga-

373 2829 444 2863 tus
474 2813 533 2863 ad
552 2812 733 2861 trabium
765 2811 978 2877 inferioris
1011 2813 1152 2862 Rheni
1176 2816 1432 2882 Apostolicns
1462 2822 1488 2866 a
1513 2818 1647 2865 latere
1666 2816 1858 2866 Nuntius
1874 2848 1888 2874 ‚
1915 2818 1969 2866 &⁵
2015 2817 2271 2884 Vigiliarum
2292 2815 2459 2883 Epist-o-

365 2899 476 2951 pus,
489 2882 730 2951 fivoribur
757 2884 900 2930 multis
929 2884 1190 2949 complec‘lens
1205 2920 1221 2943 ,
1251 2904 1299 2934 ac
1317 2886 1368 2934 ab
1385 2905 1519 2936 eorum
1539 2887 1691 2955 fruc‘lu
1708 2923 1724 2945 ,
1756 2906 1873 2956 quem
1900 2887 2062 2937 uberem
2091 2892 2136 2936 in
2164 2890 2327 2936 vicinis
2358 2887 2461 2952 Epi-

360 2954 603 3022 stopatibus
635 2951 834 3021 serebant
867 2989 881 3010 ‚
913 2954 1028 3021 spem
1043 2954 1164 3021 stram
1190 2956 1398 3025 adaequari
1415 2959 1558 3006 laetans
1579 2995 1594 3017 ‚
1622 2959 1728 3026 ipsas
1758 2977 1814 3007 ex
1835 2959 1959 3026 juſjia
1986 2961 2043 3007 Θ
2072 2973 2226 3007 annutu
2257 2957 2381 3007 Pauli
2405 2955 2461 3006 V.

370 3023 539 3092 Pontif
571 3022 708 3073 Max.
741 3022 1026 3087 Mtffionarios
1069 3027 1328 3091 Apostolicos
1362 3033 1531 3080 creavit
1566 3065 1581 3087 ‚
1613 3036 1666 3079 δέ
1685 3031 1936 3098 postmodum
1965 3030 2088 3096 sacer
2118 3029 2167 3079 de
2191 3029 2461 3097 propaganda

373 3094 484 3144 Fide
525 3093 700 3143 Senatus
723 3129 739 3152 ,
774 3095 984 3145 Rhenanae
1030 3096 1268 3149 Provinciae
1306 3103 1468 3150 nomine
1499 3100 1783 3166 Apoflolicam
1810 3095 2058 3167 Miffi'onum
2099 3102 2360 3149 matriculam
2392 3099 2462 3150 ad·

371 3169 500 3214 auxit
529 3202 542 3215 .
579 3163 780 3215 Inimicus
816 3165 978 3234 quidem
1016 3168 1132 3216 homo
1170 3169 1438 3238 (Religiosc'i
1472 3172 1588 3238 veste
1628 3173 1831 3221 contec‘lus
1857 3179 1878 3234 )
1913 3187 2183 3241 gemmantem
2221 3168 2458 3223 Provincia

361 3234 516 3303 florem
528 3235 674 3303 sparsi>
706 3237 882 3287 Romam
910 3237 1034 3306 usque
1052 3238 1236 3303 fitbdolae
1271 3242 1493 3291 delationis
1523 3243 1626 3291 lolio
1654 3241 1864 3311 fiefficare
1891 3242 2103 3292 nitebatur
2120 3278 2134 3300 ,
2165 3245 2362 3308 protexit
2391 3257 2457 3288 au·

372 3323 458 3356 tem
476 3307 650 3356 Fratres
677 3311 704 3357 ἃ
723 3309 945 3359 Conventu
973 3310 1289 3376 malignantium
1313 3310 1593 3379 Sereniffi'mus
1608 3313 1954 3383 Archiepiscopus
1968 3350 1984 3373 ,
2005 3321 2058 3364 &5
2077 3312 2272 3381 Princeps
2291 3309 2456 3365 Elellor

374 3375 656 3449 'Moguntinus
677 3394 751 3441 per
777 3379 947 3429 litteras
962 3415 978 3439 ,
993 3380 1052 3429 ad
1061 3381 1267 3433 Summum
1294 3384 1537 3452 Pontificem
1545 3383 1776 3453 siebjunrflc'i
1787 3384 1939 3455 firma
1963 3401 2177 3435 exaratas:

839 3553 1566 3629 BEATISSIME
1625 3554 2000 3626 PATER.

515 3719 603 3767 Per
637 3734 931 3769 communem
955 3737 1194 3770 rumorem
1224 3721 1344 3773 haud
1373 3721 1536 3792 absque
1562 3722 1704 3773 animi
1740 3736 1946 3771 moerore
1981 3715 2181 3768 intellexi
2206 3746 2221 3773 ‚
2259 3714 2454 3782 qualiter

379 3787 569 3857 quidam
585 3822 604 3849 ,
632 3787 813 3852 nescio,
841 3808 934 3860 quo
958 3790 1118 3862 spiritu
1146 3791 1273 3844 duffi
1288 3830 1305 3855 ‚
1335 3808 1438 3848 tum
1464 3794 1660 3846 occultis
1689 3788 2130 3848 machinationibus,
2156 3801 2259 3838 tum
2286 3783 2455 3897 {pprti‘

2356 3865 2390 3893 ι.
