<?xml version="1.0" encoding="UTF-8"?>
<!DOCTYPE html PUBLIC "-//W3C//DTD XHTML 1.0 Transitional//EN"
    "http://www.w3.org/TR/xhtml1/DTD/xhtml1-transitional.dtd">
<html xmlns="http://www.w3.org/1999/xhtml" xml:lang="en" lang="en">
 <head>
  <title>
</title>
<meta http-equiv="Content-Type" content="text/html;charset=utf-8" />
  <meta name='ocr-system' content='tesseract 3.04.00' />
  <meta name='ocr-capabilities' content='ocr_page ocr_carea ocr_par ocr_line ocrx_word'/>
</head>
<body>
  <div class='ocr_page' id='page_1' title='image "./bullariumordinis04cath/bullariumordinis04cath_0114.png"; bbox 0 0 2658 4256; ppageno 0'>
   <div class='ocr_carea' id='block_1_1' title="bbox 399 198 1681 292">
    <p class='ocr_par' dir='ltr' id='par_1_1' title="bbox 399 198 1681 292">
     <span class='ocr_line' id='line_1_1' title="bbox 399 198 1681 292; baseline 0.006 -12"><span class='ocrx_word' id='word_1_1' title='bbox 399 204 562 292; x_wconf 81' lang='lat'>86.</span> <span class='ocrx_word' id='word_1_2' title='bbox 1130 198 1681 288; x_wconf 78' lang='lat' dir='ltr'><em>Provincia</em></span> 
     </span>
    </p>
   </div>
   <div class='ocr_carea' id='block_1_2' title="bbox 341 332 2428 804">
    <p class='ocr_par' dir='ltr' id='par_1_2' title="bbox 341 332 2428 804">
     <span class='ocr_line' id='line_1_2' title="bbox 341 332 2428 393; baseline -0.003 -11"><span class='ocrx_word' id='word_1_3' title='bbox 341 338 424 383; x_wconf 77' lang='lat' dir='ltr'>dali</span> <span class='ocrx_word' id='word_1_4' title='bbox 455 337 740 389; x_wconf 61' lang='lat' dir='ltr'>occafionem3</span> <span class='ocrx_word' id='word_1_5' title='bbox 777 338 887 393; x_wconf 80' lang='lat' dir='ltr'>quod</span> <span class='ocrx_word' id='word_1_6' title='bbox 919 337 1107 382; x_wconf 84' lang='lat' dir='ltr'>Haeretici</span> <span class='ocrx_word' id='word_1_7' title='bbox 1150 337 1363 392; x_wconf 77' lang='lat' dir='ltr'>(quamvis</span> <span class='ocrx_word' id='word_1_8' title='bbox 1425 350 1501 391; x_wconf 91' lang='lat' dir='ltr'>que</span> <span class='ocrx_word' id='word_1_9' title='bbox 1523 349 1615 376; x_wconf 86' lang='lat' dir='ltr'>cum</span> <span class='ocrx_word' id='word_1_10' title='bbox 1644 332 1917 383; x_wconf 82' lang='lat' dir='ltr'>confidentia,</span> <span class='ocrx_word' id='word_1_11' title='bbox 1943 346 2060 389; x_wconf 86' lang='lat' dir='ltr'>quam</span> <span class='ocrx_word' id='word_1_12' title='bbox 2081 351 2130 381; x_wconf 85' lang='lat' dir='ltr'>ex</span> <span class='ocrx_word' id='word_1_13' title='bbox 2157 341 2269 383; x_wconf 90' lang='lat' dir='ltr'>vobis</span> <span class='ocrx_word' id='word_1_14' title='bbox 2288 342 2428 385; x_wconf 85' lang='lat' dir='ltr'>conci.</span> 
     </span>
     <span class='ocr_line' id='line_1_3' title="bbox 345 392 2427 457; baseline 0.002 -17"><span class='ocrx_word' id='word_1_15' title='bbox 345 399 565 456; x_wconf 74' lang='lat' dir='ltr'>indebite)</span> <span class='ocrx_word' id='word_1_16' title='bbox 599 399 785 451; x_wconf 79' lang='lat' dir='ltr'>accipere</span> <span class='ocrx_word' id='word_1_17' title='bbox 811 395 964 452; x_wconf 80' lang='lat' dir='ltr'>poffent</span> <span class='ocrx_word' id='word_1_18' title='bbox 994 411 1044 439; x_wconf 90' lang='lat' dir='ltr'>ex</span> <span class='ocrx_word' id='word_1_19' title='bbox 1076 396 1223 436; x_wconf 87' lang='lat' dir='ltr'><strong>Vobis.</strong></span> <span class='ocrx_word' id='word_1_20' title='bbox 1254 399 1355 438; x_wconf 76' lang='lat' dir='ltr'>Prae-</span> <span class='ocrx_word' id='word_1_21' title='bbox 1422 409 1518 449; x_wconf 76' lang='lat' dir='ltr'>pto,</span> <span class='ocrx_word' id='word_1_22' title='bbox 1547 393 1760 435; x_wconf 76' lang='lat' dir='ltr'>rescribam</span> <span class='ocrx_word' id='word_1_23' title='bbox 1782 392 2058 448; x_wconf 69' lang='lat' dir='ltr'>magistratui,</span> <span class='ocrx_word' id='word_1_24' title='bbox 2085 409 2127 438; x_wconf 91' lang='lat' dir='ltr'>ut</span> <span class='ocrx_word' id='word_1_25' title='bbox 2153 413 2310 442; x_wconf 89' lang='lat' dir='ltr'>manum</span> <span class='ocrx_word' id='word_1_26' title='bbox 2325 416 2427 457; x_wconf 86' lang='lat' dir='ltr'>ope·</span> 
     </span>
     <span class='ocr_line' id='line_1_4' title="bbox 345 451 2428 510; baseline 0.01 -28"><span class='ocrx_word' id='word_1_27' title='bbox 345 469 486 507; x_wconf 73' lang='lat' dir='ltr'>terea,</span> <span class='ocrx_word' id='word_1_28' title='bbox 522 474 570 500; x_wconf 65' lang='lat' dir='ltr'>ne</span> <span class='ocrx_word' id='word_1_29' title='bbox 606 469 652 497; x_wconf 64' lang='lat' dir='ltr'>cx</span> <span class='ocrx_word' id='word_1_30' title='bbox 685 456 790 498; x_wconf 57' lang='lat' dir='ltr'>&lt;hsta</span> <span class='ocrx_word' id='word_1_31' title='bbox 823 459 932 499; x_wconf 69' lang='lat' dir='ltr'>Urbe</span> <span class='ocrx_word' id='word_1_32' title='bbox 958 483 970 507; x_wconf 77' lang='lat'>,</span> <span class='ocrx_word' id='word_1_33' title='bbox 1008 454 1186 510; x_wconf 76' lang='lat' dir='ltr'>locisque</span> <span class='ocrx_word' id='word_1_34' title='bbox 1214 457 1355 497; x_wconf 88' lang='lat' dir='ltr'>vicinis</span> <span class='ocrx_word' id='word_1_35' title='bbox 1417 454 1450 495; x_wconf 88' lang='lat' dir='ltr'>ri</span> <span class='ocrx_word' id='word_1_36' title='bbox 1468 454 1712 500; x_wconf 78' lang='lat' dir='ltr'>admoveat,</span> <span class='ocrx_word' id='word_1_37' title='bbox 1730 454 1766 493; x_wconf 92' lang='lat'>&amp;</span> <span class='ocrx_word' id='word_1_38' title='bbox 1790 455 1876 503; x_wconf 80' lang='lat' dir='ltr'>Te,</span> <span class='ocrx_word' id='word_1_39' title='bbox 1894 451 2060 507; x_wconf 86' lang='lat' dir='ltr'>tuosque</span> <span class='ocrx_word' id='word_1_40' title='bbox 2075 456 2339 501; x_wconf 63' lang='lat' dir='ltr'>satisfacturos</span> <span class='ocrx_word' id='word_1_41' title='bbox 2355 474 2428 502; x_wconf 85' lang='lat' dir='ltr'>no-</span> 
     </span>
     <span class='ocr_line' id='line_1_5' title="bbox 342 512 2427 569; baseline 0 -8"><span class='ocrx_word' id='word_1_42' title='bbox 342 518 545 562; x_wconf 80' lang='lat' dir='ltr'>recedatis</span> <span class='ocrx_word' id='word_1_43' title='bbox 585 514 733 569; x_wconf 81' lang='lat' dir='ltr'>absque</span> <span class='ocrx_word' id='word_1_44' title='bbox 763 514 894 557; x_wconf 88' lang='lat' dir='ltr'>nostra</span> <span class='ocrx_word' id='word_1_45' title='bbox 932 513 1091 566; x_wconf 87' lang='lat' dir='ltr'>speciali</span> <span class='ocrx_word' id='word_1_46' title='bbox 1116 538 1148 560; x_wconf 64' lang='lat'>2,</span> <span class='ocrx_word' id='word_1_47' title='bbox 1175 513 1239 554; x_wconf 88' lang='lat' dir='ltr'>vel</span> <span class='ocrx_word' id='word_1_48' title='bbox 1273 517 1354 556; x_wconf 81' lang='lat' dir='ltr'>Ca·</span> <span class='ocrx_word' id='word_1_49' title='bbox 1420 513 1501 555; x_wconf 84' lang='lat' dir='ltr'>stro</span> <span class='ocrx_word' id='word_1_50' title='bbox 1526 513 1757 560; x_wconf 80' lang='lat' dir='ltr'>deuderio,</span> <span class='ocrx_word' id='word_1_51' title='bbox 1784 512 2142 567; x_wconf 83' lang='lat' dir='ltr'>acceptaturosque</span> <span class='ocrx_word' id='word_1_52' title='bbox 2158 514 2291 558; x_wconf 89' lang='lat' dir='ltr'>locum</span> <span class='ocrx_word' id='word_1_53' title='bbox 2305 519 2427 562; x_wconf 89' lang='lat' dir='ltr'>obla-</span> 
     </span>
     <span class='ocr_line' id='line_1_6' title="bbox 342 568 2425 635; baseline -0.004 -16"><span class='ocrx_word' id='word_1_54' title='bbox 342 577 461 635; x_wconf 88' lang='lat' dir='ltr'>pituli</span> <span class='ocrx_word' id='word_1_55' title='bbox 491 573 706 616; x_wconf 76' lang='lat' dir='ltr'>Generalis</span> <span class='ocrx_word' id='word_1_56' title='bbox 736 571 861 614; x_wconf 88' lang='lat' dir='ltr'>futuri</span> <span class='ocrx_word' id='word_1_57' title='bbox 889 572 1162 614; x_wconf 86' lang='lat' dir='ltr'>ordinatione.</span> <span class='ocrx_word' id='word_1_58' title='bbox 1203 574 1246 613; x_wconf 87' lang='lat' dir='ltr'>ln</span> <span class='ocrx_word' id='word_1_59' title='bbox 1281 574 1356 614; x_wconf 89' lang='lat' dir='ltr'>ho·</span> <span class='ocrx_word' id='word_1_60' title='bbox 1419 581 1534 617; x_wconf 77' lang='lat' dir='ltr'>tum,</span> <span class='ocrx_word' id='word_1_61' title='bbox 1560 572 1599 611; x_wconf 90' lang='lat'>&amp;</span> <span class='ocrx_word' id='word_1_62' title='bbox 1624 571 1674 611; x_wconf 78' lang='lat' dir='ltr'>ibi</span> <span class='ocrx_word' id='word_1_63' title='bbox 1692 569 1847 611; x_wconf 85' lang='lat' dir='ltr'>firmam</span> <span class='ocrx_word' id='word_1_64' title='bbox 1864 570 2011 613; x_wconf 72' lang='lat' dir='ltr'>sedem</span> <span class='ocrx_word' id='word_1_65' title='bbox 2030 568 2202 625; x_wconf 74' lang='lat' dir='ltr'>fixurus,</span> <span class='ocrx_word' id='word_1_66' title='bbox 2233 578 2425 631; x_wconf 75' lang='lat' dir='ltr'>quemad-</span> 
     </span>
     <span class='ocr_line' id='line_1_7' title="bbox 342 628 2427 692; baseline -0 -20"><span class='ocrx_word' id='word_1_67' title='bbox 342 649 432 679; x_wconf 74' lang='lat' dir='ltr'>1um</span> <span class='ocrx_word' id='word_1_68' title='bbox 460 644 590 672; x_wconf 85' lang='lat' dir='ltr'>autem</span> <span class='ocrx_word' id='word_1_69' title='bbox 615 629 735 672; x_wconf 86' lang='lat' dir='ltr'>fidem</span> <span class='ocrx_word' id='word_1_70' title='bbox 763 631 932 684; x_wconf 83' lang='lat' dir='ltr'>jussimus</span> <span class='ocrx_word' id='word_1_71' title='bbox 961 629 1043 671; x_wconf 84' lang='lat' dir='ltr'>fieri</span> <span class='ocrx_word' id='word_1_72' title='bbox 1077 631 1145 671; x_wconf 87' lang='lat' dir='ltr'>has</span> <span class='ocrx_word' id='word_1_73' title='bbox 1173 629 1353 681; x_wconf 85' lang='lat' dir='ltr'>litteras,</span> <span class='ocrx_word' id='word_1_74' title='bbox 1416 629 1579 671; x_wconf 85' lang='lat' dir='ltr'>modum</span> <span class='ocrx_word' id='word_1_75' title='bbox 1601 628 1681 683; x_wconf 89' lang='lat' dir='ltr'>ipse</span> <span class='ocrx_word' id='word_1_76' title='bbox 1700 629 1951 682; x_wconf 83' lang='lat' dir='ltr'>Magistratus</span> <span class='ocrx_word' id='word_1_77' title='bbox 1971 636 2170 685; x_wconf 89' lang='lat' dir='ltr'>percupit.</span> <span class='ocrx_word' id='word_1_78' title='bbox 2183 634 2272 687; x_wconf 86' lang='lat' dir='ltr'>Ego</span> <span class='ocrx_word' id='word_1_79' title='bbox 2290 636 2427 692; x_wconf 76' lang='lat' dir='ltr'>exspe-</span> 
     </span>
     <span class='ocr_line' id='line_1_8' title="bbox 344 686 2428 745; baseline 0 -11"><span class='ocrx_word' id='word_1_80' title='bbox 344 690 556 745; x_wconf 72' lang='lat' dir='ltr'>manfisque</span> <span class='ocrx_word' id='word_1_81' title='bbox 575 688 711 730; x_wconf 86' lang='lat' dir='ltr'>nostrae</span> <span class='ocrx_word' id='word_1_82' title='bbox 726 688 1014 745; x_wconf 82' lang='lat' dir='ltr'>subscriptione</span> <span class='ocrx_word' id='word_1_83' title='bbox 1030 716 1042 736; x_wconf 77' lang='lat'>‚</span> <span class='ocrx_word' id='word_1_84' title='bbox 1075 689 1115 730; x_wconf 73' lang='grc' dir='ltr'>δι</span> <span class='ocrx_word' id='word_1_85' title='bbox 1131 689 1262 743; x_wconf 84' lang='lat' dir='ltr'>Sigilli</span> <span class='ocrx_word' id='word_1_86' title='bbox 1278 704 1352 731; x_wconf 88' lang='lat' dir='ltr'>no·</span> <span class='ocrx_word' id='word_1_87' title='bbox 1415 691 1480 730; x_wconf 71' lang='lat' dir='ltr'>Cto</span> <span class='ocrx_word' id='word_1_88' title='bbox 1495 686 1726 743; x_wconf 88' lang='lat' dir='ltr'>responsum</span> <span class='ocrx_word' id='word_1_89' title='bbox 1739 689 1788 729; x_wconf 85' lang='lat' dir='ltr'>ad</span> <span class='ocrx_word' id='word_1_90' title='bbox 1803 701 1943 730; x_wconf 89' lang='lat' dir='ltr'>omnes</span> <span class='ocrx_word' id='word_1_91' title='bbox 1957 690 2055 743; x_wconf 74' lang='lat' dir='ltr'>huju</span> <span class='ocrx_word' id='word_1_92' title='bbox 2067 703 2083 730; x_wconf 91' lang='lat' dir='ltr'>s</span> <span class='ocrx_word' id='word_1_93' title='bbox 2096 690 2265 745; x_wconf 79' lang='lat' dir='ltr'>epistolae</span> <span class='ocrx_word' id='word_1_94' title='bbox 2281 696 2428 742; x_wconf 73' lang='lat' dir='ltr'>articu-</span> 
     </span>
     <span class='ocr_line' id='line_1_9' title="bbox 344 746 2420 804; baseline 0.002 -15"><span class='ocrx_word' id='word_1_95' title='bbox 344 752 410 793; x_wconf 83' lang='lat' dir='ltr'>stri</span> <span class='ocrx_word' id='word_1_96' title='bbox 431 746 623 789; x_wconf 77' lang='lat' dir='ltr'>ordinarii</span> <span class='ocrx_word' id='word_1_97' title='bbox 650 747 901 804; x_wconf 70' lang='lat' dir='ltr'>impressione</span> <span class='ocrx_word' id='word_1_98' title='bbox 916 746 1085 788; x_wconf 89' lang='lat' dir='ltr'>muniri.</span> <span class='ocrx_word' id='word_1_99' title='bbox 1412 746 1504 794; x_wconf 76' lang='lat' dir='ltr'>los,</span> <span class='ocrx_word' id='word_1_100' title='bbox 1534 760 1790 800; x_wconf 80' lang='lat' dir='ltr'>precorque,</span> <span class='ocrx_word' id='word_1_101' title='bbox 1811 757 1853 787; x_wconf 90' lang='lat' dir='ltr'>ut</span> <span class='ocrx_word' id='word_1_102' title='bbox 1880 748 1958 790; x_wconf 89' lang='lat' dir='ltr'>mei</span> <span class='ocrx_word' id='word_1_103' title='bbox 1989 749 2255 791; x_wconf 85' lang='lat' dir='ltr'>memineritis</span> <span class='ocrx_word' id='word_1_104' title='bbox 2283 753 2321 793; x_wconf 90' lang='lat' dir='ltr'>in</span> <span class='ocrx_word' id='word_1_105' title='bbox 2349 765 2420 798; x_wconf 81' lang='lat' dir='ltr'>ve·-</span> 
     </span>
    </p>
   </div>
   <div class='ocr_carea' id='block_1_3' title="bbox 398 806 1192 861">
    <p class='ocr_par' dir='ltr' id='par_1_3' title="bbox 398 806 1192 861">
     <span class='ocr_line' id='line_1_10' title="bbox 398 806 1192 861; baseline -0.004 -11"><span class='ocrx_word' id='word_1_106' title='bbox 398 810 550 850; x_wconf 89' lang='lat' dir='ltr'>Datum</span> <span class='ocrx_word' id='word_1_107' title='bbox 566 808 706 849; x_wconf 87' lang='lat' dir='ltr'>Romae</span> <span class='ocrx_word' id='word_1_108' title='bbox 720 835 734 858; x_wconf 91' lang='lat'>‚</span> <span class='ocrx_word' id='word_1_109' title='bbox 759 806 824 849; x_wconf 84' lang='lat' dir='ltr'>die</span> <span class='ocrx_word' id='word_1_110' title='bbox 841 811 878 849; x_wconf 92' lang='lat'>8.</span> <span class='ocrx_word' id='word_1_111' title='bbox 894 807 1048 861; x_wconf 86' lang='lat' dir='ltr'>Aprilis</span> <span class='ocrx_word' id='word_1_112' title='bbox 1070 807 1192 857; x_wconf 85' lang='lat'><em>1586.</em></span> 
     </span>
    </p>
   </div>
   <div class='ocr_carea' id='block_1_4' title="bbox 570 924 1346 1026">
    <p class='ocr_par' dir='ltr' id='par_1_4' title="bbox 570 924 1346 1026">
     <span class='ocr_line' id='line_1_11' title="bbox 570 924 1346 979; baseline 0.001 -12"><span class='ocrx_word' id='word_1_113' title='bbox 570 924 706 979; x_wconf 64' lang='lat' dir='ltr'>vatius</span> <span class='ocrx_word' id='word_1_114' title='bbox 722 925 931 974; x_wconf 82' lang='lat' dir='ltr'>Antonius,</span> <span class='ocrx_word' id='word_1_115' title='bbox 945 924 1062 967; x_wconf 83' lang='lat' dir='ltr'>Card.</span> <span class='ocrx_word' id='word_1_116' title='bbox 1076 928 1115 967; x_wconf 81' lang='lat' dir='ltr'>s.</span> <span class='ocrx_word' id='word_1_117' title='bbox 1127 925 1318 968; x_wconf 60' lang='grc' dir='ltr'>,ξονι-νίκα·</span> <span class='ocrx_word' id='word_1_118' title='bbox 1330 953 1346 977; x_wconf 89' lang='grc'>,</span> 
     </span>
     <span class='ocr_line' id='line_1_12' title="bbox 777 984 1001 1026; baseline 0 -2"><span class='ocrx_word' id='word_1_119' title='bbox 777 984 972 1026; x_wconf 58' lang='lat' dir='ltr'>Pronnoi«</span> <span class='ocrx_word' id='word_1_120' title='bbox 988 1012 1001 1024; x_wconf 93' lang='lat'><strong>.</strong></span> 
     </span>
    </p>
   </div>
   <div class='ocr_carea' id='block_1_5' title="bbox 397 1098 1120 1159">
    <p class='ocr_par' dir='ltr' id='par_1_5' title="bbox 397 1098 1120 1159">
     <span class='ocr_line' id='line_1_13' title="bbox 397 1098 1120 1159; baseline -0.001 -16"><span class='ocrx_word' id='word_1_121' title='bbox 397 1102 456 1143; x_wconf 79' lang='lat' dir='ltr'>Ex</span> <span class='ocrx_word' id='word_1_122' title='bbox 482 1098 606 1140; x_wconf 82' lang='lat' dir='ltr'>eodem</span> <span class='ocrx_word' id='word_1_123' title='bbox 621 1100 780 1142; x_wconf 75' lang='lat' dir='ltr'>Bovert&#39;t&#39;</span> <span class='ocrx_word' id='word_1_124' title='bbox 806 1108 906 1142; x_wconf 85' lang='lat' dir='ltr'>tomo</span> <span class='ocrx_word' id='word_1_125' title='bbox 924 1099 1011 1159; x_wconf 85' lang='lat' dir='ltr'>fol.</span> <span class='ocrx_word' id='word_1_126' title='bbox 1029 1103 1120 1151; x_wconf 81' lang='lat'><em>187.</em></span> 
     </span>
    </p>
   </div>
   <div class='ocr_carea' id='block_1_6' title="bbox 978 1239 1208 1253">
    <p class='ocr_par' dir='ltr' id='par_1_6' title="bbox 978 1239 1208 1253">
     <span class='ocr_line' id='line_1_14' title="bbox 978 1239 1208 1253; baseline 0 3003"><span class='ocrx_word' id='word_1_127' title='bbox 978 1239 1208 1253; x_wconf 95' lang='lat' dir='ltr'> </span> 
     </span>
    </p>
   </div>
   <div class='ocr_carea' id='block_1_7' title="bbox 685 1240 973 1253">
    <p class='ocr_par' dir='ltr' id='par_1_7' title="bbox 685 1240 973 1253">
     <span class='ocr_line' id='line_1_15' title="bbox 685 1240 973 1253; baseline 0 3003"><span class='ocrx_word' id='word_1_128' title='bbox 685 1240 973 1253; x_wconf 95' lang='lat' dir='ltr'> </span> 
     </span>
    </p>
   </div>
   <div class='ocr_carea' id='block_1_8' title="bbox 337 1241 684 1256">
    <p class='ocr_par' dir='ltr' id='par_1_8' title="bbox 337 1241 684 1256">
     <span class='ocr_line' id='line_1_16' title="bbox 337 1241 684 1256; baseline -0.003 -2"><span class='ocrx_word' id='word_1_129' title='bbox 337 1241 684 1256; x_wconf 71' lang='lat' dir='ltr'>——n———u-</span> 
     </span>
    </p>
   </div>
   <div class='ocr_carea' id='block_1_9' title="bbox 340 1333 1347 1596">
    <p class='ocr_par' dir='ltr' id='par_1_9' title="bbox 340 1333 1347 1596">
     <span class='ocr_line' id='line_1_17' title="bbox 340 1333 1347 1403; baseline -0.002 -18"><span class='ocrx_word' id='word_1_130' title='bbox 340 1343 387 1390; x_wconf 90' lang='lat' dir='ltr'>A</span> <span class='ocrx_word' id='word_1_131' title='bbox 407 1334 641 1386; x_wconf 83' lang='lat' dir='ltr'>Fratribus</span> <span class='ocrx_word' id='word_1_132' title='bbox 665 1333 867 1382; x_wconf 87' lang='lat' dir='ltr'>oblatam</span> <span class='ocrx_word' id='word_1_133' title='bbox 896 1333 919 1381; x_wconf 77' lang='grc' dir='ltr'>ἓι</span> <span class='ocrx_word' id='word_1_134' title='bbox 939 1334 1212 1403; x_wconf 78' lang='lat' dir='ltr'>Magistratu</span> <span class='ocrx_word' id='word_1_135' title='bbox 1232 1340 1347 1385; x_wconf 88' lang='lat' dir='ltr'>Ant-</span> 
     </span>
     <span class='ocr_line' id='line_1_18' title="bbox 410 1402 1346 1472; baseline -0.002 -17"><span class='ocrx_word' id='word_1_136' title='bbox 410 1402 631 1472; x_wconf 88' lang='lat' dir='ltr'>uerpienfi</span> <span class='ocrx_word' id='word_1_137' title='bbox 653 1408 862 1453; x_wconf 88' lang='lat' dir='ltr'>Domum</span> <span class='ocrx_word' id='word_1_138' title='bbox 897 1405 1153 1472; x_wconf 87' lang='lat' dir='ltr'>acceptari,</span> <span class='ocrx_word' id='word_1_139' title='bbox 1183 1406 1346 1454; x_wconf 85' lang='lat' dir='ltr'>Cardi-</span> 
     </span>
     <span class='ocr_line' id='line_1_19' title="bbox 406 1475 1346 1525; baseline -0.004 0"><span class='ocrx_word' id='word_1_140' title='bbox 406 1479 519 1525; x_wconf 85' lang='lat' dir='ltr'>nalis</span> <span class='ocrx_word' id='word_1_141' title='bbox 554 1475 809 1523; x_wconf 89' lang='lat' dir='ltr'>Montaltus</span> <span class='ocrx_word' id='word_1_142' title='bbox 839 1476 1004 1524; x_wconf 91' lang='lat' dir='ltr'>litteris</span> <span class='ocrx_word' id='word_1_143' title='bbox 1036 1475 1092 1524; x_wconf 85' lang='lat' dir='ltr'>ad</span> <span class='ocrx_word' id='word_1_144' title='bbox 1129 1477 1205 1523; x_wconf 86' lang='lat' dir='ltr'>Fr.</span> <span class='ocrx_word' id='word_1_145' title='bbox 1230 1476 1346 1525; x_wconf 87' lang='lat' dir='ltr'>Feli-</span> 
     </span>
     <span class='ocr_line' id='line_1_20' title="bbox 413 1540 1175 1596; baseline -0.004 0"><span class='ocrx_word' id='word_1_146' title='bbox 413 1563 514 1596; x_wconf 85' lang='lat' dir='ltr'>cem</span> <span class='ocrx_word' id='word_1_147' title='bbox 530 1540 837 1595; x_wconf 83' lang='lat' dir='ltr'>Pedonensem</span> <span class='ocrx_word' id='word_1_148' title='bbox 866 1542 982 1596; x_wconf 87' lang='lat' dir='ltr'>datis</span> <span class='ocrx_word' id='word_1_149' title='bbox 1004 1559 1175 1595; x_wconf 86' lang='lat' dir='ltr'>monet.</span> 
     </span>
    </p>
   </div>
   <div class='ocr_carea' id='block_1_10' title="bbox 652 1687 1026 1730">
    <p class='ocr_par' dir='ltr' id='par_1_10' title="bbox 652 1687 1026 1730">
     <span class='ocr_line' id='line_1_21' title="bbox 652 1687 1026 1730; baseline 0.003 -1"><span class='ocrx_word' id='word_1_150' title='bbox 652 1687 868 1730; x_wconf 78' lang='lat' dir='ltr'>Reverende</span> <span class='ocrx_word' id='word_1_151' title='bbox 890 1689 1004 1730; x_wconf 84' lang='lat' dir='ltr'>Pater</span> <span class='ocrx_word' id='word_1_152' title='bbox 1014 1717 1026 1730; x_wconf 86' lang='lat'><strong><em>.</em></strong></span> 
     </span>
    </p>
   </div>
   <div class='ocr_carea' id='block_1_11' title="bbox 328 1802 1340 3035">
    <p class='ocr_par' dir='ltr' id='par_1_11' title="bbox 493 1802 1340 1863">
     <span class='ocr_line' id='line_1_22' title="bbox 493 1802 1340 1863; baseline 0.001 -17"><span class='ocrx_word' id='word_1_153' title='bbox 493 1802 557 1846; x_wconf 79' lang='lat' dir='ltr'>lhi</span> <span class='ocrx_word' id='word_1_154' title='bbox 593 1804 846 1860; x_wconf 78' lang='lat' dir='ltr'>Magistratus</span> <span class='ocrx_word' id='word_1_155' title='bbox 885 1806 1007 1848; x_wconf 87' lang='lat' dir='ltr'>Urbis</span> <span class='ocrx_word' id='word_1_156' title='bbox 1037 1806 1340 1863; x_wconf 80' lang='lat' dir='ltr'>Antuerpiensis</span> 
     </span>
    </p>

    <p class='ocr_par' dir='ltr' id='par_1_12' title="bbox 328 1863 1340 3035">
     <span class='ocr_line' id='line_1_23' title="bbox 507 1863 1340 1922; baseline 0.002 -17"><span class='ocrx_word' id='word_1_157' title='bbox 507 1863 725 1918; x_wconf 74' lang='lat' dir='ltr'>longiffima</span> <span class='ocrx_word' id='word_1_158' title='bbox 752 1864 920 1918; x_wconf 65' lang='lat' dir='ltr'>epistola</span> <span class='ocrx_word' id='word_1_159' title='bbox 936 1865 1187 1921; x_wconf 82' lang='lat' dir='ltr'>perscriptit,</span> <span class='ocrx_word' id='word_1_160' title='bbox 1215 1880 1340 1922; x_wconf 85' lang='lat' dir='ltr'>quan-</span> 
     </span>
     <span class='ocr_line' id='line_1_24' title="bbox 337 1923 1337 1981; baseline -0.001 -15"><span class='ocrx_word' id='word_1_161' title='bbox 337 1937 422 1966; x_wconf 83' lang='lat' dir='ltr'>tum</span> <span class='ocrx_word' id='word_1_162' title='bbox 435 1923 623 1978; x_wconf 79' lang='lat' dir='ltr'>gaudium</span> <span class='ocrx_word' id='word_1_163' title='bbox 641 1937 688 1964; x_wconf 89' lang='lat' dir='ltr'>ex</span> <span class='ocrx_word' id='word_1_164' title='bbox 704 1936 754 1964; x_wconf 90' lang='lat' dir='ltr'>eo</span> <span class='ocrx_word' id='word_1_165' title='bbox 769 1926 989 1979; x_wconf 82' lang='lat' dir='ltr'>acceperit,</span> <span class='ocrx_word' id='word_1_166' title='bbox 1003 1925 1110 1981; x_wconf 91' lang='lat' dir='ltr'>quod</span> <span class='ocrx_word' id='word_1_167' title='bbox 1126 1925 1337 1967; x_wconf 88' lang='lat' dir='ltr'>decretum</span> 
     </span>
     <span class='ocr_line' id='line_1_25' title="bbox 335 1980 1339 2037; baseline 0.003 -14"><span class='ocrx_word' id='word_1_168' title='bbox 335 1980 411 2029; x_wconf 75' lang='lat' dir='ltr'>fit,</span> <span class='ocrx_word' id='word_1_169' title='bbox 428 1984 487 2023; x_wconf 81' lang='lat' dir='ltr'>Te</span> <span class='ocrx_word' id='word_1_170' title='bbox 503 2009 516 2031; x_wconf 81' lang='lat'>‚</span> <span class='ocrx_word' id='word_1_171' title='bbox 539 1981 704 2037; x_wconf 88' lang='lat' dir='ltr'>tuosque</span> <span class='ocrx_word' id='word_1_172' title='bbox 728 1982 849 2022; x_wconf 84' lang='lat' dir='ltr'>socios</span> <span class='ocrx_word' id='word_1_173' title='bbox 881 1985 919 2025; x_wconf 90' lang='lat' dir='ltr'>in</span> <span class='ocrx_word' id='word_1_174' title='bbox 935 1982 1038 2026; x_wconf 66' lang='lat' dir='ltr'>dieta</span> <span class='ocrx_word' id='word_1_175' title='bbox 1060 1986 1169 2028; x_wconf 86' lang='lat' dir='ltr'>Urbe</span> <span class='ocrx_word' id='word_1_176' title='bbox 1188 1985 1339 2026; x_wconf 81' lang='lat' dir='ltr'>habita·</span> 
     </span>
     <span class='ocr_line' id='line_1_26' title="bbox 336 2036 1338 2095; baseline 0.005 -14"><span class='ocrx_word' id='word_1_177' title='bbox 336 2050 450 2082; x_wconf 89' lang='lat' dir='ltr'>turos</span> <span class='ocrx_word' id='word_1_178' title='bbox 475 2036 572 2082; x_wconf 80' lang='lat' dir='ltr'>effe:</span> <span class='ocrx_word' id='word_1_179' title='bbox 604 2039 794 2095; x_wconf 81' lang='lat' dir='ltr'>liquidem</span> <span class='ocrx_word' id='word_1_180' title='bbox 814 2046 835 2083; x_wconf 77' lang='lat' dir='ltr'>a</span> <span class='ocrx_word' id='word_1_181' title='bbox 861 2043 987 2083; x_wconf 89' lang='lat' dir='ltr'>Vobis</span> <span class='ocrx_word' id='word_1_182' title='bbox 1003 2042 1171 2085; x_wconf 87' lang='lat' dir='ltr'>maxima</span> <span class='ocrx_word' id='word_1_183' title='bbox 1188 2045 1338 2086; x_wconf 86' lang='lat' dir='ltr'>adom·-</span> 
     </span>
     <span class='ocr_line' id='line_1_27' title="bbox 331 2096 1335 2153; baseline 0.004 -13"><span class='ocrx_word' id='word_1_184' title='bbox 331 2112 405 2143; x_wconf 86' lang='lat' dir='ltr'>nes</span> <span class='ocrx_word' id='word_1_185' title='bbox 419 2098 639 2141; x_wconf 86' lang='lat' dir='ltr'>consolatio</span> <span class='ocrx_word' id='word_1_186' title='bbox 654 2096 868 2153; x_wconf 81' lang='lat' dir='ltr'>spiritualis</span> <span class='ocrx_word' id='word_1_187' title='bbox 886 2101 1078 2144; x_wconf 88' lang='lat' dir='ltr'>derivare</span> <span class='ocrx_word' id='word_1_188' title='bbox 1099 2102 1196 2145; x_wconf 89' lang='lat' dir='ltr'>solet</span> <span class='ocrx_word' id='word_1_189' title='bbox 1209 2133 1220 2143; x_wconf 93' lang='lat'>.</span> <span class='ocrx_word' id='word_1_190' title='bbox 1253 2105 1335 2144; x_wconf 91' lang='lat' dir='ltr'>Ve-</span> 
     </span>
     <span class='ocr_line' id='line_1_28' title="bbox 334 2157 1337 2216; baseline 0.002 -15"><span class='ocrx_word' id='word_1_191' title='bbox 334 2164 547 2201; x_wconf 83' lang='lat' dir='ltr'>runtamen</span> <span class='ocrx_word' id='word_1_192' title='bbox 564 2185 577 2206; x_wconf 76' lang='grc'><strong>,</strong></span> <span class='ocrx_word' id='word_1_193' title='bbox 602 2169 644 2200; x_wconf 92' lang='lat' dir='ltr'>ut</span> <span class='ocrx_word' id='word_1_194' title='bbox 675 2157 782 2198; x_wconf 90' lang='lat' dir='ltr'>idem</span> <span class='ocrx_word' id='word_1_195' title='bbox 797 2158 1050 2212; x_wconf 82' lang='lat' dir='ltr'>Magistratus</span> <span class='ocrx_word' id='word_1_196' title='bbox 1074 2161 1239 2212; x_wconf 85' lang='lat' dir='ltr'>scribit,</span> <span class='ocrx_word' id='word_1_197' title='bbox 1266 2170 1337 2216; x_wconf 85' lang='lat' dir='ltr'>pa-</span> 
     </span>
     <span class='ocr_line' id='line_1_29' title="bbox 329 2215 1336 2274; baseline 0.003 -17"><span class='ocrx_word' id='word_1_198' title='bbox 329 2215 420 2259; x_wconf 72' lang='lat' dir='ltr'>rum</span> <span class='ocrx_word' id='word_1_199' title='bbox 437 2215 593 2271; x_wconf 87' lang='lat' dir='ltr'>juvaret</span> <span class='ocrx_word' id='word_1_200' title='bbox 610 2229 674 2257; x_wconf 90' lang='lat' dir='ltr'>me</span> <span class='ocrx_word' id='word_1_201' title='bbox 691 2215 916 2271; x_wconf 77' lang='lat' dir='ltr'>impetrasse</span> <span class='ocrx_word' id='word_1_202' title='bbox 929 2246 943 2268; x_wconf 85' lang='lat'>,</span> <span class='ocrx_word' id='word_1_203' title='bbox 976 2229 1017 2259; x_wconf 91' lang='lat' dir='ltr'>ut</span> <span class='ocrx_word' id='word_1_204' title='bbox 1033 2219 1160 2261; x_wconf 74' lang='lat' dir='ltr'>rstihic</span> <span class='ocrx_word' id='word_1_205' title='bbox 1175 2233 1336 2274; x_wconf 83' lang='lat' dir='ltr'>perma-</span> 
     </span>
     <span class='ocr_line' id='line_1_30' title="bbox 333 2274 1333 2331; baseline 0 -13"><span class='ocrx_word' id='word_1_206' title='bbox 333 2275 496 2326; x_wconf 75' lang='lat' dir='ltr'>neati33</span> <span class='ocrx_word' id='word_1_207' title='bbox 524 2274 588 2316; x_wconf 77' lang='lat' dir='ltr'>nisi</span> <span class='ocrx_word' id='word_1_208' title='bbox 617 2277 738 2317; x_wconf 83' lang='lat' dir='ltr'>etiam</span> <span class='ocrx_word' id='word_1_209' title='bbox 762 2275 999 2331; x_wconf 83' lang='lat' dir='ltr'>acciperetis</span> <span class='ocrx_word' id='word_1_210' title='bbox 1022 2277 1152 2320; x_wconf 87' lang='lat' dir='ltr'>locum</span> <span class='ocrx_word' id='word_1_211' title='bbox 1169 2307 1182 2328; x_wconf 78' lang='lat'>,</span> <span class='ocrx_word' id='word_1_212' title='bbox 1213 2291 1333 2331; x_wconf 88' lang='lat' dir='ltr'>quem</span> 
     </span>
     <span class='ocr_line' id='line_1_31' title="bbox 333 2332 1339 2390; baseline 0.002 -15"><span class='ocrx_word' id='word_1_213' title='bbox 333 2333 451 2375; x_wconf 87' lang='lat' dir='ltr'>vobis</span> <span class='ocrx_word' id='word_1_214' title='bbox 464 2333 544 2387; x_wconf 87' lang='lat' dir='ltr'>ipse</span> <span class='ocrx_word' id='word_1_215' title='bbox 563 2332 811 2388; x_wconf 86' lang='lat' dir='ltr'>Magistratus</span> <span class='ocrx_word' id='word_1_216' title='bbox 829 2363 844 2384; x_wconf 93' lang='lat'>,</span> <span class='ocrx_word' id='word_1_217' title='bbox 874 2337 914 2376; x_wconf 92' lang='lat'>&amp;</span> <span class='ocrx_word' id='word_1_218' title='bbox 929 2336 1092 2390; x_wconf 87' lang='lat' dir='ltr'>quidam</span> <span class='ocrx_word' id='word_1_219' title='bbox 1110 2337 1176 2378; x_wconf 85' lang='lat' dir='ltr'>alii</span> <span class='ocrx_word' id='word_1_220' title='bbox 1194 2337 1246 2389; x_wconf 91' lang='lat' dir='ltr'>pii</span> <span class='ocrx_word' id='word_1_221' title='bbox 1261 2364 1273 2386; x_wconf 86' lang='lat'><em>‚</em></span> <span class='ocrx_word' id='word_1_222' title='bbox 1299 2338 1339 2377; x_wconf 88' lang='lat'>&amp;</span> 
     </span>
     <span class='ocr_line' id='line_1_32' title="bbox 332 2391 1337 2438; baseline 0.004 -6"><span class='ocrx_word' id='word_1_223' title='bbox 332 2391 544 2432; x_wconf 78' lang='lat' dir='ltr'>christiana</span> <span class='ocrx_word' id='word_1_224' title='bbox 570 2391 765 2434; x_wconf 76' lang='lat' dir='ltr'>charitate</span> <span class='ocrx_word' id='word_1_225' title='bbox 786 2395 883 2435; x_wconf 83' lang='lat' dir='ltr'>moti</span> <span class='ocrx_word' id='word_1_226' title='bbox 903 2395 1086 2438; x_wconf 85' lang='lat' dir='ltr'>homines</span> <span class='ocrx_word' id='word_1_227' title='bbox 1109 2394 1337 2438; x_wconf 80' lang='lat' dir='ltr'>adscribere</span> 
     </span>
     <span class='ocr_line' id='line_1_33' title="bbox 333 2447 1335 2511; baseline 0.004 -20"><span class='ocrx_word' id='word_1_228' title='bbox 333 2451 374 2491; x_wconf 75' lang='grc' dir='ltr'>δι</span> <span class='ocrx_word' id='word_1_229' title='bbox 387 2448 539 2503; x_wconf 86' lang='lat' dir='ltr'>erigere</span> <span class='ocrx_word' id='word_1_230' title='bbox 554 2447 778 2492; x_wconf 73' lang='lat' dir='ltr'>defiderant</span> <span class='ocrx_word' id='word_1_231' title='bbox 794 2462 809 2501; x_wconf 80' lang='lat'>3</span> <span class='ocrx_word' id='word_1_232' title='bbox 824 2452 870 2493; x_wconf 89' lang='lat' dir='ltr'>ad</span> <span class='ocrx_word' id='word_1_233' title='bbox 890 2453 969 2495; x_wconf 83' lang='lat' dir='ltr'>hoc</span> <span class='ocrx_word' id='word_1_234' title='bbox 980 2481 994 2503; x_wconf 85' lang='lat'>‚</span> <span class='ocrx_word' id='word_1_235' title='bbox 1008 2465 1051 2495; x_wconf 92' lang='lat' dir='ltr'>ut</span> <span class='ocrx_word' id='word_1_236' title='bbox 1064 2454 1211 2511; x_wconf 88' lang='lat' dir='ltr'>majori</span> <span class='ocrx_word' id='word_1_237' title='bbox 1225 2467 1335 2495; x_wconf 89' lang='lat' dir='ltr'>com·</span> 
     </span>
     <span class='ocr_line' id='line_1_34' title="bbox 332 2507 1335 2564; baseline 0.005 -16"><span class='ocrx_word' id='word_1_238' title='bbox 332 2507 534 2549; x_wconf 83' lang='lat' dir='ltr'>moditate</span> <span class='ocrx_word' id='word_1_239' title='bbox 552 2508 747 2563; x_wconf 82' lang='lat' dir='ltr'>Regulam</span> <span class='ocrx_word' id='word_1_240' title='bbox 775 2510 942 2551; x_wconf 84' lang='lat' dir='ltr'>vestram</span> <span class='ocrx_word' id='word_1_241' title='bbox 966 2510 1153 2564; x_wconf 81' lang='lat' dir='ltr'>servare,</span> <span class='ocrx_word' id='word_1_242' title='bbox 1179 2511 1335 2554; x_wconf 84' lang='lat' dir='ltr'>exerci-</span> 
     </span>
     <span class='ocr_line' id='line_1_35' title="bbox 330 2565 1334 2627; baseline 0.004 -19"><span class='ocrx_word' id='word_1_243' title='bbox 330 2567 465 2623; x_wconf 85' lang='lat' dir='ltr'>tiaque</span> <span class='ocrx_word' id='word_1_244' title='bbox 498 2565 625 2608; x_wconf 86' lang='lat' dir='ltr'>vestra</span> <span class='ocrx_word' id='word_1_245' title='bbox 646 2566 864 2620; x_wconf 80' lang='lat' dir='ltr'>spiritualia</span> <span class='ocrx_word' id='word_1_246' title='bbox 886 2569 1091 2624; x_wconf 65' lang='lat' dir='ltr'>praestare,</span> <span class='ocrx_word' id='word_1_247' title='bbox 1120 2583 1242 2627; x_wconf 88' lang='lat' dir='ltr'>atque</span> <span class='ocrx_word' id='word_1_248' title='bbox 1260 2585 1334 2626; x_wconf 88' lang='lat' dir='ltr'>per</span> 
     </span>
     <span class='ocr_line' id='line_1_36' title="bbox 333 2625 1332 2680; baseline 0.003 -13"><span class='ocrx_word' id='word_1_249' title='bbox 333 2640 407 2673; x_wconf 73' lang='lat' dir='ltr'>ea,</span> <span class='ocrx_word' id='word_1_250' title='bbox 437 2636 515 2665; x_wconf 85' lang='lat' dir='ltr'>non</span> <span class='ocrx_word' id='word_1_251' title='bbox 545 2625 666 2668; x_wconf 79' lang='lat' dir='ltr'>modo</span> <span class='ocrx_word' id='word_1_252' title='bbox 694 2625 760 2680; x_wconf 82' lang='lat' dir='ltr'>ipii</span> <span class='ocrx_word' id='word_1_253' title='bbox 792 2627 923 2678; x_wconf 88' lang='lat' dir='ltr'>Urbi,</span> <span class='ocrx_word' id='word_1_254' title='bbox 952 2627 1015 2672; x_wconf 91' lang='lat' dir='ltr'>sed</span> <span class='ocrx_word' id='word_1_255' title='bbox 1046 2633 1166 2673; x_wconf 84' lang='lat' dir='ltr'>etiam</span> <span class='ocrx_word' id='word_1_256' title='bbox 1195 2630 1332 2672; x_wconf 87' lang='lat' dir='ltr'>vicinis</span> 
     </span>
     <span class='ocr_line' id='line_1_37' title="bbox 328 2681 1335 2738; baseline 0.006 -14"><span class='ocrx_word' id='word_1_257' title='bbox 328 2681 558 2738; x_wconf 77' lang='lat' dir='ltr'>proficere,</span> <span class='ocrx_word' id='word_1_258' title='bbox 585 2685 623 2723; x_wconf 78' lang='grc' dir='ltr'>δι</span> <span class='ocrx_word' id='word_1_259' title='bbox 639 2683 820 2736; x_wconf 73' lang='lat' dir='ltr'>prodesse</span> <span class='ocrx_word' id='word_1_260' title='bbox 837 2686 1027 2729; x_wconf 84' lang='lat' dir='ltr'>valeatis.</span> <span class='ocrx_word' id='word_1_261' title='bbox 1060 2690 1219 2731; x_wconf 85' lang='lat' dir='ltr'>Deinde</span> <span class='ocrx_word' id='word_1_262' title='bbox 1241 2689 1335 2731; x_wconf 89' lang='lat' dir='ltr'>mihi</span> 
     </span>
     <span class='ocr_line' id='line_1_38' title="bbox 330 2739 1333 2804; baseline 0.005 -21"><span class='ocrx_word' id='word_1_263' title='bbox 330 2739 593 2795; x_wconf 86' lang='lat' dir='ltr'>fignificatum</span> <span class='ocrx_word' id='word_1_264' title='bbox 619 2739 692 2783; x_wconf 87' lang='lat' dir='ltr'>fuit</span> <span class='ocrx_word' id='word_1_265' title='bbox 710 2770 723 2792; x_wconf 81' lang='lat'><strong>,</strong></span> <span class='ocrx_word' id='word_1_266' title='bbox 748 2742 856 2784; x_wconf 86' lang='lat' dir='ltr'>istam</span> <span class='ocrx_word' id='word_1_267' title='bbox 885 2743 964 2786; x_wconf 91' lang='lat' dir='ltr'>loci</span> <span class='ocrx_word' id='word_1_268' title='bbox 983 2746 1333 2804; x_wconf 87' lang='lat' dir='ltr'>oblatiacceptio-</span> 
     </span>
     <span class='ocr_line' id='line_1_39' title="bbox 332 2798 1334 2858; baseline 0.007 -17"><span class='ocrx_word' id='word_1_269' title='bbox 332 2814 422 2842; x_wconf 83' lang='lat' dir='ltr'>nem</span> <span class='ocrx_word' id='word_1_270' title='bbox 439 2799 631 2855; x_wconf 87' lang='lat' dir='ltr'>expedire</span> <span class='ocrx_word' id='word_1_271' title='bbox 657 2798 909 2853; x_wconf 86' lang='lat' dir='ltr'>summopere</span> <span class='ocrx_word' id='word_1_272' title='bbox 925 2802 1089 2846; x_wconf 85' lang='lat' dir='ltr'>servitio</span> <span class='ocrx_word' id='word_1_273' title='bbox 1103 2807 1242 2849; x_wconf 89' lang='lat' dir='ltr'>divino</span> <span class='ocrx_word' id='word_1_274' title='bbox 1256 2835 1269 2858; x_wconf 83' lang='lat'>‚</span> <span class='ocrx_word' id='word_1_275' title='bbox 1294 2807 1334 2847; x_wconf 89' lang='lat'>&amp;</span> 
     </span>
     <span class='ocr_line' id='line_1_40' title="bbox 332 2858 1332 2916; baseline 0.008 -17"><span class='ocrx_word' id='word_1_276' title='bbox 332 2867 548 2912; x_wconf 86' lang='lat' dir='ltr'>augmento</span> <span class='ocrx_word' id='word_1_277' title='bbox 563 2858 696 2900; x_wconf 79' lang='lat' dir='ltr'>vestrae</span> <span class='ocrx_word' id='word_1_278' title='bbox 715 2862 861 2901; x_wconf 67' lang='lat' dir='ltr'>Sant‘tae</span> <span class='ocrx_word' id='word_1_279' title='bbox 880 2861 1103 2916; x_wconf 87' lang='lat' dir='ltr'>Religionis</span> <span class='ocrx_word' id='word_1_280' title='bbox 1115 2894 1127 2916; x_wconf 77' lang='lat'>,</span> <span class='ocrx_word' id='word_1_281' title='bbox 1143 2866 1332 2916; x_wconf 86' lang='lat' dir='ltr'>bonoque</span> 
     </span>
     <span class='ocr_line' id='line_1_41' title="bbox 330 2916 1332 2975; baseline 0.004 -15"><span class='ocrx_word' id='word_1_282' title='bbox 330 2917 565 2960; x_wconf 87' lang='lat' dir='ltr'>Animarum</span> <span class='ocrx_word' id='word_1_283' title='bbox 584 2944 595 2956; x_wconf 86' lang='grc'><strong>.</strong></span> <span class='ocrx_word' id='word_1_284' title='bbox 623 2916 745 2975; x_wconf 86' lang='lat' dir='ltr'>Qod</span> <span class='ocrx_word' id='word_1_285' title='bbox 769 2932 859 2959; x_wconf 89' lang='lat' dir='ltr'>cum</span> <span class='ocrx_word' id='word_1_286' title='bbox 873 2919 931 2961; x_wconf 89' lang='lat' dir='ltr'>ita</span> <span class='ocrx_word' id='word_1_287' title='bbox 950 2919 986 2962; x_wconf 92' lang='lat' dir='ltr'>se</span> <span class='ocrx_word' id='word_1_288' title='bbox 1002 2922 1151 2965; x_wconf 87' lang='lat' dir='ltr'>habere</span> <span class='ocrx_word' id='word_1_289' title='bbox 1167 2924 1332 2965; x_wconf 88' lang='lat' dir='ltr'>intelle-</span> 
     </span>
     <span class='ocr_line' id='line_1_42' title="bbox 329 2974 1330 3035; baseline 0.005 -18"><span class='ocrx_word' id='word_1_290' title='bbox 329 2975 485 3026; x_wconf 83' lang='lat' dir='ltr'>xerim,</span> <span class='ocrx_word' id='word_1_291' title='bbox 515 2987 617 3028; x_wconf 74' lang='lat' dir='ltr'>ego,</span> <span class='ocrx_word' id='word_1_292' title='bbox 643 2974 767 3029; x_wconf 84' lang='lat' dir='ltr'>utipfi</span> <span class='ocrx_word' id='word_1_293' title='bbox 786 2977 1029 3031; x_wconf 86' lang='lat' dir='ltr'>Magistratui</span> <span class='ocrx_word' id='word_1_294' title='bbox 1049 3007 1062 3030; x_wconf 78' lang='lat'><strong>‚</strong></span> <span class='ocrx_word' id='word_1_295' title='bbox 1091 2982 1330 3035; x_wconf 90' lang='lat' dir='ltr'>Populoque</span> 
     </span>
    </p>
   </div>
   <div class='ocr_carea' id='block_1_12' title="bbox 240 3031 1329 3095">
    <p class='ocr_par' dir='ltr' id='par_1_13' title="bbox 240 3031 1329 3095">
     <span class='ocr_line' id='line_1_43' title="bbox 240 3031 1329 3095; baseline 0.004 -19"><span class='ocrx_word' id='word_1_296' title='bbox 240 3052 256 3068; x_wconf 64' lang='lat' dir='ltr'>r</span> <span class='ocrx_word' id='word_1_297' title='bbox 332 3031 618 3088; x_wconf 87' lang='lat' dir='ltr'>Antuerpienfi</span> <span class='ocrx_word' id='word_1_298' title='bbox 633 3047 714 3076; x_wconf 90' lang='lat' dir='ltr'>rem</span> <span class='ocrx_word' id='word_1_299' title='bbox 729 3045 882 3089; x_wconf 85' lang='lat' dir='ltr'>gratam</span> <span class='ocrx_word' id='word_1_300' title='bbox 898 3035 1036 3082; x_wconf 83' lang='lat' dir='ltr'>faciam</span> <span class='ocrx_word' id='word_1_301' title='bbox 1051 3068 1064 3088; x_wconf 88' lang='lat'>,</span> <span class='ocrx_word' id='word_1_302' title='bbox 1084 3054 1162 3082; x_wconf 91' lang='lat' dir='ltr'>non</span> <span class='ocrx_word' id='word_1_303' title='bbox 1179 3038 1329 3095; x_wconf 79' lang='lat' dir='ltr'>possum</span> 
     </span>
    </p>
   </div>
   <div class='ocr_carea' id='block_1_13' title="bbox 325 3093 1332 3796">
    <p class='ocr_par' dir='ltr' id='par_1_14' title="bbox 325 3093 1332 3796">
     <span class='ocr_line' id='line_1_44' title="bbox 334 3093 1332 3153; baseline 0.005 -18"><span class='ocrx_word' id='word_1_304' title='bbox 334 3093 593 3135; x_wconf 87' lang='lat' dir='ltr'>committere</span> <span class='ocrx_word' id='word_1_305' title='bbox 610 3120 623 3141; x_wconf 85' lang='lat'>‚</span> <span class='ocrx_word' id='word_1_306' title='bbox 648 3093 744 3148; x_wconf 91' lang='lat' dir='ltr'>quin</span> <span class='ocrx_word' id='word_1_307' title='bbox 772 3106 842 3135; x_wconf 90' lang='lat' dir='ltr'>vos</span> <span class='ocrx_word' id='word_1_308' title='bbox 865 3097 1083 3148; x_wconf 85' lang='lat' dir='ltr'>exhorter,</span> <span class='ocrx_word' id='word_1_309' title='bbox 1114 3101 1152 3140; x_wconf 92' lang='lat'>&amp;</span> <span class='ocrx_word' id='word_1_310' title='bbox 1176 3101 1332 3153; x_wconf 69' lang='lat' dir='ltr'>quam-2</span> 
     </span>
     <span class='ocr_line' id='line_1_45' title="bbox 335 3149 1323 3212; baseline 0.005 -19"><span class='ocrx_word' id='word_1_311' title='bbox 335 3153 508 3193; x_wconf 84' lang='lat' dir='ltr'>maximo</span> <span class='ocrx_word' id='word_1_312' title='bbox 532 3149 670 3192; x_wconf 73' lang='lat' dir='ltr'>affeetu</span> <span class='ocrx_word' id='word_1_313' title='bbox 690 3179 703 3202; x_wconf 84' lang='lat'>,</span> <span class='ocrx_word' id='word_1_314' title='bbox 730 3162 774 3194; x_wconf 88' lang='lat' dir='ltr'>ut</span> <span class='ocrx_word' id='word_1_315' title='bbox 801 3153 948 3196; x_wconf 60' lang='lat' dir='ltr'>diflum</span> <span class='ocrx_word' id='word_1_316' title='bbox 976 3156 1108 3198; x_wconf 86' lang='lat' dir='ltr'>locum</span> <span class='ocrx_word' id='word_1_317' title='bbox 1125 3158 1323 3212; x_wconf 86' lang='lat' dir='ltr'>quampri-</span> 
     </span>
     <span class='ocr_line' id='line_1_46' title="bbox 333 3209 1327 3265; baseline 0.005 -14"><span class='ocrx_word' id='word_1_318' title='bbox 333 3210 445 3253; x_wconf 75' lang='lat' dir='ltr'>mum</span> <span class='ocrx_word' id='word_1_319' title='bbox 460 3209 707 3265; x_wconf 79' lang='lat' dir='ltr'>acceptetis,</span> <span class='ocrx_word' id='word_1_320' title='bbox 734 3220 855 3265; x_wconf 85' lang='lat' dir='ltr'>atque</span> <span class='ocrx_word' id='word_1_321' title='bbox 882 3213 930 3253; x_wconf 90' lang='lat' dir='ltr'>ad</span> <span class='ocrx_word' id='word_1_322' title='bbox 959 3214 1067 3256; x_wconf 87' lang='lat' dir='ltr'>illius</span> <span class='ocrx_word' id='word_1_323' title='bbox 1081 3217 1327 3258; x_wconf 68' lang='lat' dir='ltr'>erectionem</span> 
     </span>
     <span class='ocr_line' id='line_1_47' title="bbox 331 3266 1328 3328; baseline 0.006 -18"><span class='ocrx_word' id='word_1_324' title='bbox 331 3282 407 3325; x_wconf 90' lang='lat' dir='ltr'>pro</span> <span class='ocrx_word' id='word_1_325' title='bbox 432 3270 563 3311; x_wconf 87' lang='lat' dir='ltr'>vestro</span> <span class='ocrx_word' id='word_1_326' title='bbox 579 3266 647 3310; x_wconf 89' lang='lat' dir='ltr'>usu</span> <span class='ocrx_word' id='word_1_327' title='bbox 664 3268 941 3325; x_wconf 87' lang='lat' dir='ltr'>eleemosynas</span> <span class='ocrx_word' id='word_1_328' title='bbox 959 3301 970 3322; x_wconf 87' lang='lat'>,</span> <span class='ocrx_word' id='word_1_329' title='bbox 1001 3274 1038 3313; x_wconf 75' lang='grc' dir='ltr'>δι</span> <span class='ocrx_word' id='word_1_330' title='bbox 1060 3273 1224 3317; x_wconf 82' lang='lat' dir='ltr'>subfidia</span> <span class='ocrx_word' id='word_1_331' title='bbox 1240 3289 1328 3328; x_wconf 86' lang='lat' dir='ltr'>par—</span> 
     </span>
     <span class='ocr_line' id='line_1_48' title="bbox 330 3325 1325 3385; baseline 0.004 -15"><span class='ocrx_word' id='word_1_332' title='bbox 330 3327 558 3370; x_wconf 81' lang='lat' dir='ltr'>ticularium</span> <span class='ocrx_word' id='word_1_333' title='bbox 575 3325 831 3383; x_wconf 85' lang='lat' dir='ltr'>personarum</span> <span class='ocrx_word' id='word_1_334' title='bbox 846 3358 861 3379; x_wconf 90' lang='lat'>,</span> <span class='ocrx_word' id='word_1_335' title='bbox 888 3344 971 3384; x_wconf 83' lang='lat' dir='ltr'>quae</span> <span class='ocrx_word' id='word_1_336' title='bbox 985 3333 1089 3384; x_wconf 87' lang='lat' dir='ltr'>pium</span> <span class='ocrx_word' id='word_1_337' title='bbox 1106 3363 1119 3385; x_wconf 88' lang='lat'>,</span> <span class='ocrx_word' id='word_1_338' title='bbox 1134 3334 1325 3375; x_wconf 63' lang='lat' dir='ltr'>sanetum·</span> 
     </span>
     <span class='ocr_line' id='line_1_49' title="bbox 331 3386 1327 3443; baseline 0.008 -16"><span class='ocrx_word' id='word_1_339' title='bbox 331 3401 410 3442; x_wconf 89' lang='lat' dir='ltr'>que</span> <span class='ocrx_word' id='word_1_340' title='bbox 431 3386 528 3428; x_wconf 84' lang='lat' dir='ltr'>istud</span> <span class='ocrx_word' id='word_1_341' title='bbox 553 3400 650 3441; x_wconf 91' lang='lat' dir='ltr'>opus</span> <span class='ocrx_word' id='word_1_342' title='bbox 668 3400 908 3441; x_wconf 88' lang='lat' dir='ltr'>promovere</span> <span class='ocrx_word' id='word_1_343' title='bbox 922 3390 1114 3443; x_wconf 82' lang='lat' dir='ltr'>cupiunt,</span> <span class='ocrx_word' id='word_1_344' title='bbox 1140 3391 1327 3434; x_wconf 54' lang='lat' dir='ltr'>admitta»</span> 
     </span>
     <span class='ocr_line' id='line_1_50' title="bbox 333 3445 1328 3500; baseline 0.004 -13"><span class='ocrx_word' id='word_1_345' title='bbox 333 3446 411 3487; x_wconf 91' lang='lat' dir='ltr'>tis.</span> <span class='ocrx_word' id='word_1_346' title='bbox 444 3448 532 3486; x_wconf 89' lang='lat' dir='ltr'>Hoc</span> <span class='ocrx_word' id='word_1_347' title='bbox 559 3457 695 3487; x_wconf 86' lang='lat' dir='ltr'>autem</span> <span class='ocrx_word' id='word_1_348' title='bbox 727 3445 750 3486; x_wconf 85' lang='lat' dir='ltr'>si</span> <span class='ocrx_word' id='word_1_349' title='bbox 778 3446 1062 3500; x_wconf 77' lang='lat' dir='ltr'>praestiteritis,</span> <span class='ocrx_word' id='word_1_350' title='bbox 1096 3464 1173 3492; x_wconf 87' lang='lat' dir='ltr'>non</span> <span class='ocrx_word' id='word_1_351' title='bbox 1207 3449 1328 3493; x_wconf 74' lang='lat' dir='ltr'>modo</span> 
     </span>
     <span class='ocr_line' id='line_1_51' title="bbox 328 3503 1325 3564; baseline 0.004 -17"><span class='ocrx_word' id='word_1_352' title='bbox 328 3504 513 3547; x_wconf 77' lang='lat' dir='ltr'>solatium</span> <span class='ocrx_word' id='word_1_353' title='bbox 544 3518 733 3559; x_wconf 84' lang='lat' dir='ltr'>magnum</span> <span class='ocrx_word' id='word_1_354' title='bbox 763 3503 906 3547; x_wconf 83' lang='lat' dir='ltr'>dabitis</span> <span class='ocrx_word' id='word_1_355' title='bbox 937 3506 981 3547; x_wconf 85' lang='lat' dir='ltr'>iis</span> <span class='ocrx_word' id='word_1_356' title='bbox 1010 3509 1194 3551; x_wconf 86' lang='lat' dir='ltr'>omnibus</span> <span class='ocrx_word' id='word_1_357' title='bbox 1217 3537 1231 3559; x_wconf 84' lang='lat'>,</span> <span class='ocrx_word' id='word_1_358' title='bbox 1259 3510 1325 3564; x_wconf 86' lang='lat' dir='ltr'>qui</span> 
     </span>
     <span class='ocr_line' id='line_1_52' title="bbox 329 3563 1326 3610; baseline 0.003 -5"><span class='ocrx_word' id='word_1_359' title='bbox 329 3564 499 3605; x_wconf 86' lang='lat' dir='ltr'>vestram</span> <span class='ocrx_word' id='word_1_360' title='bbox 513 3563 855 3605; x_wconf 83' lang='lat' dir='ltr'>cohabitationem</span> <span class='ocrx_word' id='word_1_361' title='bbox 880 3573 995 3607; x_wconf 82' lang='lat' dir='ltr'>tanto</span> <span class='ocrx_word' id='word_1_362' title='bbox 1008 3566 1156 3608; x_wconf 85' lang='lat' dir='ltr'>ardore</span> <span class='ocrx_word' id='word_1_363' title='bbox 1171 3568 1326 3610; x_wconf 84' lang='lat' dir='ltr'>deside-</span> 
     </span>
     <span class='ocr_line' id='line_1_53' title="bbox 328 3621 1325 3679; baseline 0.003 -15"><span class='ocrx_word' id='word_1_364' title='bbox 328 3623 375 3665; x_wconf 89' lang='lat' dir='ltr'>rii</span> <span class='ocrx_word' id='word_1_365' title='bbox 393 3631 602 3675; x_wconf 86' lang='lat' dir='ltr'>peroptant</span> <span class='ocrx_word' id='word_1_366' title='bbox 614 3651 626 3671; x_wconf 83' lang='lat'>,</span> <span class='ocrx_word' id='word_1_367' title='bbox 653 3621 795 3664; x_wconf 73' lang='lat' dir='ltr'>verum</span> <span class='ocrx_word' id='word_1_368' title='bbox 810 3624 849 3663; x_wconf 80' lang='grc' dir='ltr'>δι</span> <span class='ocrx_word' id='word_1_369' title='bbox 865 3623 959 3665; x_wconf 81' lang='lat' dir='ltr'>mihi</span> <span class='ocrx_word' id='word_1_370' title='bbox 974 3638 1056 3666; x_wconf 86' lang='lat' dir='ltr'>rem</span> <span class='ocrx_word' id='word_1_371' title='bbox 1071 3627 1325 3679; x_wconf 81' lang='lat' dir='ltr'>gratiffimam</span> 
     </span>
     <span class='ocr_line' id='line_1_54' title="bbox 326 3679 1322 3746; baseline 0.006 -25"><span class='ocrx_word' id='word_1_372' title='bbox 326 3683 366 3724; x_wconf 89' lang='lat'>&amp;</span> <span class='ocrx_word' id='word_1_373' title='bbox 380 3679 526 3722; x_wconf 71' lang='lat' dir='ltr'>summe</span> <span class='ocrx_word' id='word_1_374' title='bbox 541 3679 835 3723; x_wconf 71' lang='lat' dir='ltr'>satisfactoriam</span> <span class='ocrx_word' id='word_1_375' title='bbox 852 3681 1006 3725; x_wconf 71' lang='lat' dir='ltr'>facietis</span> <span class='ocrx_word' id='word_1_376' title='bbox 1023 3713 1033 3724; x_wconf 93' lang='lat'><strong>.</strong></span> <span class='ocrx_word' id='word_1_377' title='bbox 1067 3685 1191 3746; x_wconf 73' lang='lat' dir='ltr'>Quod</span> <span class='ocrx_word' id='word_1_378' title='bbox 1208 3686 1322 3728; x_wconf 71' lang='lat' dir='ltr'>certe</span> 
     </span>
     <span class='ocr_line' id='line_1_55' title="bbox 325 3738 1321 3796; baseline 0.009 -18"><span class='ocrx_word' id='word_1_379' title='bbox 325 3740 415 3795; x_wconf 87' lang='lat' dir='ltr'>(ita</span> <span class='ocrx_word' id='word_1_380' title='bbox 436 3739 532 3779; x_wconf 87' lang='lat' dir='ltr'>mihi</span> <span class='ocrx_word' id='word_1_381' title='bbox 564 3738 815 3796; x_wconf 86' lang='lat' dir='ltr'>persuadeo)</span> <span class='ocrx_word' id='word_1_382' title='bbox 847 3741 1018 3783; x_wconf 73' lang='lat' dir='ltr'>maxime</span> <span class='ocrx_word' id='word_1_383' title='bbox 1045 3743 1224 3796; x_wconf 86' lang='lat' dir='ltr'>placebit</span> <span class='ocrx_word' id='word_1_384' title='bbox 1252 3758 1321 3786; x_wconf 89' lang='lat' dir='ltr'>ve-</span> 
     </span>
    </p>
   </div>
   <div class='ocr_carea' id='block_1_14' title="bbox 1408 804 2422 982">
    <p class='ocr_par' dir='ltr' id='par_1_15' title="bbox 1408 804 2422 982">
     <span class='ocr_line' id='line_1_56' title="bbox 1412 804 2418 852; baseline 0.005 -5"><span class='ocrx_word' id='word_1_385' title='bbox 1412 805 1577 847; x_wconf 80' lang='lat' dir='ltr'>strarum</span> <span class='ocrx_word' id='word_1_386' title='bbox 1617 804 1832 849; x_wconf 67' lang='lat' dir='ltr'>sanctarum</span> <span class='ocrx_word' id='word_1_387' title='bbox 1859 807 2102 848; x_wconf 89' lang='lat' dir='ltr'>Orationum</span> <span class='ocrx_word' id='word_1_388' title='bbox 2130 807 2390 852; x_wconf 80' lang='lat' dir='ltr'>effufiooibus</span> <span class='ocrx_word' id='word_1_389' title='bbox 2403 836 2418 852; x_wconf 82' lang='lat'><strong>.</strong></span> 
     </span>
     <span class='ocr_line' id='line_1_57' title="bbox 1410 861 2421 920; baseline 0.004 -13"><span class='ocrx_word' id='word_1_390' title='bbox 1410 867 1548 920; x_wconf 88' lang='lat' dir='ltr'>Atque</span> <span class='ocrx_word' id='word_1_391' title='bbox 1573 861 1621 907; x_wconf 83' lang='lat' dir='ltr'>fic</span> <span class='ocrx_word' id='word_1_392' title='bbox 1639 865 1832 906; x_wconf 86' lang='lat' dir='ltr'>Dominus</span> <span class='ocrx_word' id='word_1_393' title='bbox 1849 865 1979 907; x_wconf 87' lang='lat' dir='ltr'>noster</span> <span class='ocrx_word' id='word_1_394' title='bbox 1996 867 2082 908; x_wconf 91' lang='lat' dir='ltr'>Vos</span> <span class='ocrx_word' id='word_1_395' title='bbox 2100 867 2202 909; x_wconf 90' lang='lat' dir='ltr'>bene</span> <span class='ocrx_word' id='word_1_396' title='bbox 2217 868 2421 920; x_wconf 82' lang='lat' dir='ltr'>servet,ac</span> 
     </span>
     <span class='ocr_line' id='line_1_58' title="bbox 1408 921 2422 982; baseline 0.004 -17"><span class='ocrx_word' id='word_1_397' title='bbox 1408 921 1628 980; x_wconf 88' lang='lat' dir='ltr'>prosperet.</span> <span class='ocrx_word' id='word_1_398' title='bbox 1645 925 1704 967; x_wconf 88' lang='lat' dir='ltr'>Ex</span> <span class='ocrx_word' id='word_1_399' title='bbox 1722 921 1874 967; x_wconf 87' lang='lat' dir='ltr'>Castris</span> <span class='ocrx_word' id='word_1_400' title='bbox 1901 924 2040 971; x_wconf 87' lang='lat' dir='ltr'>nostris</span> <span class='ocrx_word' id='word_1_401' title='bbox 2055 924 2122 967; x_wconf 89' lang='lat' dir='ltr'>die</span> <span class='ocrx_word' id='word_1_402' title='bbox 2137 927 2422 982; x_wconf 84' lang='lat' dir='ltr'>21.Ju1.1586.</span> 
     </span>
    </p>
   </div>
   <div class='ocr_carea' id='block_1_15' title="bbox 1471 1038 2008 1101">
    <p class='ocr_par' dir='ltr' id='par_1_16' title="bbox 1471 1038 2008 1101">
     <span class='ocr_line' id='line_1_59' title="bbox 1471 1038 2008 1101; baseline 0 -18"><span class='ocrx_word' id='word_1_403' title='bbox 1471 1043 1529 1083; x_wconf 84' lang='lat' dir='ltr'>Ex</span> <span class='ocrx_word' id='word_1_404' title='bbox 1561 1038 1663 1082; x_wconf 70' lang='lat' dir='ltr'>dibJo</span> <span class='ocrx_word' id='word_1_405' title='bbox 1695 1050 1796 1084; x_wconf 85' lang='lat' dir='ltr'>tomo</span> <span class='ocrx_word' id='word_1_406' title='bbox 1814 1042 1897 1101; x_wconf 85' lang='lat' dir='ltr'>sol.</span> <span class='ocrx_word' id='word_1_407' title='bbox 1918 1045 2008 1086; x_wconf 89' lang='grc' dir='ltr'><strong>ι88.</strong></span> 
     </span>
    </p>
   </div>
   <div class='ocr_carea' id='block_1_16' title="bbox 1412 1176 1644 1193">
    <p class='ocr_par' dir='ltr' id='par_1_17' title="bbox 1412 1176 1644 1193">
     <span class='ocr_line' id='line_1_60' title="bbox 1412 1176 1644 1193; baseline 0 0"><span class='ocrx_word' id='word_1_408' title='bbox 1412 1176 1644 1193; x_wconf 95' lang='lat' dir='ltr'> </span> 
     </span>
    </p>
   </div>
   <div class='ocr_carea' id='block_1_17' title="bbox 1646 1179 1954 1195">
    <p class='ocr_par' dir='ltr' id='par_1_18' title="bbox 1646 1179 1954 1195">
     <span class='ocr_line' id='line_1_61' title="bbox 1646 1179 1954 1195; baseline 0.006 -4"><span class='ocrx_word' id='word_1_409' title='bbox 1646 1179 1954 1195; x_wconf 53' lang='grc' dir='ltr'>--ᾑ-</span> 
     </span>
    </p>
   </div>
   <div class='ocr_carea' id='block_1_18' title="bbox 1405 1278 2417 1539">
    <p class='ocr_par' dir='ltr' id='par_1_19' title="bbox 1405 1278 2417 1539">
     <span class='ocr_line' id='line_1_62' title="bbox 1405 1278 2414 1343; baseline 0.001 -15"><span class='ocrx_word' id='word_1_410' title='bbox 1405 1278 1698 1343; x_wconf 87' lang='lat' dir='ltr'>Emptionem</span> <span class='ocrx_word' id='word_1_411' title='bbox 1721 1278 1951 1336; x_wconf 69' lang='lat' dir='ltr'>Domt‘is,z‘l</span> <span class='ocrx_word' id='word_1_412' title='bbox 1967 1278 2246 1330; x_wconf 82' lang='lat' dir='ltr'>Monialibus</span> <span class='ocrx_word' id='word_1_413' title='bbox 2265 1284 2414 1332; x_wconf 78' lang='lat' dir='ltr'>S-An-</span> 
     </span>
     <span class='ocr_line' id='line_1_63' title="bbox 1475 1347 2417 1408; baseline 0.004 -13"><span class='ocrx_word' id='word_1_414' title='bbox 1475 1347 1592 1396; x_wconf 88' lang='lat' dir='ltr'>dreae</span> <span class='ocrx_word' id='word_1_415' title='bbox 1605 1349 1771 1405; x_wconf 85' lang='lat' dir='ltr'>,Tertii</span> <span class='ocrx_word' id='word_1_416' title='bbox 1789 1348 1980 1398; x_wconf 85' lang='lat' dir='ltr'>Ordinis</span> <span class='ocrx_word' id='word_1_417' title='bbox 2000 1348 2349 1408; x_wconf 81' lang='lat' dir='ltr'>S.P.Francisci,</span> <span class='ocrx_word' id='word_1_418' title='bbox 2371 1352 2417 1399; x_wconf 88' lang='lat' dir='ltr'>in</span> 
     </span>
     <span class='ocr_line' id='line_1_64' title="bbox 1479 1417 2415 1489; baseline 0.003 -21"><span class='ocrx_word' id='word_1_419' title='bbox 1479 1420 1683 1468; x_wconf 86' lang='lat' dir='ltr'>Civitate</span> <span class='ocrx_word' id='word_1_420' title='bbox 1699 1419 1898 1481; x_wconf 68' lang='lat' dir='ltr'>Trajec‘ti</span> <span class='ocrx_word' id='word_1_421' title='bbox 1914 1454 1931 1476; x_wconf 83' lang='lat'>,</span> <span class='ocrx_word' id='word_1_422' title='bbox 1956 1417 2228 1489; x_wconf 84' lang='lat' dir='ltr'>Apostolica</span> <span class='ocrx_word' id='word_1_423' title='bbox 2252 1418 2415 1482; x_wconf 76' lang='lat' dir='ltr'>confir:</span> 
     </span>
     <span class='ocr_line' id='line_1_65' title="bbox 1475 1502 1884 1539; baseline 0.012 -5"><span class='ocrx_word' id='word_1_424' title='bbox 1475 1502 1673 1536; x_wconf 60' lang='lat' dir='ltr'>mamone</span> <span class='ocrx_word' id='word_1_425' title='bbox 1705 1503 1854 1538; x_wconf 51' lang='lat' dir='ltr'>munli:</span> <span class='ocrx_word' id='word_1_426' title='bbox 1871 1524 1884 1539; x_wconf 73' lang='grc' dir='ltr'><strong>ο</strong></span> 
     </span>
    </p>
   </div>
   <div class='ocr_carea' id='block_1_19' title="bbox 1404 1613 2408 1675">
    <p class='ocr_par' dir='ltr' id='par_1_20' title="bbox 1404 1613 2408 1675">
     <span class='ocr_line' id='line_1_66' title="bbox 1404 1613 2408 1675; baseline 0.002 -18"><span class='ocrx_word' id='word_1_427' title='bbox 1404 1615 1442 1657; x_wconf 88' lang='lat' dir='ltr'>A</span> <span class='ocrx_word' id='word_1_428' title='bbox 1459 1623 1604 1670; x_wconf 87' lang='lat' dir='ltr'>tergo:</span> <span class='ocrx_word' id='word_1_429' title='bbox 1627 1613 1840 1659; x_wconf 72' lang='lat' dir='ltr'>Venerabili</span> <span class='ocrx_word' id='word_1_430' title='bbox 1855 1619 2014 1669; x_wconf 67' lang='lat' dir='ltr'>Fratri,</span> <span class='ocrx_word' id='word_1_431' title='bbox 2030 1617 2204 1675; x_wconf 78' lang='lat' dir='ltr'>Epifiopo</span> <span class='ocrx_word' id='word_1_432' title='bbox 2222 1619 2356 1662; x_wconf 76' lang='lat' dir='ltr'>Leodie</span> <span class='ocrx_word' id='word_1_433' title='bbox 2364 1634 2408 1664; x_wconf 84' lang='lat' dir='ltr'>n.</span> 
     </span>
    </p>
   </div>
   <div class='ocr_carea' id='block_1_20' title="bbox 1403 1734 2414 1790">
    <p class='ocr_par' dir='ltr' id='par_1_21' title="bbox 1403 1734 2414 1790">
     <span class='ocr_line' id='line_1_67' title="bbox 1403 1734 2414 1790; baseline 0.003 -5"><span class='ocrx_word' id='word_1_434' title='bbox 1403 1734 1902 1789; x_wconf 85' lang='lat' dir='ltr'><strong>PAULUS</strong></span> <span class='ocrx_word' id='word_1_435' title='bbox 1995 1738 2259 1787; x_wconf 87' lang='lat' dir='ltr'>PAPA</span> <span class='ocrx_word' id='word_1_436' title='bbox 2350 1741 2414 1790; x_wconf 89' lang='lat' dir='ltr'>V.</span> 
     </span>
    </p>
   </div>
   <div class='ocr_carea' id='block_1_21' title="bbox 1437 1860 2380 1965">
    <p class='ocr_par' dir='ltr' id='par_1_22' title="bbox 1437 1860 2380 1965">
     <span class='ocr_line' id='line_1_68' title="bbox 1437 1860 2380 1923; baseline -0.003 -14"><span class='ocrx_word' id='word_1_437' title='bbox 1437 1860 1669 1909; x_wconf 77' lang='lat' dir='ltr'>Venerabilis</span> <span class='ocrx_word' id='word_1_438' title='bbox 1686 1865 1832 1907; x_wconf 81' lang='lat' dir='ltr'>Frater</span> <span class='ocrx_word' id='word_1_439' title='bbox 1849 1863 2027 1921; x_wconf 78' lang='lat' dir='ltr'>filutcm</span> <span class='ocrx_word' id='word_1_440' title='bbox 2054 1864 2107 1914; x_wconf 55' lang='grc' dir='ltr'>ὠν</span> <span class='ocrx_word' id='word_1_441' title='bbox 2122 1863 2380 1923; x_wconf 80' lang='lat' dir='ltr'>Apostolicam</span> 
     </span>
     <span class='ocr_line' id='line_1_69' title="bbox 1747 1921 2066 1965; baseline 0.006 -2"><span class='ocrx_word' id='word_1_442' title='bbox 1747 1921 2066 1965; x_wconf 64' lang='lat' dir='ltr'>Benediffionem.</span> 
     </span>
    </p>
   </div>
   <div class='ocr_carea' id='block_1_22' title="bbox 1382 2040 2411 3796">
    <p class='ocr_par' dir='ltr' id='par_1_23' title="bbox 1394 2040 2411 2962">
     <span class='ocr_line' id='line_1_70' title="bbox 1439 2040 2409 2093; baseline 0.002 -10"><span class='ocrx_word' id='word_1_443' title='bbox 1439 2067 1443 2072; x_wconf 89' lang='lat'><em>-</em></span> <span class='ocrx_word' id='word_1_444' title='bbox 1511 2041 1645 2093; x_wconf 87' lang='lat' dir='ltr'>Xponi</span> <span class='ocrx_word' id='word_1_445' title='bbox 1661 2042 1790 2084; x_wconf 88' lang='lat' dir='ltr'>Nobis</span> <span class='ocrx_word' id='word_1_446' title='bbox 1817 2053 1944 2093; x_wconf 90' lang='lat' dir='ltr'>nuper</span> <span class='ocrx_word' id='word_1_447' title='bbox 1974 2041 2156 2084; x_wconf 84' lang='lat' dir='ltr'>fecerunt</span> <span class='ocrx_word' id='word_1_448' title='bbox 2185 2040 2323 2083; x_wconf 66' lang='lat' dir='ltr'>dilee&#39;ti</span> <span class='ocrx_word' id='word_1_449' title='bbox 2342 2041 2409 2086; x_wconf 76' lang='lat' dir='ltr'>Fi.-</span> 
     </span>
     <span class='ocr_line' id='line_1_71' title="bbox 1529 2099 2406 2144; baseline -0.003 -2"><span class='ocrx_word' id='word_1_450' title='bbox 1529 2100 1842 2144; x_wconf 89' lang='lat' dir='ltr'>liiGuardianus</span> <span class='ocrx_word' id='word_1_451' title='bbox 1868 2102 1907 2140; x_wconf 90' lang='lat'>&amp;</span> <span class='ocrx_word' id='word_1_452' title='bbox 1935 2102 2093 2142; x_wconf 81' lang='lat' dir='ltr'>Fratres</span> <span class='ocrx_word' id='word_1_453' title='bbox 2118 2099 2283 2140; x_wconf 90' lang='lat' dir='ltr'>Ordinis</span> <span class='ocrx_word' id='word_1_454' title='bbox 2310 2101 2406 2140; x_wconf 85' lang='lat' dir='ltr'>Fra-</span> 
     </span>
     <span class='ocr_line' id='line_1_72' title="bbox 1399 2158 2411 2212; baseline -0.001 -12"><span class='ocrx_word' id='word_1_455' title='bbox 1399 2169 1508 2200; x_wconf 86' lang='lat' dir='ltr'>trum</span> <span class='ocrx_word' id='word_1_456' title='bbox 1525 2160 1742 2201; x_wconf 79' lang='lat' dir='ltr'>·Minorum</span> <span class='ocrx_word' id='word_1_457' title='bbox 1777 2162 1815 2202; x_wconf 78' lang='grc' dir='ltr'>δ.</span> <span class='ocrx_word' id='word_1_458' title='bbox 1835 2158 2034 2201; x_wconf 85' lang='lat' dir='ltr'>Francisci</span> <span class='ocrx_word' id='word_1_459' title='bbox 2069 2159 2411 2212; x_wconf 52' lang='lat' dir='ltr'>Capucinorum.)</span> 
     </span>
     <span class='ocr_line' id='line_1_73' title="bbox 1397 2215 2409 2272; baseline -0.002 -15"><span class='ocrx_word' id='word_1_460' title='bbox 1397 2227 1737 2269; x_wconf 81' lang='lat' dir='ltr'>nuncupatorum,</span> <span class='ocrx_word' id='word_1_461' title='bbox 1754 2218 1907 2271; x_wconf 81' lang='lat' dir='ltr'>Oppidi</span> <span class='ocrx_word' id='word_1_462' title='bbox 1927 2215 2409 2272; x_wconf 70' lang='lat' dir='ltr'>Trajec&#39;tenfis‚Leodien.</span> 
     </span>
     <span class='ocr_line' id='line_1_74' title="bbox 1400 2273 2407 2330; baseline -0.002 -14"><span class='ocrx_word' id='word_1_463' title='bbox 1400 2274 1624 2324; x_wconf 78' lang='lat' dir='ltr'>Dioecefis,</span> <span class='ocrx_word' id='word_1_464' title='bbox 1646 2274 1756 2329; x_wconf 90' lang='lat' dir='ltr'>quod</span> <span class='ocrx_word' id='word_1_465' title='bbox 1786 2275 1851 2328; x_wconf 86' lang='lat' dir='ltr'>ipfi</span> <span class='ocrx_word' id='word_1_466' title='bbox 1882 2275 1979 2318; x_wconf 73' lang='lat' dir='ltr'>alias</span> <span class='ocrx_word' id='word_1_467' title='bbox 2010 2276 2090 2330; x_wconf 83' lang='lat' dir='ltr'>jam</span> <span class='ocrx_word' id='word_1_468' title='bbox 2118 2275 2139 2315; x_wconf 73' lang='lat' dir='ltr'>a</span> <span class='ocrx_word' id='word_1_469' title='bbox 2167 2273 2407 2328; x_wconf 83' lang='lat' dir='ltr'>septennio,</span> 
     </span>
     <span class='ocr_line' id='line_1_75' title="bbox 1399 2329 2410 2387; baseline -0.003 -13"><span class='ocrx_word' id='word_1_470' title='bbox 1399 2333 1462 2375; x_wconf 88' lang='lat' dir='ltr'>vel</span> <span class='ocrx_word' id='word_1_471' title='bbox 1483 2332 1647 2374; x_wconf 86' lang='lat' dir='ltr'>circiter</span> <span class='ocrx_word' id='word_1_472' title='bbox 1667 2346 1743 2387; x_wconf 92' lang='lat' dir='ltr'>pro</span> <span class='ocrx_word' id='word_1_473' title='bbox 1765 2345 1908 2374; x_wconf 87' lang='lat' dir='ltr'>eorum</span> <span class='ocrx_word' id='word_1_474' title='bbox 1933 2331 2151 2374; x_wconf 76' lang='lat' dir='ltr'>necessario</span> <span class='ocrx_word' id='word_1_475' title='bbox 2166 2332 2233 2374; x_wconf 89' lang='lat' dir='ltr'>usu</span> <span class='ocrx_word' id='word_1_476' title='bbox 2251 2333 2291 2372; x_wconf 72' lang='grc' dir='ltr'>ἃ.</span> <span class='ocrx_word' id='word_1_477' title='bbox 2305 2329 2410 2384; x_wconf 80' lang='lat' dir='ltr'>eius-</span> 
     </span>
     <span class='ocr_line' id='line_1_76' title="bbox 1400 2387 2406 2444; baseline -0.003 -12"><span class='ocrx_word' id='word_1_478' title='bbox 1400 2391 1492 2432; x_wconf 86' lang='lat' dir='ltr'>dem</span> <span class='ocrx_word' id='word_1_479' title='bbox 1513 2387 1662 2432; x_wconf 77' lang='lat' dir='ltr'>Domfis</span> <span class='ocrx_word' id='word_1_480' title='bbox 1690 2390 1950 2444; x_wconf 84' lang='lat' dir='ltr'>ampliatione</span> <span class='ocrx_word' id='word_1_481' title='bbox 1964 2394 1987 2433; x_wconf 75' lang='lat' dir='ltr'>a</span> <span class='ocrx_word' id='word_1_482' title='bbox 2004 2390 2158 2432; x_wconf 67' lang='lat' dir='ltr'>dilectis</span> <span class='ocrx_word' id='word_1_483' title='bbox 2184 2391 2220 2432; x_wconf 90' lang='lat' dir='ltr'>in</span> <span class='ocrx_word' id='word_1_484' title='bbox 2238 2390 2406 2432; x_wconf 84' lang='lat' dir='ltr'>Christo</span> 
     </span>
     <span class='ocr_line' id='line_1_77' title="bbox 1400 2446 2406 2503; baseline -0.002 -11"><span class='ocrx_word' id='word_1_485' title='bbox 1400 2450 1578 2492; x_wconf 83' lang='lat' dir='ltr'>Filiabus</span> <span class='ocrx_word' id='word_1_486' title='bbox 1607 2447 1802 2492; x_wconf 80' lang='lat' dir='ltr'>Abbatiffa</span> <span class='ocrx_word' id='word_1_487' title='bbox 1819 2479 1834 2499; x_wconf 87' lang='lat'>,</span> <span class='ocrx_word' id='word_1_488' title='bbox 1865 2448 1932 2490; x_wconf 89' lang='lat' dir='ltr'>seu</span> <span class='ocrx_word' id='word_1_489' title='bbox 1958 2446 2216 2503; x_wconf 76' lang='lat' dir='ltr'>Superioriffa</span> <span class='ocrx_word' id='word_1_490' title='bbox 2244 2449 2284 2489; x_wconf 74' lang='grc' dir='ltr'>δε</span> <span class='ocrx_word' id='word_1_491' title='bbox 2310 2451 2406 2491; x_wconf 87' lang='lat' dir='ltr'>Mo·</span> 
     </span>
     <span class='ocr_line' id='line_1_78' title="bbox 1398 2506 2405 2557; baseline -0.001 -7"><span class='ocrx_word' id='word_1_492' title='bbox 1398 2509 1568 2551; x_wconf 70' lang='lat' dir='ltr'>ntalibus</span> <span class='ocrx_word' id='word_1_493' title='bbox 1586 2507 1814 2550; x_wconf 85' lang='lat' dir='ltr'>Monasterii</span> <span class='ocrx_word' id='word_1_494' title='bbox 1828 2510 1867 2549; x_wconf 88' lang='lat' dir='ltr'>S.</span> <span class='ocrx_word' id='word_1_495' title='bbox 1882 2506 2071 2557; x_wconf 71' lang='lat' dir='ltr'>Andreae,</span> <span class='ocrx_word' id='word_1_496' title='bbox 2091 2507 2222 2549; x_wconf 86' lang='lat' dir='ltr'>Tertii</span> <span class='ocrx_word' id='word_1_497' title='bbox 2238 2506 2405 2549; x_wconf 78' lang='lat' dir='ltr'>Ordinis</span> 
     </span>
     <span class='ocr_line' id='line_1_79' title="bbox 1397 2564 2403 2623; baseline -0.003 -13"><span class='ocrx_word' id='word_1_498' title='bbox 1397 2572 1437 2610; x_wconf 82' lang='lat' dir='ltr'>S.</span> <span class='ocrx_word' id='word_1_499' title='bbox 1457 2566 1651 2609; x_wconf 83' lang='lat' dir='ltr'>Francisci</span> <span class='ocrx_word' id='word_1_500' title='bbox 1667 2597 1681 2618; x_wconf 89' lang='lat'>,</span> <span class='ocrx_word' id='word_1_501' title='bbox 1695 2564 1873 2623; x_wconf 86' lang='lat' dir='ltr'>ejusdem</span> <span class='ocrx_word' id='word_1_502' title='bbox 1885 2567 2059 2621; x_wconf 86' lang='lat' dir='ltr'>Oppidi,</span> <span class='ocrx_word' id='word_1_503' title='bbox 2075 2565 2284 2621; x_wconf 84' lang='lat' dir='ltr'>quemdam</span> <span class='ocrx_word' id='word_1_504' title='bbox 2305 2567 2403 2607; x_wconf 86' lang='lat' dir='ltr'>hor-</span> 
     </span>
     <span class='ocr_line' id='line_1_80' title="bbox 1397 2621 2397 2681; baseline -0.001 -15"><span class='ocrx_word' id='word_1_505' title='bbox 1397 2636 1484 2666; x_wconf 85' lang='lat' dir='ltr'>tum</span> <span class='ocrx_word' id='word_1_506' title='bbox 1507 2626 1618 2667; x_wconf 68' lang='lat' dir='ltr'>dictae</span> <span class='ocrx_word' id='word_1_507' title='bbox 1643 2641 1780 2668; x_wconf 89' lang='lat' dir='ltr'>eorum</span> <span class='ocrx_word' id='word_1_508' title='bbox 1799 2627 1944 2667; x_wconf 85' lang='lat' dir='ltr'>Domui</span> <span class='ocrx_word' id='word_1_509' title='bbox 1971 2625 2224 2681; x_wconf 87' lang='lat' dir='ltr'>adjacentem</span> <span class='ocrx_word' id='word_1_510' title='bbox 2240 2654 2254 2675; x_wconf 81' lang='lat'>,</span> <span class='ocrx_word' id='word_1_511' title='bbox 2279 2625 2318 2665; x_wconf 90' lang='lat'>&amp;</span> <span class='ocrx_word' id='word_1_512' title='bbox 2343 2621 2397 2665; x_wconf 87' lang='lat' dir='ltr'>ad</span> 
     </span>
     <span class='ocr_line' id='line_1_81' title="bbox 1397 2683 2395 2740; baseline -0.002 -14"><span class='ocrx_word' id='word_1_513' title='bbox 1397 2686 1622 2740; x_wconf 70' lang='lat' dir='ltr'>praedic&#39;tum</span> <span class='ocrx_word' id='word_1_514' title='bbox 1642 2683 1926 2727; x_wconf 79' lang='lat' dir='ltr'>Monasterium</span> <span class='ocrx_word' id='word_1_515' title='bbox 1951 2683 2134 2739; x_wconf 75' lang='lat' dir='ltr'>legitime</span> <span class='ocrx_word' id='word_1_516' title='bbox 2148 2686 2395 2737; x_wconf 66' lang='lat' dir='ltr'>spectantem</span> 
     </span>
     <span class='ocr_line' id='line_1_82' title="bbox 1397 2742 2404 2800; baseline -0.005 -14"><span class='ocrx_word' id='word_1_517' title='bbox 1397 2745 1532 2800; x_wconf 89' lang='lat' dir='ltr'>pretio</span> <span class='ocrx_word' id='word_1_518' title='bbox 1556 2743 1668 2786; x_wconf 89' lang='lat' dir='ltr'>mille</span> <span class='ocrx_word' id='word_1_519' title='bbox 1683 2746 1929 2785; x_wconf 88' lang='lat' dir='ltr'>florenorum</span> <span class='ocrx_word' id='word_1_520' title='bbox 1947 2754 2116 2784; x_wconf 70' lang='lat' dir='ltr'>monetae</span> <span class='ocrx_word' id='word_1_521' title='bbox 2133 2742 2294 2783; x_wconf 90' lang='lat' dir='ltr'>illarum</span> <span class='ocrx_word' id='word_1_522' title='bbox 2310 2752 2404 2794; x_wconf 82' lang='lat' dir='ltr'>par·</span> 
     </span>
     <span class='ocr_line' id='line_1_83' title="bbox 1398 2797 2403 2854; baseline -0.009 -8"><span class='ocrx_word' id='word_1_523' title='bbox 1398 2804 1498 2846; x_wconf 89' lang='lat' dir='ltr'>tium</span> <span class='ocrx_word' id='word_1_524' title='bbox 1530 2813 1715 2845; x_wconf 89' lang='lat' dir='ltr'>emerunt</span> <span class='ocrx_word' id='word_1_525' title='bbox 1745 2830 1758 2853; x_wconf 83' lang='lat'>‚</span> <span class='ocrx_word' id='word_1_526' title='bbox 1798 2810 1920 2854; x_wconf 86' lang='lat' dir='ltr'>prout</span> <span class='ocrx_word' id='word_1_527' title='bbox 1951 2800 1989 2840; x_wconf 92' lang='lat' dir='ltr'>in</span> <span class='ocrx_word' id='word_1_528' title='bbox 2032 2800 2199 2854; x_wconf 83' lang='lat' dir='ltr'>publicis</span> <span class='ocrx_word' id='word_1_529' title='bbox 2226 2797 2403 2854; x_wconf 70' lang='lat' dir='ltr'>desuper</span> 
     </span>
     <span class='ocr_line' id='line_1_84' title="bbox 1394 2856 2400 2916; baseline -0.004 -13"><span class='ocrx_word' id='word_1_530' title='bbox 1394 2861 1588 2905; x_wconf 64' lang='lat' dir='ltr'>‘confectis</span> <span class='ocrx_word' id='word_1_531' title='bbox 1630 2861 1838 2916; x_wconf 84' lang='lat' dir='ltr'>scripturis</span> <span class='ocrx_word' id='word_1_532' title='bbox 1876 2858 2036 2913; x_wconf 74' lang='lat' dir='ltr'>plenius</span> <span class='ocrx_word' id='word_1_533' title='bbox 2079 2858 2229 2900; x_wconf 86' lang='lat' dir='ltr'>dicitur</span> <span class='ocrx_word' id='word_1_534' title='bbox 2262 2856 2400 2908; x_wconf 65' lang='lat' dir='ltr'>conti-3</span> 
     </span>
     <span class='ocr_line' id='line_1_85' title="bbox 1394 2933 2207 2962; baseline -0.004 -1"><span class='ocrx_word' id='word_1_535' title='bbox 1394 2934 1483 2962; x_wconf 79' lang='lat' dir='ltr'>neri</span> <span class='ocrx_word' id='word_1_536' title='bbox 1505 2951 1516 2962; x_wconf 92' lang='lat'><strong><em>.</em></strong></span> <span class='ocrx_word' id='word_1_537' title='bbox 2205 2933 2207 2936; x_wconf 68' lang='grc'>’</span> 
     </span>
    </p>

    <p class='ocr_par' dir='ltr' id='par_1_24' title="bbox 1382 2972 2402 3796">
     <span class='ocr_line' id='line_1_86' title="bbox 1451 2972 2402 3030; baseline -0.005 -9"><span class='ocrx_word' id='word_1_538' title='bbox 1451 2981 1557 3021; x_wconf 90' lang='lat' dir='ltr'>Cum</span> <span class='ocrx_word' id='word_1_539' title='bbox 1584 2988 1720 3022; x_wconf 89' lang='lat' dir='ltr'>autern</span> <span class='ocrx_word' id='word_1_540' title='bbox 1735 3006 1749 3027; x_wconf 83' lang='lat'>‚</span> <span class='ocrx_word' id='word_1_541' title='bbox 1764 2976 1858 3020; x_wconf 85' lang='lat' dir='ltr'>sicut</span> <span class='ocrx_word' id='word_1_542' title='bbox 1875 2976 2016 3019; x_wconf 90' lang='lat' dir='ltr'>eadem</span> <span class='ocrx_word' id='word_1_543' title='bbox 2031 2975 2225 3030; x_wconf 88' lang='lat' dir='ltr'>expofitio</span> <span class='ocrx_word' id='word_1_544' title='bbox 2239 2972 2402 3030; x_wconf 60' lang='lat' dir='ltr'>subitan-⁴</span> 
     </span>
     <span class='ocr_line' id='line_1_87' title="bbox 1393 3034 2401 3093; baseline -0.007 -12"><span class='ocrx_word' id='word_1_545' title='bbox 1393 3038 1791 3093; x_wconf 81' lang='lat' dir='ltr'>gebat‚Guardianus</span> <span class='ocrx_word' id='word_1_546' title='bbox 1805 3037 1845 3076; x_wconf 78' lang='grc' dir='ltr'>δι</span> <span class='ocrx_word' id='word_1_547' title='bbox 1857 3037 2013 3077; x_wconf 87' lang='lat' dir='ltr'>Fratres</span> <span class='ocrx_word' id='word_1_548' title='bbox 2029 3034 2201 3087; x_wconf 69' lang='lat' dir='ltr'>praedieti</span> <span class='ocrx_word' id='word_1_549' title='bbox 2221 3035 2401 3088; x_wconf 65' lang='lat' dir='ltr'>emptioe</span> 
     </span>
     <span class='ocr_line' id='line_1_88' title="bbox 1393 3090 2398 3152; baseline -0.006 -13"><span class='ocrx_word' id='word_1_550' title='bbox 1393 3111 1483 3139; x_wconf 87' lang='lat' dir='ltr'>nem</span> <span class='ocrx_word' id='word_1_551' title='bbox 1500 3095 1720 3152; x_wconf 89' lang='lat' dir='ltr'>hujusmodi</span> <span class='ocrx_word' id='word_1_552' title='bbox 1738 3109 1807 3149; x_wconf 89' lang='lat' dir='ltr'>pro</span> <span class='ocrx_word' id='word_1_553' title='bbox 1834 3094 1940 3135; x_wconf 82' lang='lat' dir='ltr'>illius</span> <span class='ocrx_word' id='word_1_554' title='bbox 1958 3092 2194 3143; x_wconf 81' lang='lat' dir='ltr'>validitate,</span> <span class='ocrx_word' id='word_1_555' title='bbox 2221 3094 2258 3133; x_wconf 86' lang='lat'>&amp;</span> <span class='ocrx_word' id='word_1_556' title='bbox 2278 3090 2398 3134; x_wconf 84' lang='lat' dir='ltr'>subfi-</span> 
     </span>
     <span class='ocr_line' id='line_1_89' title="bbox 1391 3150 2392 3210; baseline -0.006 -13"><span class='ocrx_word' id='word_1_557' title='bbox 1391 3155 1529 3197; x_wconf 83' lang='lat' dir='ltr'>stentia</span> <span class='ocrx_word' id='word_1_558' title='bbox 1541 3184 1553 3206; x_wconf 88' lang='lat'>,</span> <span class='ocrx_word' id='word_1_559' title='bbox 1569 3153 1806 3210; x_wconf 87' lang='lat' dir='ltr'>Apostolicae</span> <span class='ocrx_word' id='word_1_560' title='bbox 1820 3150 2137 3194; x_wconf 86' lang='lat' dir='ltr'>confirmationis</span> <span class='ocrx_word' id='word_1_561' title='bbox 2166 3151 2392 3206; x_wconf 87' lang='lat' dir='ltr'>patrocinio</span> 
     </span>
     <span class='ocr_line' id='line_1_90' title="bbox 1390 3210 2392 3269; baseline -0.007 -12"><span class='ocrx_word' id='word_1_562' title='bbox 1390 3214 1630 3257; x_wconf 85' lang='lat' dir='ltr'>communiri</span> <span class='ocrx_word' id='word_1_563' title='bbox 1649 3210 1862 3269; x_wconf 74' lang='lat' dir='ltr'>plurimum</span> <span class='ocrx_word' id='word_1_564' title='bbox 1880 3210 2129 3261; x_wconf 85' lang='lat' dir='ltr'>defiderent,</span> <span class='ocrx_word' id='word_1_565' title='bbox 2150 3210 2276 3252; x_wconf 89' lang='lat' dir='ltr'>Nobis</span> <span class='ocrx_word' id='word_1_566' title='bbox 2293 3222 2392 3264; x_wconf 86' lang='lat' dir='ltr'>pro-</span> 
     </span>
     <span class='ocr_line' id='line_1_91' title="bbox 1391 3267 2389 3328; baseline -0.007 -13"><span class='ocrx_word' id='word_1_567' title='bbox 1391 3282 1526 3328; x_wconf 86' lang='lat' dir='ltr'>pterea</span> <span class='ocrx_word' id='word_1_568' title='bbox 1546 3273 1753 3315; x_wconf 89' lang='lat' dir='ltr'>humiliter</span> <span class='ocrx_word' id='word_1_569' title='bbox 1771 3267 2389 3325; x_wconf 76' lang='lat' dir='ltr'>supplicarifecerunt‚uts1biin</span> 
     </span>
     <span class='ocr_line' id='line_1_92' title="bbox 1390 3328 2391 3388; baseline -0.007 -14"><span class='ocrx_word' id='word_1_570' title='bbox 1390 3331 1587 3388; x_wconf 85' lang='lat' dir='ltr'>praemislis</span> <span class='ocrx_word' id='word_1_571' title='bbox 1602 3328 1826 3387; x_wconf 75' lang='lat' dir='ltr'>opportune</span> <span class='ocrx_word' id='word_1_572' title='bbox 1842 3329 2060 3384; x_wconf 87' lang='lat' dir='ltr'>providere</span> <span class='ocrx_word' id='word_1_573' title='bbox 2074 3328 2125 3370; x_wconf 92' lang='lat' dir='ltr'>de</span> <span class='ocrx_word' id='word_1_574' title='bbox 2140 3328 2391 3381; x_wconf 86' lang='lat' dir='ltr'>Benignitate</span> 
     </span>
     <span class='ocr_line' id='line_1_93' title="bbox 1391 3385 2390 3445; baseline -0.008 -11"><span class='ocrx_word' id='word_1_575' title='bbox 1391 3391 1621 3445; x_wconf 78' lang='lat' dir='ltr'>Apostolica</span> <span class='ocrx_word' id='word_1_576' title='bbox 1648 3391 1938 3445; x_wconf 87' lang='lat' dir='ltr'>dignaremur.</span> <span class='ocrx_word' id='word_1_577' title='bbox 1972 3391 2056 3429; x_wconf 86' lang='lat' dir='ltr'>Nos</span> <span class='ocrx_word' id='word_1_578' title='bbox 2078 3387 2199 3441; x_wconf 88' lang='lat' dir='ltr'>igitur</span> <span class='ocrx_word' id='word_1_579' title='bbox 2226 3385 2390 3428; x_wconf 88' lang='lat' dir='ltr'>eosdem</span> 
     </span>
     <span class='ocr_line' id='line_1_94' title="bbox 1390 3442 2383 3501; baseline -0.007 -9"><span class='ocrx_word' id='word_1_580' title='bbox 1390 3450 1691 3501; x_wconf 82' lang='lat' dir='ltr'>Guardianum,</span> <span class='ocrx_word' id='word_1_581' title='bbox 1714 3450 1754 3490; x_wconf 90' lang='lat'>&amp;</span> <span class='ocrx_word' id='word_1_582' title='bbox 1779 3449 1939 3490; x_wconf 86' lang='lat' dir='ltr'>Fratres</span> <span class='ocrx_word' id='word_1_583' title='bbox 1964 3444 2202 3500; x_wconf 87' lang='lat' dir='ltr'>specialibus</span> <span class='ocrx_word' id='word_1_584' title='bbox 2229 3442 2383 3487; x_wconf 87' lang='lat' dir='ltr'>favori-</span> 
     </span>
     <span class='ocr_line' id='line_1_95' title="bbox 1389 3503 2384 3564; baseline -0.005 -14"><span class='ocrx_word' id='word_1_585' title='bbox 1389 3510 1459 3550; x_wconf 89' lang='lat' dir='ltr'>bus</span> <span class='ocrx_word' id='word_1_586' title='bbox 1484 3536 1498 3556; x_wconf 78' lang='lat'>,</span> <span class='ocrx_word' id='word_1_587' title='bbox 1530 3510 1570 3550; x_wconf 90' lang='lat'>&amp;</span> <span class='ocrx_word' id='word_1_588' title='bbox 1592 3507 1731 3564; x_wconf 86' lang='lat' dir='ltr'>gratiis</span> <span class='ocrx_word' id='word_1_589' title='bbox 1758 3503 1941 3562; x_wconf 86' lang='lat' dir='ltr'>prosequi</span> <span class='ocrx_word' id='word_1_590' title='bbox 1967 3504 2149 3546; x_wconf 87' lang='lat' dir='ltr'>volentes</span> <span class='ocrx_word' id='word_1_591' title='bbox 2175 3505 2215 3544; x_wconf 78' lang='grc' dir='ltr'>δι</span> <span class='ocrx_word' id='word_1_592' title='bbox 2242 3517 2384 3545; x_wconf 88' lang='lat' dir='ltr'>eorum</span> 
     </span>
     <span class='ocr_line' id='line_1_96' title="bbox 1386 3561 2389 3620; baseline -0.005 -12"><span class='ocrx_word' id='word_1_593' title='bbox 1386 3567 1600 3620; x_wconf 79' lang='lat' dir='ltr'>singulares</span> <span class='ocrx_word' id='word_1_594' title='bbox 1615 3567 1796 3620; x_wconf 72' lang='lat' dir='ltr'>persbnas</span> <span class='ocrx_word' id='word_1_595' title='bbox 1812 3563 1831 3604; x_wconf 71' lang='lat' dir='ltr'>a</span> <span class='ocrx_word' id='word_1_596' title='bbox 1848 3562 2049 3619; x_wconf 88' lang='lat' dir='ltr'>quibusvis</span> <span class='ocrx_word' id='word_1_597' title='bbox 2064 3563 2138 3604; x_wconf 80' lang='lat' dir='ltr'>&amp;c-</span> <span class='ocrx_word' id='word_1_598' title='bbox 2152 3561 2389 3614; x_wconf 87' lang='lat' dir='ltr'>censentes,</span> 
     </span>
     <span class='ocr_line' id='line_1_97' title="bbox 1387 3621 2384 3679; baseline -0.004 -13"><span class='ocrx_word' id='word_1_599' title='bbox 1387 3623 1606 3678; x_wconf 80' lang='lat' dir='ltr'>hujusmodi</span> <span class='ocrx_word' id='word_1_600' title='bbox 1625 3622 1979 3679; x_wconf 88' lang='lat' dir='ltr'>supplicationibus</span> <span class='ocrx_word' id='word_1_601' title='bbox 1997 3621 2203 3671; x_wconf 82' lang='lat' dir='ltr'>inclinati,</span> <span class='ocrx_word' id='word_1_602' title='bbox 2217 3623 2384 3663; x_wconf 84' lang='lat' dir='ltr'>Frater·</span> 
     </span>
     <span class='ocr_line' id='line_1_98' title="bbox 1385 3680 2382 3738; baseline -0.006 -12"><span class='ocrx_word' id='word_1_603' title='bbox 1385 3684 1498 3726; x_wconf 90' lang='lat' dir='ltr'>nitati</span> <span class='ocrx_word' id='word_1_604' title='bbox 1530 3685 1626 3726; x_wconf 86' lang='lat' dir='ltr'>Tuae</span> <span class='ocrx_word' id='word_1_605' title='bbox 1650 3697 1718 3738; x_wconf 91' lang='lat' dir='ltr'>per</span> <span class='ocrx_word' id='word_1_606' title='bbox 1744 3681 1954 3737; x_wconf 69' lang='lat' dir='ltr'>praesentes</span> <span class='ocrx_word' id='word_1_607' title='bbox 1978 3681 2270 3722; x_wconf 89' lang='lat' dir='ltr'>committimus</span> <span class='ocrx_word' id='word_1_608' title='bbox 2295 3705 2310 3729; x_wconf 69' lang='lat'>³</span> <span class='ocrx_word' id='word_1_609' title='bbox 2342 3680 2382 3720; x_wconf 74' lang='grc' dir='ltr'>δε</span> 
     </span>
     <span class='ocr_line' id='line_1_99' title="bbox 1382 3738 2385 3796; baseline -0.006 -12"><span class='ocrx_word' id='word_1_610' title='bbox 1382 3742 1611 3784; x_wconf 86' lang='lat' dir='ltr'>mandamus</span> <span class='ocrx_word' id='word_1_611' title='bbox 1626 3770 1640 3790; x_wconf 77' lang='grc'><em>,</em></span> <span class='ocrx_word' id='word_1_612' title='bbox 1673 3751 1868 3796; x_wconf 78' lang='lat' dir='ltr'>quatenus</span> <span class='ocrx_word' id='word_1_613' title='bbox 1890 3738 2034 3793; x_wconf 71' lang='lat' dir='ltr'>praevia</span> <span class='ocrx_word' id='word_1_614' title='bbox 2051 3738 2261 3781; x_wconf 84' lang='lat' dir='ltr'>Abbatiss‘ae</span> <span class='ocrx_word' id='word_1_615' title='bbox 2275 3766 2287 3788; x_wconf 81' lang='grc'><strong>,</strong></span> <span class='ocrx_word' id='word_1_616' title='bbox 2319 3738 2385 3780; x_wconf 70' lang='lat' dir='ltr'>seu</span> 
     </span>
    </p>
   </div>
   <div class='ocr_carea' id='block_1_23' title="bbox 325 3796 2386 3861">
    <p class='ocr_par' dir='ltr' id='par_1_25' title="bbox 325 3796 2386 3861">
     <span class='ocr_line' id='line_1_100' title="bbox 325 3796 2386 3861; baseline -0.003 -16"><span class='ocrx_word' id='word_1_617' title='bbox 325 3799 404 3845; x_wconf 78' lang='lat' dir='ltr'>stro</span> <span class='ocrx_word' id='word_1_618' title='bbox 430 3799 476 3840; x_wconf 90' lang='lat' dir='ltr'>P·</span> <span class='ocrx_word' id='word_1_619' title='bbox 498 3798 716 3848; x_wconf 70' lang='lat' dir='ltr'>Generali,</span> <span class='ocrx_word' id='word_1_620' title='bbox 742 3800 782 3840; x_wconf 89' lang='lat'>&amp;</span> <span class='ocrx_word' id='word_1_621' title='bbox 803 3799 889 3859; x_wconf 72' lang='lat' dir='ltr'>aliis</span> <span class='ocrx_word' id='word_1_622' title='bbox 901 3802 1205 3861; x_wconf 79' lang='lat' dir='ltr'>Superioribus.</span> <span class='ocrx_word' id='word_1_623' title='bbox 1234 3805 1319 3859; x_wconf 55' lang='grc' dir='ltr'>Ιῑει-1</span> <span class='ocrx_word' id='word_1_624' title='bbox 1379 3798 1879 3846; x_wconf 79' lang='lat' dir='ltr'>Prioriffae&amp;Monialium</span> <span class='ocrx_word' id='word_1_625' title='bbox 1895 3798 2173 3854; x_wconf 63' lang='lat' dir='ltr'>praedictarum</span> <span class='ocrx_word' id='word_1_626' title='bbox 2189 3797 2208 3839; x_wconf 72' lang='lat' dir='ltr'>a</span> <span class='ocrx_word' id='word_1_627' title='bbox 2224 3796 2386 3854; x_wconf 84' lang='lat' dir='ltr'>quibus-</span> 
     </span>
    </p>
   </div>
   <div class='ocr_carea' id='block_1_24' title="bbox 2273 3855 2330 3896">
    <p class='ocr_par' dir='ltr' id='par_1_26' title="bbox 2273 3855 2330 3896">
     <span class='ocr_line' id='line_1_101' title="bbox 2273 3855 2330 3896; baseline 0 0"><span class='ocrx_word' id='word_1_628' title='bbox 2273 3855 2330 3896; x_wconf 87' lang='lat' dir='ltr'>vis</span> 
     </span>
    </p>
   </div>
  </div>
 </body>
</html>
