2658 4256
755 177 1786 281 EAEENCH‘US.

229 299 310 356 bus
352 293 513 349 nostris
564 295 626 348 ibi
677 296 967 358 existentibus
1020 298 1226 356 concedi,-

223 380 332 419 rur.
1107 384 1223 431 323.

322 507 714 565 PRQleCLA
750 509 1097 567 RHENANA
1110 541 1123 556 .

289 651 496 700 Domum
522 646 753 703 Fratribus
771 648 934 701 nostris
952 650 999 700 in
1015 647 1222 705 civitate

215 718 479 774 Trevirensi
508 716 706 772 construi
723 753 738 776 ,
753 719 783 768 ἃ
796 720 1011 775 Lothario
1031 718 1222 772 Archie-

213 786 399 857 piscopo
426 827 444 851 ,
486 787 536 840 ἃ
572 787 784 842 Electum
818 791 1014 856 requirit,
1051 824 1065 837 .
1114 786 1222 842 Pau,-

212 860 281 909 lus
307 860 359 911 V.
1102 876 1161 920 32
1167 875 1218 916 9„

281 932 376 984 Pro
407 928 657 983 Catholicae
688 928 942 996 Religionis
973 929 1219 984 incremen-

212 1013 264 1052 to
291 1003 496 1055 Domum
527 995 761 1054 Fratribus
790 996 984 1055 nostris,
1021 999 1099 1047 vel
1125 997 1223 1046 aliis

208 1063 451 1143 Religiosis
482 1064 764 1123 Reformaris
783 1069 834 1119 inr
857 1070 1063 1124 Civitate
1084 1070 1223 1116 Fran-

209 1133 380 1193 cofurti
406 1135 638 1198 construi.
675 1135 1032 1206 Archiepiscopo
1056 1136 1102 1187 δι
1122 1137 1220 1192 Ele.-

208 1207 327 1263 fbri
346 1208 637 1276 Mogwatino,
650 1209 958 1265 commendat.
974 1207 1102 1256 Idem.
1121 1224 1144 1268 3
1156 1224 1178 1267 3
1189 1225 1217 1253 ο

270 1280 574 1346 Εωρείοηεω
592 1276 774 1335 Οοωίὶε
805 1280 1044 1347 Regularis
1060 1282 1108 1328 S.
1126 1283 1220 1326 An-

208 1348 320 1402 tonii
348 1381 366 1406 2
403 1346 461 1402 de
492 1348 661 1404 sancio
697 1352 906 1404 Antonio
946 1344 1223 1405 Viennensi,

207 1435 316 1471 cum
351 1435 523 1471 annexa
554 1419 596 1473 ei
625 1417 822 1474 Ecclesia
852 1415 1138 1474 Francoforti
1165 1417 1221 1467 ad

203 1483 415 1543 fiavoszm
452 1491 669 1541 Fratrum
697 1487 797 1556 post
832 1488 1074 1545 cessionem
1113 1492 1219 1538 RR.

206 1561 398 1614 Parata
429 1560 671 1613 Societatis
689 1557 806 1630 Jesu
838 1556 1002 1615 fastam
1031 1592 1048 1616 2
1098 1564 1219 1622 Apo·

205 1626 363 1683 stolica
391 1628 682 1677 Aueioritate
710 1626 999 1684 confirmari,
1028 1644 1080 1677 ac
1109 1624 1218 1675 inibi

207 1701 508 1753 conventum
533 1701 747 1747 Fratrum
773 1697 924 1764 erigi,
962 1691 1220 1762 Arcbiepis·

206 1783 332 1835 eope
376 1766 663 1836 Moguntzino
719 1768 969 1820 committit
1006 1801 1021 1815 .
1078 1764 1219 1817 Urba-

203 1854 280 1891 ιω
309 1831 443 1886 Vm.
1138 1835 1217 1885 ibi·

274 1909 358 1961 Per
395 1909 469 1956 Fr.
493 1904 793 1963 Benediffiium
831 1906 1089 1965 Leodium,
1125 1909 1219 1957 Mi-

205 1976 398 2030 nistrum
442 1979 772 2033 provincialem
813 1977 904 2029 διο.
940 1979 1057 2046 Regi
1086 1978 1219 2030 Chri·

206 2046 470 2101 stianiffimo
486 2066 582 2098 rem
599 2050 891 2100 Catholicam
908 2049 954 2097 in
970 2051 1220 2099 Germania

206 2118 499 2171 commendat
512 2153 525 2167 .
567 2117 680 2168 Idem
699 2155 713 2168 .
1103 2137 1127 2180 3
1139 2138 1162 2181 3
1177 2139 1218 2170 1.

277 2193 493 2254 Emptam
519 2189 545 2236 ὲ
573 2191 780 2259 Georgio
817 2191 1055 2246 Antonio,
1093 2188 1218 2257 Epis-

206 2273 326 2325 copo
355 2256 670 2313 Wormatienfi
697 2294 714 2317 ,
753 2262 800 2308 S.
832 2263 888 2307 R.
911 2262 950 2307 Ι.
979 2259 1216 2326 Principe,

207 2345 294 2396 pro
322 2332 475 2377 Domo
514 2331 725 2379 Fratrum
766 2329 809 2376 in
841 2331 1049 2378 Civitate
1089 2345 1217 2384 Wor·

207 2399 359 2447 matiae
385 2396 677 2448 construenda
704 2398 951 2449 Ecclesiam
977 2404 1025 2448 S.
1047 2407 1217 2449 Aman-

207 2467 382 2517 dicum
411 2468 584 2519 duabus
616 2469 784 2520 aedibus
814 2470 1075 2538 contiguis,
1105 2489 1213 2519 cum

207 2539 295 2588 alia
313 2538 535 2607 S.Jodoci
556 2539 752 2589 Ecclesia
779 2542 1061 2608 permutari,
1092 2540 1141 2592 ὅ(
1168 2544 1211 2589 in

205 2609 337 2672 hujus
363 2608 449 2659 situ
476 2613 686 2660 Fratrum
723 2615 929 2669 Domum
955 2613 1067 2680 erigi
1108 2629 1212 2661 con-

204 2679 326 2727 cedit
357 2715 374 2738 ,
418 2679 623 2747 hancque
664 2681 814 2748 quoad
851 2681 1113 2739 dominium
1154 2681 1210 2733 ad

206 2748 418 2797 Sanstam
433 2749 596 2799 Sedem
614 2752 806 2805 devolvi
833 2751 1035 2809 declarat
1053 2788 1066 2802 .
1091 2749 1210 2802 Inna·

206 2821 364 2865 centius
393 2818 461 2867 X.
476 2837 563 2865 cum
585 2836 681 2868 nota
695 2856 710 2870 .
1132 2822 1210 2872 ibi.

273 2891 475 2936 Decreto
510 2890 557 2937 S.
577 2890 958 2956 Congreguioais
972 2890 1030 2943 de
1048 2895 1212 2959 Propa-

208 2955 360 3027 ganda
402 2955 513 3005 Fide
552 2955 710 3004 habitae
745 2973 821 3020 14.
854 2961 1026 3024 Aprilis
1063 2970 1211 3020 ¹65⁴·

205 3044 261 3075 ne
287 3031 464 3076 Fratres
499 3023 773 3075 Miffionarii
803 3026 859 3075 ab
886 3027 984 3078 aliis
1013 3027 1212 3094 Religio-

205 3094 263 3146 sis
293 3095 614 3154 molestentur,
650 3109 836 3151 cavetur
857 3130 870 3144 .
1097 3111 1211 3157 335.

277 3168 565 3219 Provinciam
594 3165 828 3215 dividendi
855 3166 974 3221 Patri
996 3161 1212 3217 Ministro

208 3239 424 3288 Generali
454 3233 714 3287 facultatem
747 3237 941 3305 largitur
968 3270 981 3286 .
1023 3234 1211 3356 Clemebns

208 3306 292 3360 ῙΧ
308 3345 321 3358 .
1132 3309 1151 3355 i
1177 3309 1212 3358 i<-

279 3383 336 3429 In
365 3379 570 3429 Civitate
595 3373 862 3428 Bruchsaliae
904 3392 1074 3423 novam
1106 3379 1211 3425 Fra-

208 3462 333 3499 trum
356 3453 560 3499 Domum
587 3450 698 3518 erigi
720 3445 940 3495 consentit
960 3481 975 3503 ‚
1003 3444 1050 3495 ὅ(
1075 3447 1212 3512 pieta-

209 3530 302 3567 tem
333 3520 534 3569 Lotharii
573 3519 788 3569 Friderici
817 3552 830 3573 ‚
875 3510 1081 3583 Episcopi
1111 3518 1211 3583 Spi-

207 3587 339 3638 rensis
358 3625 374 3646 ,
400 3589 694 3653 CoadJutoris
720 3588 984 3655 Moguntini
1008 3586 1099 3636 ὄις.
1136 3587 1211 3634 de·

211 3655 338 3725 supet
368 3660 682 3709 commendat.
722 3659 905 3707 Clemens
922 3654 991 3706 X.
1130 3655 1208 3705 ibi.

280 3730 527 3779 Provinciae
566 3732 691 3800 paria
735 3746 842 3779 cum
884 3726 982 3776 aliis
1017 3725 1208 3778 Ordinis

1287 298 1534 350 Provinciis
1560 310 1668 343 vota
1686 295 1730 341 in
1748 294 1973 361 Capitulis
1987 299 2286 354 Generalibus

1285 366 1473 414 concedi
1490 379 1716 429 petentem
1737 363 2142 433 Archiepiscopum
2159 405 2173 425 ‚
2193 375 2288 420 Ele·

1282 435 1456 487 &orem
1484 434 1816 502 Moguntinum
1833 470 1850 493 ,
1879 435 1936 484 de
1967 435 2096 486 obice
2126 454 2289 489 certio-

1281 523 1382 554 rem
1398 506 1546 554 reddit
1559 539 1571 552 .
1609 501 1723 551 Idem
1737 539 1750 553 .
2172 526 2195 569 3
2208 519 2287 568 36.

1352 578 1550 633 Decreto
1577 577 1721 626 Sacrae
1751 571 1800 625 ὅ(
1828 577 2064 626 Generalis
2083 580 2288 646 Congre-

1280 644 1478 715 gationis
1506 643 1563 695 de
1584 644 1878 712 Propaganda
1898 647 2006 696 Fide
2035 647 2196 696 habitae
2214 647 2286 696 die

1284 733 1331 763 2.
1361 716 1522 765 Martii
1552 721 1697 772 1676.
1727 715 1958 765 Fratribus
1989 715 2287 766 Miffionariis

1280 786 1327 832 in
1349 785 1592 834 Comitatu
1614 780 1894 853 Leiningensi
1920 782 2128 854 speciales
2148 784 2292 841 facul·

1278 867 1392 902 tates
1415 852 1723 902 conceduntur
1738 890 1751 902 .
2174 874 2197 918 3
2211 876 2291 918 37.

1350 925 1596 978 Paritatem
1623 937 1839 973 votorum
1860 925 2078 980 Ministris
2101 927 2291 976 Provin-

1281 992 1469 1042 cialibus
1500 994 1545 1042 in
1572 995 1790 1045 Comitiis
1810 995 2111 1045 Genera1.bus
2136 1014 2293 1044 conce-

1283 1064 1381 1122 dit,
1412 1061 1459 1114 &
1482 1062 1693 1131 deinceps
1722 1081 1841 1114 nova
1860 1066 1993 1123 loca,
2028 1064 2077 1116 ἃ
2108 1070 2287 1115 Domos

1282 1137 1326 1190 in
1367 1135 1605 1184 Provincia
1639 1133 1728 1184 fine
1769 1133 1954 1185 recursu
1987 1134 2043 1184 ad
2076 1138 2289 1186 Sanstam

1281 1204 1445 1254 Sedem
1476 1204 1583 1254 alias
1613 1203 1872 1274 praescripto
1904 1240 1920 1263 ,
1958 1208 2096 1275 recipi
2139 1203 2291 1274 posse-2

1281 1275 1517 1344 indulget.
1555 1272 1816 1324 Innocentius
1839 1274 1934 1328 ΧῙ.
2172 1295 2197 1338 3
2208 1279 2289 1338 38.

1351 1346 1579 1396 Sententia
1608 1349 1739 1400 Rotae
1755 1350 1973 1398 Romanae
2005 1351 2184 1396 Fratres
2206 1352 2292 1411 Ex-

1279 1417 1743 1466 communicationem
1785 1431 1945 1478 contra
1978 1419 2290 1483 Capitulum..-

1278 1483 1604 1542 Wormatienfe
1631 1487 1676 1531 in
1711 1483 1860 1534 Causa
1890 1486 2198 1534 Canonicatt'is
2231 1490 2292 1539 la-

1278 1569 1373 1601 tam
1411 1555 1455 1602 in
1485 1551 1695 1605 Ecclesiis
1717 1556 1983 1604 Wormatiae
2012 1555 2060 1608 ἃ
2079 1557 2289 1608 Treviris

1279 1622 1509 1689 publicare
1529 1621 1781 1685 jubentur,
1816 1626 2061 1697 privilegio
2081 1630 2286 1677 Alexan-

1277 1693 1348 1741 dri
1370 1696 1459 1743 lV.
1477 1710 1568 1741 non
1583 1692 1786 1744 obstante
1797 1730 1811 1744 .
2207 1697 2285 1749 1bi.

1348 1767 1547 1814 Decreto
1578 1767 1726 1815 Sacrae
1747 1768 2131 1837 Congregationis
2163 1773 2288 1819 Con·

1277 1835 1370 1884 cilii
1387 1834 1657 1893 ,methodus
1684 1836 1940 1888 celebrandi
1957 1837 2111 1889 Missas
2140 1842 2186 1888 in
2205 1843 2287 1890 Ec-

1275 1903 1408 1955 clefia
1424 1909 1637 1962 Fratrum
1653 1909 1904 1960 Bornhovii
1920 1907 2167 1978 superfluas
2180 1929 2290 1980 prae·

1278 1973 1490 2026 scribitur
1508 2013 1520 2025 .
1558 1995 1646 2026 cum
1672 1994 1769 2027 nota
1785 2014 1797 2028 .
2168 2000 2193 2044 3
2202 1998 2225 2043 3
2234 2001 2283 2042 9.

1351 2047 1431 2097 Ad
1457 2051 1751 2098 Conventum
1775 2051 2008 2103 Fratribus
2037 2055 2082 2103 in
2108 2051 2286 2116 Civitaz·

1278 2135 1322 2170 te
1347 2116 1708 2168 Francofurtensi
1739 2119 2091 2183 restituendum,
2130 2130 2288 2194 Augu·

1279 2188 1452 2239 stiffimi
1487 2193 1780 2257 Imperatoris
1818 2189 1970 2244 officia
1997 2196 2253 2263 interpellat
2271 2232 2284 2245 .

1275 2261 1466 2312 Clemens
1493 2260 1589 2311 XI.
2170 2283 2284 2330 343.

1345 2329 1595 2380 Ecclesiam
1637 2330 1686 2382 &
1717 2334 2012 2382 Conventum
2053 2338 2100 2384 S.
2136 2342 2282 2385 Anto·

1274 2402 1335 2449 nii
1364 2398 1650 2450 Francofurti
1675 2401 1731 2450 ab
1747 2420 1866 2452 anno
1898 2407 2045 2452 1628.
2069 2404 2206 2473 usque
2224 2407 2281 2457 ad

1274 2489 1444 2519 annum
1480 2489 1624 2529 ¹717·
1657 2473 1824 2522 virtute
1850 2476 2005 2525 Brevis
2024 2477 2280 2543 Apostolici

1277 2539 1459 2596 Urbani
1489 2544 1613 2610 Papae
1631 2545 1781 2591 V111.
1804 2543 2025 2594 continuo
2045 2547 2280 2613 pertinuis-

1270 2610 1315 2660 se
1343 2611 1400 2661 ad
1427 2610 1657 2661 Ordinem
1681 2646 1699 2670 ,
1735 2629 1825 2662 non
1864 2613 2142 2666 obstantibus
2171 2618 2277 2667 dua-

1270 2680 1352 2731 bus
1390 2682 1727 2732 venditionibus
1758 2717 1775 2742 ,
1823 2685 1969 2751 primi
2007 2691 2276 2746 Antonitis,

1271 2749 1463 2802 secundd
1487 2754 1600 2802 vero
1628 2755 1826 2822 Principi
1854 2754 1910 2803 de
1942 2755 2274 2807 Lowenstein..

1270 2823 1439 2872 interea
1478 2824 1697 2891 temporis
1727 2825 1909 2871 nulliter
1933 2820 2093 2883 fastis,
2128 2825 2275 2878 decla.

1272 2907 1371 2950 rat,
1408 2890 1455 2942 ὅ(
1476 2894 1519 2941 in
1538 2892 1793 2956 Syndicum
1815 2887 2129 2955 Apostolicum
2153 2902 2272 2949 Cau-

1271 2960 1325 3010 sae
1344 2995 1359 3015 ,
1398 2958 1671 3023 Episcopum
1699 2957 1965 3009 Mallensem
1991 2998 2007 3021 ,
2044 2963 2273 3036 Suffraga-

1272 3043 1407 3075 neum
1426 3027 1758 3094 Mogontinum
1771 3026 1980 3095 deputat.
2017 3031 2156 3085 Idem.
2191 3039 2271 3091 ibi.

1340 3098 1529 3145 Novam
1562 3093 1908 3154 transafflonem
1938 3136 1953 3158 ‚
1988 3098 2065 3153 seu
2095 3123 2271 3158 contra·

1273 3164 1398 3218 stum
1438 3164 1494 3214 de
1523 3165 1679 3221 eadem
1708 3167 1901 3218 Ecclesia
1935 3169 1983 3221 ὅ(
2020 3178 2268 3230 Conventu

1274 3236 1439 3284 initum
1470 3270 1485 3292 ,
1521 3234 1569 3285 ὅτ
1603 3235 1806 3287 confecia
1845 3238 2035 3306 desuper
2069 3249 2269 3314 capitula

1270 3322 1382 3359 Qum
1404 3305 1614 3354 omnibus
1639 3308 1778 3373 paciis
1794 3307 1884 3359 ἃς.
1900 3311 2167 3366 confirmat.
2196 3316 2268 3367 In-

1270 3380 1475 3424 nocentius
1490 3374 1638 3426 XIII.
2150 3405 2175 3449 3
2182 3406 2212 3451 4
2220 3408 2265 3451 3,

1399 3516 1761 3570 CUSTODIA
1799 3521 2116 3577 POLONIAE
2134 3564 2148 3576 .

1354 3658 1552 3704 Decreto
1606 3659 1751 3706 Sacrae
1787 3661 2167 3732 Congregationis
2206 3669 2263 3719 de

1268 3725 1562 3795 Propaganda
1582 3728 1693 3778 Fide
1715 3745 1871 3780 coram
1887 3735 2173 3849 δεηέίῑίῖῐηὶφ
2193 3740 2267 3788 ha-

2157 3817 2218 3851 11ae
