2658 4256
2312 1190 2314 1192 >
2443 1145 2486 1181 Α

387 1302 392 1307 ·
432 1288 514 1365 Z}
551 1285 650 1325 3*
683 1349 698 1358 ,Α
715 1321 747 1329 —
831 1283 895 1298 Χ
957 1293 1068 1342 Acro
1098 1293 1368 1360 Regularium
1388 1294 1589 1355 Ordinum
1618 1294 1734 1343 Coetu
1745 1294 1963 1363 Ecclesiam
1979 1293 2077 1345 ‘Dei
2100 1295 2331 1362 multifiirio
2345 1294 2488 1360 splenss

430 1368 583 1441 υὲχ
613 1386 639 1425 4
681 1359 708 1369 ”
807 1367 876 1431 ξ’,ῐ
892 1367 921 1419 ἶ.
975 1364 1068 1412 dore
1093 1363 1323 1428 illustrari,
1363 1382 1409 1412 ac
1442 1370 1530 1429 effus
1556 1365 1758 1414 commoda
1781 1369 1964 1431 operario
1997 1366 2165 1415 illorum
2193 1367 2284 1426 zelo
2303 1379 2380 1430 per
2405 1364 2488 1413 Or-

468 1431 471 1433 ’
555 1432 557 1434 ’
827 1436 840 1447 “’
879 1427 919 1496 ’ῗῗξ
975 1433 1061 1481 bem
1089 1436 1190 1480 mire
1217 1433 1424 1490 dilatari,
1459 1434 1600 1484 Sanc‘li
1632 1434 1781 1484 Patres
1813 1436 1962 1485 dudum
1992 1437 2211 1485 cumulatis
2237 1435 2485 1502 affer-uerunt

820 1517 880 1595 gl(
976 1504 1118 1570 elogiis
1136 1537 1151 1559 ,
1179 1521 1226 1551 ac
1252 1502 1339 1568 ipsa
1373 1502 1500 1549 Sacra
1525 1505 1716 1553 Romana
1733 1505 1853 1555 Sedes
1871 1507 2004 1572 ampl&
2030 1507 2200 1573 concffa
2224 1505 2486 1572 privilegio-

690 1618 731 1635 4
780 1522 919 1636 &ff
959 1574 1062 1622 ⁴rum
1088 1591 1247 1621 munere
1274 1577 1318 1619 in
1347 1572 1433 1619 dies
1460 1570 1610 1619 test'ari
1638 1590 1714 1618 non
1737 1575 1912 1638 desinit.
1949 1575 2179 1640 specialius
2206 1578 2280 1624 hoc
2307 1578 2504 1642 agno-vit,

788 1634 917 1699 “Ns
978 1641 1021 1691 S.
1055 1662 1170 1692 mem.
1201 1636 1422 1708 Gregorius
1454 1640 1566 1708 Papa
1595 1639 1772 1700 XIII.,
1807 1644 1928 1701 inde,
1968 1645 2062 1693 dum
2090 1645 2262 1713 ⁶⁰¹fi⁴st⁰
2292 1647 2486 1709 temporis

972 1715 1149 1780 gloriam
1159 1712 1231 1779 siti
1248 1709 1519 1779 Pontificatiis
1527 1711 1687 1779 funeste
1710 1712 1912 1762 turbavit
1927 1747 1943 1769 ‚
1979 1716 2263 1781 hominumque
2284 1716 2486 1781 iniquitas

919 1846 922 1848 .
964 1783 1183 1849 florentem
1208 1787 1252 1831 in
1279 1783 1484 1832 Helvetia
1516 1783 1638 1831 Fidei
1669 1783 1892 1831 Catholicae
1920 1782 2127 1850 segetem,
2159 1788 2382 1832 commixto
2406 1786 2483 1833 hae-

406 1858 530 1923 reseos
556 1858 660 1904 olere
691 1857 831 1921 misere?
855 1858 1157 1904 contaminavit
1176 1890 1190 1909 ‚
1223 1854 1453 1920 Religiosbs
1474 1852 1530 1901 ad
1533 1853 1752 1920 sistendum
1770 1855 1873 1902 mali
1893 1854 2143 1921 progreſjiaem
2168 1856 2271 1902 illuc
2296 1855 2484 1922 ablegare

405 1928 594 1976 decrevit
623 1963 633 1973 .
684 1927 783 1975 Fuit
812 1927 869 1974 ad
890 1925 1086 1973 Fratrum
1114 1922 1341 1971 noflrorum
1370 1922 1565 1988 silec‘lum
1598 1928 1641 1970 eo
1662 1923 1848 1992 ficiliits
1875 1925 2120 1983 commotus,
2157 1943 2243 1972 cum
2275 1925 2330 1972 ὑ·
2360 1925 2483 1975 Divi

409 1987 550 2044 Caroli
574 1996 793 2044 Borromaei
811 2032 826 2053 ,
859 2011 954 2042 tunc
978 1993 1287 2059 Archiepifiopi
1311 1992 1661 2059 Mediolaneifis,
1687 1996 1740 2042 ΕΤ
1778 1995 1826 2044 S.
1841 1996 1901 2045 R.
1916 1995 2100 2065 Ecclesz'ae
2118 1994 2355 2043 Cardinalis
2369 2030 2385 2053 ,
2412 1992 2482 2042 ne⁴c

405 2084 482 2114 non
511 2065 783 2129 Illuflrifflmi
817 2064 1054 2120 D.Joannis
1084 2064 1300 2115 Waltheri
1328 2062 1354 2111 ἃ
1380 2065 1492 2114 Roll
1516 2064 1569 2112 ab
1599 2065 1797 2132 Altorffio
1813 2101 1828 2123 ‚
1861 2066 2029 2132 Equitis
2045 2102 2061 2124 ,
2089 2068 2141 2114 ἶν’
2163 2065 2366 2113 Colonelli
2382 2101 2396 2121 ,
2434 2083 2482 2113 ac

406 2134 683 2199 Illus‘iriffi'mi
716 2135 774 2183 D.
796 2134 1047 2183 Melchioris
1077 2131 1210 2195 Luffii
1227 2167 1241 2189 ,
1273 2137 1298 2181 ἃ
1328 2132 1493 2181 Scantio
1510 2170 1524 2191 ,
1563 2134 1729 2202 Equitis
1751 2139 1947 2200 pariter,
1977 2137 2031 2184 &⁵
2050 2137 2257 2185 Colonelli
2271 2170 2287 2192 ,
2313 2153 2360 2183 ac
2373 2135 2481 2184 Can-

404 2221 543 2253 tonum
578 2205 892 2255 Helveticorum
920 2207 963 2251 in
995 2202 1177 2250 Concilio
1213 2202 1459 2251 Tridentino
1483 2205 1709 2262 Oratoris,
1746 2211 1877 2255 enixe
1908 2206 2153 2273 accffffint
2175 2220 2350 2272 preces„
2449 2230 2463 2256 -1'

544 2271 594 2321 Ia
612 2289 706 2339 opus
720 2276 893 2323 Domini
908 2291 1009 2321 anno
1033 2293 1051 2321 1
1065 2291 1087 2334 5
1098 2275 1122 2319 8
1138 2292 1154 2320 1
1165 2273 1441 2340 ,figregacum
1459 2273 1798 2340 Fr.Francisium
1813 2275 2005 2343 abAquis
2021 2277 2222 2333 Bormiis,
2240 2276 2481 2326 Provincia:

404 2341 722 2410 Mediolanetfis
751 2363 828 2391 ex·
842 2343 1177 2400 Provincialem,
1209 2346 1261 2392 (J
1281 2345 1458 2392 Ordinis
1475 2345 1743 2411 Definitorem
1759 2346 1996 2395 Generalem
2010 2381 2025 2404 ,
2041 2365 2126 2394 cum
2141 2361 2314 2414 quatuor
2332 2347 2481 2413 sociis,

402 2411 644 2477 prelibatus
672 2414 918 2465 Waltherus
945 2413 1125 2481 gratioso
1149 2413 1341 2481 Altorffii
1369 2419 1532 2480 excepit
1563 2415 1740 2481 hospitio
1767 2451 1784 2473 ,
1827 2421 1880 2464 ὃ
1918 2418 2043 2481 paulo
2067 2417 2169 2483 pos‘l
2188 2416 2247 2464 ad
2270 2416 2482 2484 Regulare

405 2482 676 2528 Domicilium
690 2516 704 2538 ,
737 2483 845 2548 quod
865 2484 994 2530 adhuc
1013 2484 1175 2548 ‘vifitur
1196 2488 1218 2539 ,'
1249 2490 1303 2531 ΕΒ
1327 2489 1438 2532 inter
1461 2486 1541 2532 illa
1570 2486 1908 2535 Germanicarum
1941 2487 2266 2537 Provinct'arum
2294 2490 2477 2553 primum

403 2552 455 2616 est
474 2587 488 2608 ,
513 2555 669 2616 partim
684 2551 765 2616 sub
791 2551 948 2618 confuso
972 2554 1148 2602 invidia
1171 2571 1371 2602 murmure
1386 2590 1401 2611 ,
1432 2559 1590 2620 partim
1620 2555 1701 2621 fiib
1727 2557 1860 2605 hilari
1888 2556 2130 2608 devotionis
2154 2557 2305 2623 plausit
2339 2558 2481 2606 condu-

402 2625 494 2668 xit.
531 2621 664 2668 Sortis
692 2622 813 2685 hujus
843 2627 1153 2672 communionem
1173 2642 1260 2671 cum
1288 2630 1340 2673 &
1359 2625 1447 2672 alia
1465 2625 1700 2677 Helveticae
1725 2627 1815 2675 loca
1841 2626 2070 2686 ambirent,
2106 2643 2171 2675 tot
2196 2628 2314 2676 illico
2336 2626 2480 2693 visa-.-

387 2687 512 2755 fitire
540 2690 734 2738 Fratrum
767 2692 956 2740 Coenobia
971 2728 985 2748 ‚
1021 2709 1068 2741 ut
1093 2713 1195 2741 anno
1214 2694 1424 2761 millefimo
1447 2695 1759 2764 quingentesimo
1786 2697 2048 2764 oiiuagefimo
2072 2717 2173 2746 nono
2190 2734 2206 2756 ,
2235 2702 2373 2764 prima
2393 2697 2479 2746 Lu-

402 2777 522 2806 cernae
546 2760 701 2807 indic‘la
734 2795 749 2816 ,
793 2762 846 2808 (θ’
876 2762 1078 2811 celebrata
1089 2763 1255 2830 suerint
1285 2767 1451 2813 comitia
1474 2801 1491 2824 ,
1530 2767 1606 2815 Fr.
1624 2769 1807 2815 Antonio
1837 2774 1862 2817 a
1887 2769 2065 2818 Canobio
2095 2772 2140 2816 in
2165 2772 2344 2833 primum
2374 2767 2479 2818 Pro-

401 2829 630 2878 vincialem
668 2828 795 2876 eletio
815 2866 825 2876 .

545 2897 772 2947 Pro-vincia
796 2902 860 2946 ita
878 2903 988 2948 inter
1015 2900 1217 2961 Montes,
1247 2923 1294 2952 ac
1323 2904 1483 2970 Alpes,
1516 2909 1570 2956 &¹
1599 2907 1785 2955 ubertate
1818 2908 1909 2955 Soli
1934 2942 1951 2964 ,
1981 2908 2034 2955 ά·
2062 2911 2257 2972 temperie
2285 2907 2381 2958 Poli
2405 2906 2473 2971 fi-

402 2967 500 3015 lices
520 2968 714 3031 plantata
738 3003 752 3024 ,
798 2970 1011 3017 accedaneo
1026 2975 1211 3039 conjugio
1213 2974 1305 3039 fibi
1317 2979 1536 3040 copulavit
1567 2984 1620 3026 ἐφ’
1652 2976 1892 3033 Sveviam‚
1931 2983 1985 3025 &³
2013 2978 2218 3042 Alstitiam
2244 3012 2258 3033 ,
2293 2978 2347 3025 &¹
2378 2977 2473 3025 dum

403 3037 615 3102 domestice
640 3042 812 3101 pietatis
842 3041 1022 3104 exemplo
1049 3045 1094 3090 in
1121 3045 1221 3093 aliis
1239 3046 1450 3108 firmavit
1486 3047 1631 3096 Fidem
1655 3082 1670 3104 ,
1715 3047 1942 3112 Apostolici
1983 3046 2137 3095 laboris
2173 3047 2263 3103 zelo
2300 3050 2353 3099 in.
2373 3048 2472 3095 aliis

395 3112 553 3171 peccati
580 3106 814 3155 libertatem
843 3110 1006 3175 ligavit
1025 3146 1040 3168 ‚
1076 3130 1122 3158 ac
1152 3117 1394 3162 incrementa
1415 3115 1592 3183 frugum
1612 3115 1803 3181 jussitiae
1837 3116 1920 3164 Dei
1955 3119 2018 3164 ita
2047 3117 2390 3180 multiplicavit,
2425 3133 2472 3165 ut

400 3175 524 3223 Sacra
553 3176 672 3225 Sedes
705 3180 830 3226 eidem
858 3195 944 3226 tum
980 3184 1023 3226 in
1055 3181 1211 3229 laboris
1244 3191 1458 3248 premium
1489 3221 1504 3243 ,
1545 3202 1632 3236 tum
1668 3187 1726 3236 ad
1755 3187 1840 3242 zeli
1864 3188 2076 3254 stimulum
2109 3186 2469 3251 Miffi'onariorum

394 3247 629 3313 privilegia
652 3251 751 3311 Jam
781 3267 881 3295 anno
906 3253 1048 3298 1608.
1078 3258 1438 3304 communicaverit
1457 3291 1471 3312 ,
1510 3257 1760 3305 Documento
1788 3259 2041 3307 Anthentico
2077 3262 2120 3306 in
2156 3258 2353 3307 Archivo
2381 3258 2468 3307 Lu-

398 3334 520 3363 cernae
548 3317 674 3365 adhuc
696 3317 905 3383 affirvato
923 3354 934 3366 .
965 3321 1060 3367 Sine
1082 3323 1370 3387 intermiffi'one
1382 3325 1503 3390 fitam
1518 3328 1776 3394 prosequitur
1795 3327 1985 3393 Spartam
2001 3363 2015 3385 ,
2051 3347 2094 3374 co
2119 3329 2276 3394 quidem
2280 3327 2432 3395 sruHu
2446 3363 2464 3385 ,

398 3401 443 3432 ut
471 3390 583 3434 intra
597 3387 751 3452 ftptem
783 3406 904 3436 annos
923 3424 936 3445 ,
975 3391 1178 3439 ‘videlicet
1207 3393 1258 3440 ab
1290 3412 1390 3441 anno
1411 3396 1525 3443 mille
1544 3417 1621 3444 imo
1638 3398 1989 3465 septingentestmo
2019 3397 2221 3465 trigestmo
2248 3402 2371 3447 tertio
2402 3398 2466 3464 ufi-

397 3474 470 3522 que
493 3457 550 3504 ad
575 3475 716 3504 annum
745 3459 1002 3525 millesimum
1020 3461 1415 3530 fiptingentefimum
1453 3468 1796 3535 quadragcss'mum
1835 3473 1879 3517 in
1916 3467 2153 3517 Matricula
2196 3468 2328 3518 Sacrae
2361 3467 2464 3516 Con-

393 3530 643 3592 gregationis
665 3542 740 3592 pro
764 3547 871 3575 more
901 3536 1198 3579 annotaverit:

536 3596 578 3643 A
597 3597 812 3646 Fratribus
843 3614 1031 3664 exceptas
1052 3600 1323 3666 Corfissiones
1347 3604 1672 3653 Sacramentales
1687 3641 1702 3663 ,
1735 3609 1965 3657 Milliones
1991 3606 2218 3677 sexaginta
2237 3609 2465 3676 quinque}

397 3665 655 3733 oRuaginta
679 3668 772 3716 duo
806 3670 948 3717 millia
966 3704 981 3725 ,
1013 3669 1339 3738 septingentas,
1366 3673 1411 3723 ὅ(
1438 3678 1624 3744 triginta
1656 3691 1850 3741 quatuor
1870 3714 1882 3726 .

536 3734 744 3801 Conciones
774 3739 972 3798 habitas,
1009 3740 1171 3808 viginti
1193 3742 1297 3792 osto
1333 3746 1506 3810 millia,
1542 3743 1798 3805 sexcentas,
1828 3747 1876 3800 <Sc
1908 3748 2225 3799 novemdecim
2244 3786 2257 3799 .

2328 3819 2409 3859 Ca-
