<?xml version="1.0" encoding="UTF-8"?>
<!DOCTYPE html PUBLIC "-//W3C//DTD XHTML 1.0 Transitional//EN"
    "http://www.w3.org/TR/xhtml1/DTD/xhtml1-transitional.dtd">
<html xmlns="http://www.w3.org/1999/xhtml" xml:lang="en" lang="en">
 <head>
  <title>
</title>
<meta http-equiv="Content-Type" content="text/html;charset=utf-8" />
  <meta name='ocr-system' content='tesseract 3.04.00' />
  <meta name='ocr-capabilities' content='ocr_page ocr_carea ocr_par ocr_line ocrx_word'/>
</head>
<body>
  <div class='ocr_page' id='page_1' title='image "./bullariumordinis04cath/bullariumordinis04cath_0196.png"; bbox 0 0 2658 4256; ppageno 0'>
   <div class='ocr_carea' id='block_1_1' title="bbox 431 247 592 332">
    <p class='ocr_par' dir='ltr' id='par_1_1' title="bbox 431 247 592 332">
     <span class='ocr_line' id='line_1_1' title="bbox 431 247 592 332; baseline -0.012 0"><span class='ocrx_word' id='word_1_1' title='bbox 431 247 592 332; x_wconf 84' lang='lat'>168</span> 
     </span>
    </p>
   </div>
   <div class='ocr_carea' id='block_1_2' title="bbox 364 372 1371 726">
    <p class='ocr_par' dir='ltr' id='par_1_2' title="bbox 364 372 1371 726">
     <span class='ocr_line' id='line_1_2' title="bbox 364 372 1366 429; baseline -0.005 0"><span class='ocrx_word' id='word_1_2' title='bbox 364 379 625 429; x_wconf 83' lang='lat' dir='ltr'>Franconiae</span> <span class='ocrx_word' id='word_1_3' title='bbox 642 379 973 426; x_wconf 83' lang='lat' dir='ltr'>Conventuum</span> <span class='ocrx_word' id='word_1_4' title='bbox 990 372 1014 423; x_wconf 66' lang='grc' dir='ltr'>ἃ</span> <span class='ocrx_word' id='word_1_5' title='bbox 1036 376 1247 425; x_wconf 82' lang='lat' dir='ltr'>Bavarica</span> <span class='ocrx_word' id='word_1_6' title='bbox 1261 381 1366 425; x_wconf 87' lang='lat' dir='ltr'>Pro·</span> 
     </span>
     <span class='ocr_line' id='line_1_3' title="bbox 434 445 1368 512; baseline -0.006 -13"><span class='ocrx_word' id='word_1_7' title='bbox 434 452 584 499; x_wconf 88' lang='lat' dir='ltr'>vincia</span> <span class='ocrx_word' id='word_1_8' title='bbox 602 446 867 496; x_wconf 77' lang='lat' dir='ltr'>divisionem</span> <span class='ocrx_word' id='word_1_9' title='bbox 884 446 1157 511; x_wconf 82' lang='lat' dir='ltr'>expedire,&amp;</span> <span class='ocrx_word' id='word_1_10' title='bbox 1170 445 1272 494; x_wconf 89' lang='lat' dir='ltr'>ideo</span> <span class='ocrx_word' id='word_1_11' title='bbox 1285 463 1368 512; x_wconf 90' lang='lat' dir='ltr'>pro</span> 
     </span>
     <span class='ocr_line' id='line_1_4' title="bbox 434 517 1368 583; baseline -0.005 -14"><span class='ocrx_word' id='word_1_12' title='bbox 434 537 484 569; x_wconf 86' lang='lat' dir='ltr'>re</span> <span class='ocrx_word' id='word_1_13' title='bbox 507 517 759 566; x_wconf 87' lang='lat' dir='ltr'>ultimanda</span> <span class='ocrx_word' id='word_1_14' title='bbox 792 517 1019 583; x_wconf 71' lang='lat' dir='ltr'>utriusque</span> <span class='ocrx_word' id='word_1_15' title='bbox 1036 519 1172 581; x_wconf 87' lang='lat' dir='ltr'>partis</span> <span class='ocrx_word' id='word_1_16' title='bbox 1193 518 1368 564; x_wconf 90' lang='lat' dir='ltr'>Domos</span> 
     </span>
     <span class='ocr_line' id='line_1_5' title="bbox 436 584 1371 655; baseline -0.004 -17"><span class='ocrx_word' id='word_1_17' title='bbox 436 588 674 639; x_wconf 71' lang='lat' dir='ltr'>visitandas</span> <span class='ocrx_word' id='word_1_18' title='bbox 689 584 790 643; x_wconf 82' lang='lat' dir='ltr'>effe,</span> <span class='ocrx_word' id='word_1_19' title='bbox 807 587 1001 654; x_wconf 88' lang='lat' dir='ltr'>Principi</span> <span class='ocrx_word' id='word_1_20' title='bbox 1017 584 1240 655; x_wconf 84' lang='lat' dir='ltr'>Episcopo</span> <span class='ocrx_word' id='word_1_21' title='bbox 1250 590 1371 638; x_wconf 88' lang='lat' dir='ltr'>Her·</span> 
     </span>
     <span class='ocr_line' id='line_1_6' title="bbox 433 656 886 726; baseline -0.002 -18"><span class='ocrx_word' id='word_1_22' title='bbox 433 656 650 726; x_wconf 70' lang='lat' dir='ltr'>bipolensi</span> <span class='ocrx_word' id='word_1_23' title='bbox 679 662 859 724; x_wconf 82' lang='lat' dir='ltr'>reponit</span> <span class='ocrx_word' id='word_1_24' title='bbox 873 693 886 706; x_wconf 86' lang='lat'><strong>.</strong></span> 
     </span>
    </p>
   </div>
   <div class='ocr_carea' id='block_1_3' title="bbox 366 841 1369 959">
    <p class='ocr_par' dir='ltr' id='par_1_3' title="bbox 366 841 1369 959">
     <span class='ocr_line' id='line_1_7' title="bbox 366 841 1369 899; baseline 0 -14"><span class='ocrx_word' id='word_1_25' title='bbox 366 843 409 888; x_wconf 79' lang='lat' dir='ltr'>&#39;A</span> <span class='ocrx_word' id='word_1_26' title='bbox 424 850 565 898; x_wconf 86' lang='lat' dir='ltr'>tergo:</span> <span class='ocrx_word' id='word_1_27' title='bbox 606 841 821 886; x_wconf 72' lang='lat' dir='ltr'><em>Venerabili</em></span> <span class='ocrx_word' id='word_1_28' title='bbox 837 845 997 894; x_wconf 66' lang='lat' dir='ltr'>Fratri,</span> <span class='ocrx_word' id='word_1_29' title='bbox 1012 845 1163 898; x_wconf 62' lang='lat' dir='ltr'>fyoanni</span> <span class='ocrx_word' id='word_1_30' title='bbox 1181 842 1369 899; x_wconf 72' lang='lat' dir='ltr'>Philippo,</span> 
     </span>
     <span class='ocr_line' id='line_1_8' title="bbox 623 900 1128 959; baseline -0.006 -14"><span class='ocrx_word' id='word_1_31' title='bbox 623 900 804 957; x_wconf 78' lang='lat' dir='ltr'>Episcopo</span> <span class='ocrx_word' id='word_1_32' title='bbox 837 900 1107 959; x_wconf 79' lang='lat' dir='ltr'>Herbipolensi</span> <span class='ocrx_word' id='word_1_33' title='bbox 1116 929 1128 942; x_wconf 86' lang='lat'><strong>.</strong></span> 
     </span>
    </p>
   </div>
   <div class='ocr_carea' id='block_1_4' title="bbox 449 1078 1293 1128">
    <p class='ocr_par' dir='ltr' id='par_1_4' title="bbox 449 1078 1293 1128">
     <span class='ocr_line' id='line_1_9' title="bbox 449 1078 1293 1128; baseline -0.002 0"><span class='ocrx_word' id='word_1_34' title='bbox 449 1078 931 1128; x_wconf 86' lang='lat' dir='ltr'><strong>CLEMENS</strong></span> <span class='ocrx_word' id='word_1_35' title='bbox 1003 1081 1115 1128; x_wconf 90' lang='lat' dir='ltr'>PP.</span> <span class='ocrx_word' id='word_1_36' title='bbox 1184 1080 1293 1128; x_wconf 90' lang='lat' dir='ltr'>XI.</span> 
     </span>
    </p>
   </div>
   <div class='ocr_carea' id='block_1_5' title="bbox 404 1251 1338 1354">
    <p class='ocr_par' dir='ltr' id='par_1_5' title="bbox 404 1251 1338 1354">
     <span class='ocr_line' id='line_1_10' title="bbox 404 1251 1338 1310; baseline -0.005 -12"><span class='ocrx_word' id='word_1_37' title='bbox 404 1251 635 1298; x_wconf 79' lang='lat' dir='ltr'><em>Venerabilis</em></span> <span class='ocrx_word' id='word_1_38' title='bbox 649 1256 794 1297; x_wconf 82' lang='lat' dir='ltr'>Frater</span> <span class='ocrx_word' id='word_1_39' title='bbox 792 1252 968 1310; x_wconf 81' lang='lat' dir='ltr'>salutem</span> <span class='ocrx_word' id='word_1_40' title='bbox 986 1281 1000 1304; x_wconf 78' lang='lat'>‚</span> <span class='ocrx_word' id='word_1_41' title='bbox 1023 1252 1070 1301; x_wconf 62' lang='grc' dir='ltr'>δ’</span> <span class='ocrx_word' id='word_1_42' title='bbox 1085 1251 1338 1309; x_wconf 80' lang='lat' dir='ltr'>Apostolicam</span> 
     </span>
     <span class='ocr_line' id='line_1_11' title="bbox 702 1310 1029 1354; baseline 0.006 -2"><span class='ocrx_word' id='word_1_43' title='bbox 702 1310 1005 1354; x_wconf 66' lang='lat' dir='ltr'>Benediffloncm</span> <span class='ocrx_word' id='word_1_44' title='bbox 1016 1338 1029 1354; x_wconf 87' lang='grc'><strong>.</strong></span> 
     </span>
    </p>
   </div>
   <div class='ocr_carea' id='block_1_6' title="bbox 362 1488 1373 2478">
    <p class='ocr_par' dir='ltr' id='par_1_6' title="bbox 460 1488 1367 1536">
     <span class='ocr_line' id='line_1_12' title="bbox 460 1488 1367 1536; baseline 0.001 -9"><span class='ocrx_word' id='word_1_45' title='bbox 460 1488 584 1528; x_wconf 80' lang='lat' dir='ltr'>Retas</span> <span class='ocrx_word' id='word_1_46' title='bbox 599 1513 612 1536; x_wconf 84' lang='lat'>‚</span> <span class='ocrx_word' id='word_1_47' title='bbox 644 1501 691 1530; x_wconf 86' lang='lat' dir='ltr'>ac</span> <span class='ocrx_word' id='word_1_48' title='bbox 718 1489 980 1531; x_wconf 84' lang='lat' dir='ltr'>communitas</span> <span class='ocrx_word' id='word_1_49' title='bbox 998 1488 1274 1531; x_wconf 73' lang='lat' dir='ltr'>fraternitatis</span> <span class='ocrx_word' id='word_1_50' title='bbox 1292 1499 1367 1529; x_wconf 84' lang='lat' dir='ltr'>tuae</span> 
     </span>
    </p>

    <p class='ocr_par' dir='ltr' id='par_1_7' title="bbox 362 1543 1373 2478">
     <span class='ocr_line' id='line_1_13' title="bbox 472 1543 1368 1602; baseline 0.002 -18"><span class='ocrx_word' id='word_1_51' title='bbox 472 1543 622 1585; x_wconf 90' lang='lat' dir='ltr'>Officiis</span> <span class='ocrx_word' id='word_1_52' title='bbox 639 1558 779 1598; x_wconf 88' lang='lat' dir='ltr'>preces</span> <span class='ocrx_word' id='word_1_53' title='bbox 802 1561 873 1600; x_wconf 91' lang='lat' dir='ltr'>per</span> <span class='ocrx_word' id='word_1_54' title='bbox 898 1547 1116 1589; x_wconf 89' lang='lat' dir='ltr'>nonnullos</span> <span class='ocrx_word' id='word_1_55' title='bbox 1144 1546 1368 1602; x_wconf 84' lang='lat' dir='ltr'>Religiosos</span> 
     </span>
     <span class='ocr_line' id='line_1_14' title="bbox 366 1603 1367 1652; baseline 0.001 -8"><span class='ocrx_word' id='word_1_56' title='bbox 366 1603 672 1652; x_wconf 80' lang='lat' dir='ltr'>Viros‚0rdinis</span> <span class='ocrx_word' id='word_1_57' title='bbox 686 1605 869 1645; x_wconf 83' lang='lat' dir='ltr'><strong>Fratrum</strong></span> <span class='ocrx_word' id='word_1_58' title='bbox 882 1606 1083 1647; x_wconf 88' lang='lat' dir='ltr'>Minorum</span> <span class='ocrx_word' id='word_1_59' title='bbox 1095 1608 1227 1646; x_wconf 65' lang='lat' dir='ltr'>Sancti</span> <span class='ocrx_word' id='word_1_60' title='bbox 1245 1609 1367 1647; x_wconf 84' lang='lat' dir='ltr'>Fran-</span> 
     </span>
     <span class='ocr_line' id='line_1_15' title="bbox 367 1658 1366 1717; baseline 0.002 -16"><span class='ocrx_word' id='word_1_61' title='bbox 367 1658 461 1701; x_wconf 86' lang='lat' dir='ltr'>cisci</span> <span class='ocrx_word' id='word_1_62' title='bbox 486 1661 783 1715; x_wconf 87' lang='lat' dir='ltr'>Capucinorum</span> <span class='ocrx_word' id='word_1_63' title='bbox 826 1672 1141 1716; x_wconf 85' lang='lat' dir='ltr'>nuncupatorum</span> <span class='ocrx_word' id='word_1_64' title='bbox 1169 1691 1180 1714; x_wconf 88' lang='lat'>,</span> <span class='ocrx_word' id='word_1_65' title='bbox 1211 1664 1279 1717; x_wconf 86' lang='lat' dir='ltr'>qui</span> <span class='ocrx_word' id='word_1_66' title='bbox 1316 1675 1366 1703; x_wconf 87' lang='lat' dir='ltr'>ex</span> 
     </span>
     <span class='ocr_line' id='line_1_16' title="bbox 366 1718 1367 1773; baseline 0 -13"><span class='ocrx_word' id='word_1_67' title='bbox 366 1718 448 1761; x_wconf 77' lang='lat' dir='ltr'>istis</span> <span class='ocrx_word' id='word_1_68' title='bbox 476 1719 656 1773; x_wconf 89' lang='lat' dir='ltr'>partibus</span> <span class='ocrx_word' id='word_1_69' title='bbox 674 1721 846 1760; x_wconf 85' lang='lat' dir='ltr'>Romam</span> <span class='ocrx_word' id='word_1_70' title='bbox 871 1720 919 1762; x_wconf 90' lang='lat' dir='ltr'>ad</span> <span class='ocrx_word' id='word_1_71' title='bbox 935 1720 1151 1762; x_wconf 88' lang='lat' dir='ltr'>Generalia</span> <span class='ocrx_word' id='word_1_72' title='bbox 1179 1720 1232 1761; x_wconf 89' lang='lat' dir='ltr'>sui</span> <span class='ocrx_word' id='word_1_73' title='bbox 1248 1720 1367 1762; x_wconf 86' lang='lat' dir='ltr'>Ordi-</span> 
     </span>
     <span class='ocr_line' id='line_1_17' title="bbox 364 1777 1371 1832; baseline 0 -13"><span class='ocrx_word' id='word_1_74' title='bbox 364 1778 427 1819; x_wconf 83' lang='lat' dir='ltr'>nis</span> <span class='ocrx_word' id='word_1_75' title='bbox 445 1777 622 1819; x_wconf 88' lang='lat' dir='ltr'>Comitia</span> <span class='ocrx_word' id='word_1_76' title='bbox 636 1792 763 1832; x_wconf 86' lang='lat' dir='ltr'>nuper</span> <span class='ocrx_word' id='word_1_77' title='bbox 779 1789 1085 1828; x_wconf 86' lang='lat' dir='ltr'>convenerunt,</span> <span class='ocrx_word' id='word_1_78' title='bbox 1118 1779 1242 1820; x_wconf 84' lang='lat' dir='ltr'>Nobis</span> <span class='ocrx_word' id='word_1_79' title='bbox 1259 1777 1371 1819; x_wconf 86' lang='lat' dir='ltr'>obla·-</span> 
     </span>
     <span class='ocr_line' id='line_1_18' title="bbox 364 1834 1367 1891; baseline 0.002 -14"><span class='ocrx_word' id='word_1_80' title='bbox 364 1844 427 1877; x_wconf 86' lang='lat' dir='ltr'>tas</span> <span class='ocrx_word' id='word_1_81' title='bbox 445 1848 517 1889; x_wconf 89' lang='lat' dir='ltr'>pro</span> <span class='ocrx_word' id='word_1_82' title='bbox 532 1834 752 1878; x_wconf 58' lang='lat' dir='ltr'>obtinendi</span> <span class='ocrx_word' id='word_1_83' title='bbox 774 1834 1018 1891; x_wconf 74' lang='lat' dir='ltr'>separatione</span> <span class='ocrx_word' id='word_1_84' title='bbox 1040 1840 1367 1879; x_wconf 76' lang='lat' dir='ltr'>Conventuum.›</span> 
     </span>
     <span class='ocr_line' id='line_1_19' title="bbox 365 1893 1368 1939; baseline 0.002 -5"><span class='ocrx_word' id='word_1_85' title='bbox 365 1893 590 1939; x_wconf 84' lang='lat' dir='ltr'>Provinciae</span> <span class='ocrx_word' id='word_1_86' title='bbox 607 1894 860 1936; x_wconf 75' lang='lat' dir='ltr'>Franconicae</span> <span class='ocrx_word' id='word_1_87' title='bbox 881 1893 1108 1936; x_wconf 59' lang='lat' dir='ltr'>§Bavarica</span> <span class='ocrx_word' id='word_1_88' title='bbox 1135 1896 1243 1936; x_wconf 90' lang='lat' dir='ltr'>omni</span> <span class='ocrx_word' id='word_1_89' title='bbox 1271 1896 1368 1936; x_wconf 89' lang='lat' dir='ltr'>cha-</span> 
     </span>
     <span class='ocr_line' id='line_1_20' title="bbox 365 1951 1368 2008; baseline 0 -15"><span class='ocrx_word' id='word_1_90' title='bbox 365 1951 489 1994; x_wconf 80' lang='lat' dir='ltr'>ritate</span> <span class='ocrx_word' id='word_1_91' title='bbox 517 1951 715 2006; x_wconf 85' lang='lat' dir='ltr'>complexi</span> <span class='ocrx_word' id='word_1_92' title='bbox 742 1982 757 2003; x_wconf 82' lang='lat'><strong>,</strong></span> <span class='ocrx_word' id='word_1_93' title='bbox 787 1953 1054 1994; x_wconf 79' lang='lat' dir='ltr'>mandavimus</span> <span class='ocrx_word' id='word_1_94' title='bbox 1091 1966 1177 1994; x_wconf 88' lang='lat' dir='ltr'>rem</span> <span class='ocrx_word' id='word_1_95' title='bbox 1213 1953 1252 1996; x_wconf 91' lang='lat' dir='ltr'>in</span> <span class='ocrx_word' id='word_1_96' title='bbox 1282 1952 1368 2008; x_wconf 84' lang='lat' dir='ltr'>ipfis</span> 
     </span>
     <span class='ocr_line' id='line_1_21' title="bbox 366 2009 1366 2066; baseline 0 -14"><span class='ocrx_word' id='word_1_97' title='bbox 366 2009 584 2059; x_wconf 87' lang='lat' dir='ltr'>Comitiis,</span> <span class='ocrx_word' id='word_1_98' title='bbox 608 2010 760 2066; x_wconf 86' lang='lat' dir='ltr'>auditis</span> <span class='ocrx_word' id='word_1_99' title='bbox 792 2010 1035 2053; x_wconf 78' lang='lat' dir='ltr'>Provinciali</span> <span class='ocrx_word' id='word_1_100' title='bbox 1058 2040 1073 2064; x_wconf 81' lang='grc'>,</span> <span class='ocrx_word' id='word_1_101' title='bbox 1104 2025 1148 2053; x_wconf 89' lang='lat' dir='ltr'>ac</span> <span class='ocrx_word' id='word_1_102' title='bbox 1180 2010 1366 2054; x_wconf 89' lang='lat' dir='ltr'>Custodi-</span> 
     </span>
     <span class='ocr_line' id='line_1_22' title="bbox 365 2068 1368 2125; baseline 0 -14"><span class='ocrx_word' id='word_1_103' title='bbox 365 2070 439 2111; x_wconf 89' lang='lat' dir='ltr'>bus</span> <span class='ocrx_word' id='word_1_104' title='bbox 453 2068 627 2109; x_wconf 83' lang='lat' dir='ltr'>Bavariae</span> <span class='ocrx_word' id='word_1_105' title='bbox 644 2097 657 2118; x_wconf 81' lang='lat'>,</span> <span class='ocrx_word' id='word_1_106' title='bbox 688 2069 903 2124; x_wconf 87' lang='lat' dir='ltr'>diligenter</span> <span class='ocrx_word' id='word_1_107' title='bbox 920 2070 1090 2125; x_wconf 79' lang='lat' dir='ltr'>expendi</span> <span class='ocrx_word' id='word_1_108' title='bbox 1105 2098 1116 2110; x_wconf 84' lang='lat'>.</span> <span class='ocrx_word' id='word_1_109' title='bbox 1149 2074 1256 2112; x_wconf 86' lang='lat' dir='ltr'>Cum</span> <span class='ocrx_word' id='word_1_110' title='bbox 1271 2071 1368 2112; x_wconf 73' lang='lat' dir='ltr'>vero</span> 
     </span>
     <span class='ocr_line' id='line_1_23' title="bbox 364 2126 1364 2171; baseline 0.002 -3"><span class='ocrx_word' id='word_1_111' title='bbox 364 2140 417 2168; x_wconf 86' lang='lat' dir='ltr'>ex</span> <span class='ocrx_word' id='word_1_112' title='bbox 431 2126 724 2169; x_wconf 77' lang='lat' dir='ltr'>deliberatione</span> <span class='ocrx_word' id='word_1_113' title='bbox 739 2127 784 2169; x_wconf 72' lang='lat' dir='ltr'>eti</span> <span class='ocrx_word' id='word_1_114' title='bbox 797 2130 1003 2171; x_wconf 74' lang='lat' dir='ltr'>occatione</span> <span class='ocrx_word' id='word_1_115' title='bbox 1015 2130 1278 2171; x_wconf 89' lang='lat' dir='ltr'>communiter</span> <span class='ocrx_word' id='word_1_116' title='bbox 1296 2130 1364 2170; x_wconf 81' lang='lat' dir='ltr'>ha-</span> 
     </span>
     <span class='ocr_line' id='line_1_24' title="bbox 362 2183 1370 2240; baseline 0.003 -14"><span class='ocrx_word' id='word_1_117' title='bbox 362 2183 452 2226; x_wconf 72' lang='lat' dir='ltr'>bita</span> <span class='ocrx_word' id='word_1_118' title='bbox 466 2212 479 2234; x_wconf 92' lang='lat'>,</span> <span class='ocrx_word' id='word_1_119' title='bbox 510 2198 554 2226; x_wconf 87' lang='lat' dir='ltr'>ac</span> <span class='ocrx_word' id='word_1_120' title='bbox 570 2185 697 2226; x_wconf 88' lang='lat' dir='ltr'>Nobis</span> <span class='ocrx_word' id='word_1_121' title='bbox 717 2186 913 2240; x_wconf 78' lang='lat' dir='ltr'>explicata</span> <span class='ocrx_word' id='word_1_122' title='bbox 944 2187 1122 2230; x_wconf 86' lang='lat' dir='ltr'>constare</span> <span class='ocrx_word' id='word_1_123' title='bbox 1150 2188 1337 2229; x_wconf 90' lang='lat' dir='ltr'>videatur</span> <span class='ocrx_word' id='word_1_124' title='bbox 1354 2215 1370 2239; x_wconf 62' lang='lat'>2</span> 
     </span>
     <span class='ocr_line' id='line_1_25' title="bbox 366 2241 1369 2301; baseline 0.006 -18"><span class='ocrx_word' id='word_1_125' title='bbox 366 2241 571 2298; x_wconf 79' lang='lat' dir='ltr'>utriusque</span> <span class='ocrx_word' id='word_1_126' title='bbox 595 2245 813 2286; x_wconf 74' lang='lat' dir='ltr'>Provincia:</span> <span class='ocrx_word' id='word_1_127' title='bbox 837 2244 1120 2301; x_wconf 81' lang='lat' dir='ltr'>tranquillitati</span> <span class='ocrx_word' id='word_1_128' title='bbox 1148 2246 1338 2301; x_wconf 86' lang='lat' dir='ltr'>expedire</span> <span class='ocrx_word' id='word_1_129' title='bbox 1355 2274 1369 2297; x_wconf 84' lang='lat'>‚</span> 
     </span>
     <span class='ocr_line' id='line_1_26' title="bbox 368 2299 1370 2356; baseline 0.003 -14"><span class='ocrx_word' id='word_1_130' title='bbox 368 2310 415 2343; x_wconf 87' lang='lat' dir='ltr'>ut</span> <span class='ocrx_word' id='word_1_131' title='bbox 441 2300 490 2342; x_wconf 89' lang='lat' dir='ltr'>ad</span> <span class='ocrx_word' id='word_1_132' title='bbox 527 2299 751 2356; x_wconf 78' lang='lat' dir='ltr'>hujusmodi</span> <span class='ocrx_word' id='word_1_133' title='bbox 785 2299 1075 2356; x_wconf 73' lang='lat' dir='ltr'>separationem</span> <span class='ocrx_word' id='word_1_134' title='bbox 1107 2306 1370 2356; x_wconf 77' lang='lat' dir='ltr'>deveniatur3</span> 
     </span>
     <span class='ocr_line' id='line_1_27' title="bbox 366 2357 1371 2417; baseline 0.003 -18"><span class='ocrx_word' id='word_1_135' title='bbox 366 2359 466 2401; x_wconf 83' lang='lat' dir='ltr'>nihil</span> <span class='ocrx_word' id='word_1_136' title='bbox 483 2357 559 2413; x_wconf 87' lang='lat' dir='ltr'>jam</span> <span class='ocrx_word' id='word_1_137' title='bbox 574 2358 747 2414; x_wconf 85' lang='lat' dir='ltr'>superest</span> <span class='ocrx_word' id='word_1_138' title='bbox 760 2385 774 2406; x_wconf 67' lang='lat' dir='ltr'>a</span> <span class='ocrx_word' id='word_1_139' title='bbox 807 2361 891 2412; x_wconf 73' lang='lat' dir='ltr'>nisi,</span> <span class='ocrx_word' id='word_1_140' title='bbox 909 2372 950 2402; x_wconf 88' lang='lat' dir='ltr'>ut</span> <span class='ocrx_word' id='word_1_141' title='bbox 967 2377 1038 2417; x_wconf 88' lang='lat' dir='ltr'>per</span> <span class='ocrx_word' id='word_1_142' title='bbox 1052 2361 1371 2405; x_wconf 79' lang='lat' dir='ltr'>Commiffarium</span> 
     </span>
     <span class='ocr_line' id='line_1_28' title="bbox 369 2417 1373 2478; baseline 0.005 -19"><span class='ocrx_word' id='word_1_143' title='bbox 369 2417 616 2459; x_wconf 88' lang='lat' dir='ltr'>Generalem</span> <span class='ocrx_word' id='word_1_144' title='bbox 641 2432 688 2460; x_wconf 88' lang='lat' dir='ltr'>ex</span> <span class='ocrx_word' id='word_1_145' title='bbox 719 2418 864 2462; x_wconf 85' lang='lat' dir='ltr'>eodem</span> <span class='ocrx_word' id='word_1_146' title='bbox 891 2421 1045 2462; x_wconf 85' lang='lat' dir='ltr'>Ordine</span> <span class='ocrx_word' id='word_1_147' title='bbox 1069 2421 1373 2478; x_wconf 65' lang='lat' dir='ltr'>deligendum.»</span> 
     </span>
    </p>
   </div>
   <div class='ocr_carea' id='block_1_7' title="bbox 367 2477 1399 2534">
    <p class='ocr_par' dir='ltr' id='par_1_8' title="bbox 367 2477 1399 2534">
     <span class='ocr_line' id='line_1_29' title="bbox 367 2477 1399 2534; baseline 0.005 -18"><span class='ocrx_word' id='word_1_148' title='bbox 367 2486 541 2530; x_wconf 84' lang='lat' dir='ltr'>utraque</span> <span class='ocrx_word' id='word_1_149' title='bbox 560 2478 767 2517; x_wconf 74' lang='lat' dir='ltr'>Provincia</span> <span class='ocrx_word' id='word_1_150' title='bbox 790 2477 1008 2530; x_wconf 82' lang='lat' dir='ltr'>lustretur,</span> <span class='ocrx_word' id='word_1_151' title='bbox 1037 2481 1076 2521; x_wconf 76' lang='grc' dir='ltr'>δι</span> <span class='ocrx_word' id='word_1_152' title='bbox 1101 2482 1260 2530; x_wconf 84' lang='lat' dir='ltr'>media,</span> <span class='ocrx_word' id='word_1_153' title='bbox 1292 2493 1370 2534; x_wconf 87' lang='lat' dir='ltr'>ope</span> <span class='ocrx_word' id='word_1_154' title='bbox 1397 2505 1399 2508; x_wconf 94' lang='lat'><em>-</em></span> 
     </span>
    </p>
   </div>
   <div class='ocr_carea' id='block_1_8' title="bbox 363 2534 1370 2999">
    <p class='ocr_par' dir='ltr' id='par_1_9' title="bbox 363 2534 1370 2999">
     <span class='ocr_line' id='line_1_30' title="bbox 367 2534 1370 2590; baseline 0.003 -15"><span class='ocrx_word' id='word_1_155' title='bbox 367 2546 414 2575; x_wconf 80' lang='lat' dir='ltr'>ac</span> <span class='ocrx_word' id='word_1_156' title='bbox 431 2534 592 2575; x_wconf 82' lang='lat' dir='ltr'>consilio</span> <span class='ocrx_word' id='word_1_157' title='bbox 617 2548 785 2585; x_wconf 88' lang='lat' dir='ltr'>eorum,</span> <span class='ocrx_word' id='word_1_158' title='bbox 816 2537 882 2590; x_wconf 91' lang='lat' dir='ltr'>qui</span> <span class='ocrx_word' id='word_1_159' title='bbox 901 2537 1110 2589; x_wconf 76' lang='lat' dir='ltr'>plurimum</span> <span class='ocrx_word' id='word_1_160' title='bbox 1138 2540 1287 2588; x_wconf 42' lang='lat' dir='ltr'>inurem</span> <span class='ocrx_word' id='word_1_161' title='bbox 1304 2537 1370 2579; x_wconf 86' lang='lat' dir='ltr'>sua</span> 
     </span>
     <span class='ocr_line' id='line_1_31' title="bbox 367 2590 1370 2651; baseline 0.004 -19"><span class='ocrx_word' id='word_1_162' title='bbox 367 2592 605 2636; x_wconf 72' lang='lat' dir='ltr'>auctoritate</span> <span class='ocrx_word' id='word_1_163' title='bbox 620 2590 806 2634; x_wconf 84' lang='lat' dir='ltr'>conferre</span> <span class='ocrx_word' id='word_1_164' title='bbox 821 2593 976 2648; x_wconf 80' lang='lat' dir='ltr'>possunt</span> <span class='ocrx_word' id='word_1_165' title='bbox 989 2624 1002 2646; x_wconf 82' lang='lat'>‚</span> <span class='ocrx_word' id='word_1_166' title='bbox 1017 2606 1163 2651; x_wconf 88' lang='lat' dir='ltr'>tuoque</span> <span class='ocrx_word' id='word_1_167' title='bbox 1175 2596 1370 2651; x_wconf 84' lang='lat' dir='ltr'>inprimis,</span> 
     </span>
     <span class='ocr_line' id='line_1_32' title="bbox 363 2655 1369 2709; baseline 0.003 -17"><span class='ocrx_word' id='word_1_168' title='bbox 363 2664 438 2706; x_wconf 88' lang='lat' dir='ltr'>per</span> <span class='ocrx_word' id='word_1_169' title='bbox 470 2664 561 2692; x_wconf 90' lang='lat' dir='ltr'>eum</span> <span class='ocrx_word' id='word_1_170' title='bbox 589 2661 866 2704; x_wconf 82' lang='lat' dir='ltr'>proponantur</span> <span class='ocrx_word' id='word_1_171' title='bbox 882 2655 1163 2708; x_wconf 86' lang='lat' dir='ltr'>Superioribus</span> <span class='ocrx_word' id='word_1_172' title='bbox 1194 2655 1369 2709; x_wconf 81' lang='lat' dir='ltr'>ejusdem</span> 
     </span>
     <span class='ocr_line' id='line_1_33' title="bbox 365 2706 1366 2770; baseline 0.002 -20"><span class='ocrx_word' id='word_1_173' title='bbox 365 2706 532 2750; x_wconf 88' lang='lat' dir='ltr'>Ordinis</span> <span class='ocrx_word' id='word_1_174' title='bbox 574 2710 709 2750; x_wconf 84' lang='lat' dir='ltr'>Roma:</span> <span class='ocrx_word' id='word_1_175' title='bbox 747 2712 1090 2755; x_wconf 87' lang='lat' dir='ltr'>commorantibus</span> <span class='ocrx_word' id='word_1_176' title='bbox 1116 2743 1130 2764; x_wconf 84' lang='lat'>‚</span> <span class='ocrx_word' id='word_1_177' title='bbox 1173 2725 1366 2770; x_wconf 88' lang='lat' dir='ltr'>quatenus</span> 
     </span>
     <span class='ocr_line' id='line_1_34' title="bbox 366 2766 1369 2828; baseline 0.01 -25"><span class='ocrx_word' id='word_1_178' title='bbox 366 2770 456 2810; x_wconf 51' lang='lat' dir='ltr'>Nixus</span> <span class='ocrx_word' id='word_1_179' title='bbox 473 2794 487 2816; x_wconf 87' lang='lat'>‚</span> <span class='ocrx_word' id='word_1_180' title='bbox 520 2766 577 2807; x_wconf 91' lang='lat' dir='ltr'>his</span> <span class='ocrx_word' id='word_1_181' title='bbox 602 2766 747 2808; x_wconf 88' lang='lat' dir='ltr'>auditis</span> <span class='ocrx_word' id='word_1_182' title='bbox 762 2794 774 2816; x_wconf 89' lang='lat'>,</span> <span class='ocrx_word' id='word_1_183' title='bbox 790 2782 834 2808; x_wconf 81' lang='lat' dir='ltr'>ac</span> <span class='ocrx_word' id='word_1_184' title='bbox 850 2770 1031 2812; x_wconf 85' lang='lat' dir='ltr'>omnibus</span> <span class='ocrx_word' id='word_1_185' title='bbox 1051 2772 1127 2813; x_wconf 70' lang='lat' dir='ltr'>rite</span> <span class='ocrx_word' id='word_1_186' title='bbox 1144 2773 1339 2828; x_wconf 83' lang='lat' dir='ltr'>perpensis</span> <span class='ocrx_word' id='word_1_187' title='bbox 1355 2799 1369 2821; x_wconf 83' lang='lat'>‚</span> 
     </span>
     <span class='ocr_line' id='line_1_35' title="bbox 366 2823 1367 2881; baseline 0.003 -14"><span class='ocrx_word' id='word_1_188' title='bbox 366 2827 552 2875; x_wconf 80' lang='lat' dir='ltr'>statuere,</span> <span class='ocrx_word' id='word_1_189' title='bbox 565 2834 682 2878; x_wconf 88' lang='lat' dir='ltr'>prout</span> <span class='ocrx_word' id='word_1_190' title='bbox 700 2823 763 2865; x_wconf 84' lang='lat' dir='ltr'>sec</span> <span class='ocrx_word' id='word_1_191' title='bbox 774 2826 923 2868; x_wconf 76' lang='lat' dir='ltr'>undrim</span> <span class='ocrx_word' id='word_1_192' title='bbox 938 2830 1068 2869; x_wconf 87' lang='lat' dir='ltr'>Deum</span> <span class='ocrx_word' id='word_1_193' title='bbox 1086 2829 1367 2881; x_wconf 73' lang='lat' dir='ltr'>judicabimus,</span> 
     </span>
     <span class='ocr_line' id='line_1_36' title="bbox 366 2883 1369 2943; baseline 0.004 -19"><span class='ocrx_word' id='word_1_194' title='bbox 366 2883 597 2938; x_wconf 70' lang='lat' dir='ltr'>opportune</span> <span class='ocrx_word' id='word_1_195' title='bbox 616 2883 816 2924; x_wconf 83' lang='lat' dir='ltr'>valeamus</span> <span class='ocrx_word' id='word_1_196' title='bbox 830 2911 840 2923; x_wconf 90' lang='lat'><strong>.</strong></span> <span class='ocrx_word' id='word_1_197' title='bbox 873 2887 972 2943; x_wconf 65' lang='lat' dir='ltr'>Qssae</span> <span class='ocrx_word' id='word_1_198' title='bbox 985 2889 1116 2928; x_wconf 86' lang='lat' dir='ltr'>omnia</span> <span class='ocrx_word' id='word_1_199' title='bbox 1134 2889 1225 2930; x_wconf 85' lang='lat' dir='ltr'>Tibi</span> <span class='ocrx_word' id='word_1_200' title='bbox 1253 2888 1369 2942; x_wconf 87' lang='lat' dir='ltr'>figni-</span> 
     </span>
     <span class='ocr_line' id='line_1_37' title="bbox 368 2940 1368 2999; baseline 0.004 -15"><span class='ocrx_word' id='word_1_201' title='bbox 368 2940 522 2984; x_wconf 84' lang='lat' dir='ltr'>ficanda</span> <span class='ocrx_word' id='word_1_202' title='bbox 550 2941 628 2983; x_wconf 81' lang='lat' dir='ltr'>effe</span> <span class='ocrx_word' id='word_1_203' title='bbox 648 2941 834 2983; x_wconf 87' lang='lat' dir='ltr'>duximus</span> <span class='ocrx_word' id='word_1_204' title='bbox 849 2969 862 2991; x_wconf 83' lang='lat'><strong>‚</strong></span> <span class='ocrx_word' id='word_1_205' title='bbox 894 2954 935 2983; x_wconf 90' lang='lat' dir='ltr'>ut</span> <span class='ocrx_word' id='word_1_206' title='bbox 958 2959 1174 2999; x_wconf 86' lang='lat' dir='ltr'>congruam</span> <span class='ocrx_word' id='word_1_207' title='bbox 1200 2948 1222 2989; x_wconf 71' lang='lat' dir='ltr'>a</span> <span class='ocrx_word' id='word_1_208' title='bbox 1241 2947 1368 2988; x_wconf 84' lang='lat' dir='ltr'>Nobis</span> 
     </span>
    </p>
   </div>
   <div class='ocr_carea' id='block_1_9' title="bbox 294 2998 1370 3045">
    <p class='ocr_par' dir='ltr' id='par_1_10' title="bbox 294 2998 1370 3045">
     <span class='ocr_line' id='line_1_38' title="bbox 294 2998 1370 3045; baseline 0.004 -6"><span class='ocrx_word' id='word_1_209' title='bbox 294 3012 300 3015; x_wconf 68' lang='grc'><strong><em>’</em></strong></span> <span class='ocrx_word' id='word_1_210' title='bbox 366 2998 588 3044; x_wconf 80' lang='lat' dir='ltr'>officiorum</span> <span class='ocrx_word' id='word_1_211' title='bbox 605 3009 765 3041; x_wconf 83' lang='lat' dir='ltr'>tuorum</span> <span class='ocrx_word' id='word_1_212' title='bbox 794 3000 987 3044; x_wconf 88' lang='lat' dir='ltr'>rationem</span> <span class='ocrx_word' id='word_1_213' title='bbox 1013 3004 1036 3045; x_wconf 77' lang='grc' dir='ltr'>ὲ</span> <span class='ocrx_word' id='word_1_214' title='bbox 1056 3003 1180 3045; x_wconf 87' lang='lat' dir='ltr'>Nobis</span> <span class='ocrx_word' id='word_1_215' title='bbox 1194 3004 1370 3045; x_wconf 81' lang='lat' dir='ltr'>habitam</span> 
     </span>
    </p>
   </div>
   <div class='ocr_carea' id='block_1_10' title="bbox 367 3055 1367 3115">
    <p class='ocr_par' dir='ltr' id='par_1_11' title="bbox 367 3055 1367 3115">
     <span class='ocr_line' id='line_1_39' title="bbox 367 3055 1367 3115; baseline 0.002 -15"><span class='ocrx_word' id='word_1_216' title='bbox 367 3055 481 3101; x_wconf 69' lang='lat' dir='ltr'>fuisse</span> <span class='ocrx_word' id='word_1_217' title='bbox 511 3057 709 3111; x_wconf 85' lang='lat' dir='ltr'>intelligat</span> <span class='ocrx_word' id='word_1_218' title='bbox 738 3060 984 3112; x_wconf 84' lang='lat' dir='ltr'>Fraternitas</span> <span class='ocrx_word' id='word_1_219' title='bbox 1005 3062 1116 3111; x_wconf 82' lang='lat' dir='ltr'>Tua,</span> <span class='ocrx_word' id='word_1_220' title='bbox 1148 3062 1212 3104; x_wconf 89' lang='lat' dir='ltr'>cui</span> <span class='ocrx_word' id='word_1_221' title='bbox 1245 3063 1282 3103; x_wconf 91' lang='lat' dir='ltr'>in</span> <span class='ocrx_word' id='word_1_222' title='bbox 1310 3062 1367 3115; x_wconf 87' lang='lat' dir='ltr'>pi·</span> 
     </span>
    </p>
   </div>
   <div class='ocr_carea' id='block_1_11' title="bbox 367 3115 1380 3173">
    <p class='ocr_par' dir='ltr' id='par_1_12' title="bbox 367 3115 1380 3173">
     <span class='ocr_line' id='line_1_40' title="bbox 367 3115 1380 3173; baseline 0.004 -15"><span class='ocrx_word' id='word_1_223' title='bbox 367 3130 463 3172; x_wconf 87' lang='lat' dir='ltr'>gnus</span> <span class='ocrx_word' id='word_1_224' title='bbox 483 3115 771 3159; x_wconf 73' lang='lat' dir='ltr'>benemientiae</span> <span class='ocrx_word' id='word_1_225' title='bbox 786 3117 935 3160; x_wconf 72' lang='lat' dir='ltr'>Nostrae</span> <span class='ocrx_word' id='word_1_226' title='bbox 956 3120 1225 3173; x_wconf 89' lang='lat' dir='ltr'>Apostolicam</span> <span class='ocrx_word' id='word_1_227' title='bbox 1242 3124 1380 3163; x_wconf 89' lang='lat' dir='ltr'>Bene--</span> 
     </span>
    </p>
   </div>
   <div class='ocr_carea' id='block_1_12' title="bbox 359 3176 1368 3395">
    <p class='ocr_par' dir='ltr' id='par_1_13' title="bbox 359 3176 1368 3395">
     <span class='ocr_line' id='line_1_41' title="bbox 366 3176 1366 3233; baseline 0.003 -17"><span class='ocrx_word' id='word_1_228' title='bbox 366 3176 584 3216; x_wconf 64' lang='lat' dir='ltr'>dictionem</span> <span class='ocrx_word' id='word_1_229' title='bbox 611 3184 864 3230; x_wconf 82' lang='lat' dir='ltr'>peramanter</span> <span class='ocrx_word' id='word_1_230' title='bbox 888 3178 1142 3233; x_wconf 85' lang='lat' dir='ltr'>impertimur</span> <span class='ocrx_word' id='word_1_231' title='bbox 1169 3209 1180 3221; x_wconf 90' lang='lat'>.</span> <span class='ocrx_word' id='word_1_232' title='bbox 1214 3182 1366 3221; x_wconf 90' lang='lat' dir='ltr'>Datum</span> 
     </span>
     <span class='ocr_line' id='line_1_42' title="bbox 365 3235 1368 3293; baseline 0.008 -21"><span class='ocrx_word' id='word_1_233' title='bbox 365 3235 508 3276; x_wconf 85' lang='lat' dir='ltr'>Romae</span> <span class='ocrx_word' id='word_1_234' title='bbox 533 3235 636 3286; x_wconf 87' lang='lat' dir='ltr'>apud</span> <span class='ocrx_word' id='word_1_235' title='bbox 666 3236 846 3277; x_wconf 66' lang='lat' dir='ltr'>Sanctam</span> <span class='ocrx_word' id='word_1_236' title='bbox 874 3237 1041 3278; x_wconf 81' lang='lat' dir='ltr'>Mariam</span> <span class='ocrx_word' id='word_1_237' title='bbox 1074 3236 1273 3293; x_wconf 86' lang='lat' dir='ltr'>Majorem</span> <span class='ocrx_word' id='word_1_238' title='bbox 1298 3239 1368 3280; x_wconf 85' lang='lat' dir='ltr'>sub</span> 
     </span>
     <span class='ocr_line' id='line_1_43' title="bbox 359 3291 1366 3350; baseline 0.002 -16"><span class='ocrx_word' id='word_1_239' title='bbox 359 3291 530 3334; x_wconf 79' lang='lat' dir='ltr'>&#39;Annulo</span> <span class='ocrx_word' id='word_1_240' title='bbox 544 3291 751 3334; x_wconf 77' lang='lat' dir='ltr'>Piscatoris</span> <span class='ocrx_word' id='word_1_241' title='bbox 780 3292 846 3333; x_wconf 91' lang='lat' dir='ltr'>die</span> <span class='ocrx_word' id='word_1_242' title='bbox 864 3307 933 3335; x_wconf 80' lang='lat' dir='ltr'>xxi</span> <span class='ocrx_word' id='word_1_243' title='bbox 950 3296 1097 3350; x_wconf 84' lang='lat' dir='ltr'>i.Junii</span> <span class='ocrx_word' id='word_1_244' title='bbox 1124 3311 1157 3339; x_wconf 84' lang='lat' dir='ltr'><strong>M</strong></span> <span class='ocrx_word' id='word_1_245' title='bbox 1175 3311 1236 3339; x_wconf 89' lang='lat' dir='ltr'>oc</span> <span class='ocrx_word' id='word_1_246' title='bbox 1251 3312 1272 3339; x_wconf 93' lang='lat' dir='ltr'>c</span> <span class='ocrx_word' id='word_1_247' title='bbox 1294 3311 1307 3338; x_wconf 85' lang='grc' dir='ltr'>ι</span> <span class='ocrx_word' id='word_1_248' title='bbox 1327 3311 1366 3340; x_wconf 84' lang='lat' dir='ltr'>x.</span> 
     </span>
     <span class='ocr_line' id='line_1_44' title="bbox 367 3349 1072 3395; baseline 0.004 -3"><span class='ocrx_word' id='word_1_249' title='bbox 367 3349 631 3394; x_wconf 88' lang='lat' dir='ltr'>Pontificatus</span> <span class='ocrx_word' id='word_1_250' title='bbox 653 3350 787 3394; x_wconf 88' lang='lat' dir='ltr'>Nostri</span> <span class='ocrx_word' id='word_1_251' title='bbox 805 3354 925 3394; x_wconf 86' lang='lat' dir='ltr'>Anno</span> <span class='ocrx_word' id='word_1_252' title='bbox 941 3367 1046 3395; x_wconf 90' lang='lat' dir='ltr'>nono</span> <span class='ocrx_word' id='word_1_253' title='bbox 1060 3383 1072 3394; x_wconf 88' lang='lat'>.</span> 
     </span>
    </p>
   </div>
   <div class='ocr_carea' id='block_1_13' title="bbox 598 3524 1258 3582">
    <p class='ocr_par' dir='ltr' id='par_1_14' title="bbox 598 3524 1258 3582">
     <span class='ocr_line' id='line_1_45' title="bbox 598 3524 1258 3582; baseline 0.009 -14"><span class='ocrx_word' id='word_1_254' title='bbox 598 3524 847 3582; x_wconf 80' lang='lat' dir='ltr'>UlyffesJos.</span> <span class='ocrx_word' id='word_1_255' title='bbox 865 3527 1258 3577; x_wconf 87' lang='lat' dir='ltr'>Card.Corradinus.</span> 
     </span>
    </p>
   </div>
   <div class='ocr_carea' id='block_1_14' title="bbox 435 3704 1372 3818">
    <p class='ocr_par' dir='ltr' id='par_1_15' title="bbox 435 3704 1372 3818">
     <span class='ocr_line' id='line_1_46' title="bbox 435 3704 1372 3771; baseline 0.013 -29"><span class='ocrx_word' id='word_1_256' title='bbox 435 3704 581 3756; x_wconf 79' lang='lat' dir='ltr'>Autog.</span> <span class='ocrx_word' id='word_1_257' title='bbox 604 3704 646 3742; x_wconf 76' lang='lat' dir='ltr'>in</span> <span class='ocrx_word' id='word_1_258' title='bbox 661 3705 800 3744; x_wconf 76' lang='lat' dir='ltr'>secret.</span> <span class='ocrx_word' id='word_1_259' title='bbox 818 3705 927 3745; x_wconf 79' lang='lat' dir='ltr'>Brev.</span> <span class='ocrx_word' id='word_1_260' title='bbox 947 3704 997 3750; x_wconf 87' lang='lat' dir='ltr'>ad</span> <span class='ocrx_word' id='word_1_261' title='bbox 1011 3708 1219 3766; x_wconf 85' lang='lat' dir='ltr'>Principes</span> <span class='ocrx_word' id='word_1_262' title='bbox 1231 3711 1372 3771; x_wconf 79' lang='lat' dir='ltr'>regesto</span> 
     </span>
     <span class='ocr_line' id='line_1_47' title="bbox 493 3759 913 3818; baseline 0.007 -17"><span class='ocrx_word' id='word_1_263' title='bbox 493 3759 612 3816; x_wconf 81' lang='lat' dir='ltr'>mens.</span> <span class='ocrx_word' id='word_1_264' title='bbox 636 3760 683 3808; x_wconf 71' lang='lat' dir='ltr'>L‘J’</span> <span class='ocrx_word' id='word_1_265' title='bbox 697 3764 913 3818; x_wconf 64' lang='lat' dir='ltr'>anniprfd.</span> 
     </span>
    </p>
   </div>
   <div class='ocr_carea' id='block_1_15' title="bbox 1117 235 1740 326">
    <p class='ocr_par' dir='ltr' id='par_1_16' title="bbox 1117 235 1740 326">
     <span class='ocr_line' id='line_1_48' title="bbox 1117 235 1740 326; baseline -0.013 0"><span class='ocrx_word' id='word_1_266' title='bbox 1117 235 1740 326; x_wconf 79' lang='lat' dir='ltr'>Provincid.</span> 
     </span>
    </p>
   </div>
   <div class='ocr_carea' id='block_1_16' title="bbox 1430 368 2431 650">
    <p class='ocr_par' dir='ltr' id='par_1_17' title="bbox 1430 368 2431 650">
     <span class='ocr_line' id='line_1_49' title="bbox 1430 368 2431 429; baseline 0.001 -5"><span class='ocrx_word' id='word_1_267' title='bbox 1430 375 1714 424; x_wconf 85' lang='lat' dir='ltr'>Facultatern</span> <span class='ocrx_word' id='word_1_268' title='bbox 1749 405 1764 429; x_wconf 93' lang='lat'><strong>,</strong></span> <span class='ocrx_word' id='word_1_269' title='bbox 1803 368 2063 419; x_wconf 76' lang='lat' dir='ltr'>Franconiae</span> <span class='ocrx_word' id='word_1_270' title='bbox 2104 375 2371 426; x_wconf 82' lang='lat' dir='ltr'>Conventus</span> <span class='ocrx_word' id='word_1_271' title='bbox 2386 370 2431 427; x_wconf 58' lang='grc' dir='ltr'>Ἃ.</span> 
     </span>
     <span class='ocr_line' id='line_1_50' title="bbox 1500 437 2427 510; baseline -0.01 -16"><span class='ocrx_word' id='word_1_272' title='bbox 1500 445 1740 494; x_wconf 80' lang='lat' dir='ltr'>Provincia</span> <span class='ocrx_word' id='word_1_273' title='bbox 1758 441 1955 490; x_wconf 81' lang='lat' dir='ltr'>Bavatiae</span> <span class='ocrx_word' id='word_1_274' title='bbox 1974 437 2199 507; x_wconf 75' lang='lat' dir='ltr'>separandi</span> <span class='ocrx_word' id='word_1_275' title='bbox 2212 480 2228 503; x_wconf 90' lang='lat'>,</span> <span class='ocrx_word' id='word_1_276' title='bbox 2240 444 2265 495; x_wconf 75' lang='grc' dir='ltr'>έὶ</span> <span class='ocrx_word' id='word_1_277' title='bbox 2279 444 2427 510; x_wconf 74' lang='lat' dir='ltr'>sejam</span> 
     </span>
     <span class='ocr_line' id='line_1_51' title="bbox 1501 509 2429 581; baseline -0.008 -18"><span class='ocrx_word' id='word_1_278' title='bbox 1501 512 1749 563; x_wconf 83' lang='lat' dir='ltr'>conceffam</span> <span class='ocrx_word' id='word_1_279' title='bbox 1765 509 1848 559; x_wconf 85' lang='lat' dir='ltr'>effe</span> <span class='ocrx_word' id='word_1_280' title='bbox 1868 546 1884 568; x_wconf 91' lang='lat'>,</span> <span class='ocrx_word' id='word_1_281' title='bbox 1903 509 2252 581; x_wconf 82' lang='lat' dir='ltr'>Archiepiscopo</span> <span class='ocrx_word' id='word_1_282' title='bbox 2265 514 2313 567; x_wconf 68' lang='grc' dir='ltr'>ὅ(</span> <span class='ocrx_word' id='word_1_283' title='bbox 2326 518 2429 568; x_wconf 61' lang='lat' dir='ltr'>Ele.</span> 
     </span>
     <span class='ocr_line' id='line_1_52' title="bbox 1498 577 2183 650; baseline -0.006 -16"><span class='ocrx_word' id='word_1_284' title='bbox 1498 584 1615 634; x_wconf 68' lang='lat' dir='ltr'>&amp;ori</span> <span class='ocrx_word' id='word_1_285' title='bbox 1632 581 1914 650; x_wconf 84' lang='lat' dir='ltr'>Moguntino</span> <span class='ocrx_word' id='word_1_286' title='bbox 1933 577 2152 650; x_wconf 84' lang='lat' dir='ltr'>fignificat</span> <span class='ocrx_word' id='word_1_287' title='bbox 2169 616 2183 633; x_wconf 87' lang='lat'><strong>.</strong></span> 
     </span>
    </p>
   </div>
   <div class='ocr_carea' id='block_1_17' title="bbox 1430 678 2427 882">
    <p class='ocr_par' dir='ltr' id='par_1_18' title="bbox 1430 678 2427 882">
     <span class='ocr_line' id='line_1_53' title="bbox 1430 678 2427 767; baseline 0 -10"><span class='ocrx_word' id='word_1_288' title='bbox 1430 716 1465 757; x_wconf 83' lang='lat' dir='ltr'>A</span> <span class='ocrx_word' id='word_1_289' title='bbox 1484 723 1629 767; x_wconf 85' lang='lat' dir='ltr'>tergo:</span> <span class='ocrx_word' id='word_1_290' title='bbox 1670 707 1884 754; x_wconf 79' lang='lat' dir='ltr'>Venerabili</span> <span class='ocrx_word' id='word_1_291' title='bbox 1900 706 2071 759; x_wconf 86' lang='lat' dir='ltr'>Fratri,</span> <span class='ocrx_word' id='word_1_292' title='bbox 2102 708 2287 752; x_wconf 75' lang='lat' dir='ltr'>Lotbarto</span> <span class='ocrx_word' id='word_1_293' title='bbox 2300 678 2427 762; x_wconf 56' lang='lat' dir='ltr'>Fran,-</span> 
     </span>
     <span class='ocr_line' id='line_1_54' title="bbox 1572 767 2292 827; baseline -0.006 -14"><span class='ocrx_word' id='word_1_294' title='bbox 1572 769 1667 827; x_wconf 82' lang='lat' dir='ltr'>cisto</span> <span class='ocrx_word' id='word_1_295' title='bbox 1679 798 1694 820; x_wconf 86' lang='lat'>‚</span> <span class='ocrx_word' id='word_1_296' title='bbox 1728 767 2017 823; x_wconf 74' lang='lat' dir='ltr'>Arcbz‘epistopo</span> <span class='ocrx_word' id='word_1_297' title='bbox 2034 770 2266 822; x_wconf 71' lang='lat' dir='ltr'>Moguntino</span> <span class='ocrx_word' id='word_1_298' title='bbox 2277 796 2292 820; x_wconf 81' lang='lat'>‚</span> 
     </span>
     <span class='ocr_line' id='line_1_55' title="bbox 1662 825 2209 882; baseline -0.002 -13"><span class='ocrx_word' id='word_1_299' title='bbox 1662 832 1702 871; x_wconf 66' lang='grc' dir='ltr'>ὃ.</span> <span class='ocrx_word' id='word_1_300' title='bbox 1723 831 1773 872; x_wconf 90' lang='lat' dir='ltr'>R.</span> <span class='ocrx_word' id='word_1_301' title='bbox 1788 830 1820 870; x_wconf 80' lang='grc' dir='ltr'>Ι.</span> <span class='ocrx_word' id='word_1_302' title='bbox 1836 829 2010 882; x_wconf 74' lang='lat' dir='ltr'>Principt&#39;</span> <span class='ocrx_word' id='word_1_303' title='bbox 2026 825 2209 870; x_wconf 61' lang='lat' dir='ltr'>Elector).</span> 
     </span>
    </p>
   </div>
   <div class='ocr_carea' id='block_1_18' title="bbox 1502 945 2395 1006">
    <p class='ocr_par' dir='ltr' id='par_1_19' title="bbox 1502 945 2395 1006">
     <span class='ocr_line' id='line_1_56' title="bbox 1502 945 2395 1006; baseline -0.008 -7"><span class='ocrx_word' id='word_1_304' title='bbox 1502 947 1963 999; x_wconf 87' lang='lat' dir='ltr'><strong>CLEMENS</strong></span> <span class='ocrx_word' id='word_1_305' title='bbox 2050 947 2169 995; x_wconf 87' lang='lat' dir='ltr'>PP.</span> <span class='ocrx_word' id='word_1_306' title='bbox 2253 945 2395 1006; x_wconf 57' lang='lat' dir='ltr'>xl„</span> 
     </span>
    </p>
   </div>
   <div class='ocr_carea' id='block_1_19' title="bbox 1468 1071 2417 1177">
    <p class='ocr_par' dir='ltr' id='par_1_20' title="bbox 1468 1071 2417 1177">
     <span class='ocr_line' id='line_1_57' title="bbox 1468 1071 2417 1131; baseline -0.008 -10"><span class='ocrx_word' id='word_1_307' title='bbox 1468 1074 1698 1122; x_wconf 78' lang='lat' dir='ltr'>Venerabilis</span> <span class='ocrx_word' id='word_1_308' title='bbox 1723 1079 1873 1119; x_wconf 82' lang='lat' dir='ltr'>Frater</span> <span class='ocrx_word' id='word_1_309' title='bbox 1881 1074 2058 1131; x_wconf 73' lang='lat' dir='ltr'>filatem</span> <span class='ocrx_word' id='word_1_310' title='bbox 2078 1073 2126 1123; x_wconf 64' lang='grc' dir='ltr'>ις’</span> <span class='ocrx_word' id='word_1_311' title='bbox 2150 1071 2417 1130; x_wconf 63' lang='grc' dir='ltr'>Αροβο]ἱεαω,,</span> 
     </span>
     <span class='ocr_line' id='line_1_58' title="bbox 1777 1134 2094 1177; baseline -0.003 -3"><span class='ocrx_word' id='word_1_312' title='bbox 1777 1134 2094 1177; x_wconf 69' lang='lat' dir='ltr'>Benedz&#39;ffionem.</span> 
     </span>
    </p>
   </div>
   <div class='ocr_carea' id='block_1_20' title="bbox 1427 1250 2439 2827">
    <p class='ocr_par' dir='ltr' id='par_1_21' title="bbox 1528 1250 2436 1307">
     <span class='ocr_line' id='line_1_59' title="bbox 1528 1250 2436 1307; baseline -0.009 -11"><span class='ocrx_word' id='word_1_313' title='bbox 1528 1250 1894 1302; x_wconf 64' lang='lat' dir='ltr'>Raevia‚maturfi‚</span> <span class='ocrx_word' id='word_1_314' title='bbox 1924 1250 2140 1307; x_wconf 62' lang='lat' dir='ltr'>sedulaque</span> <span class='ocrx_word' id='word_1_315' title='bbox 2174 1261 2315 1292; x_wconf 88' lang='lat' dir='ltr'>eorum</span> <span class='ocrx_word' id='word_1_316' title='bbox 2346 1253 2436 1289; x_wconf 68' lang='lat' dir='ltr'>om·¹</span> 
     </span>
    </p>

    <p class='ocr_par' dir='ltr' id='par_1_22' title="bbox 1427 1304 2439 2827">
     <span class='ocr_line' id='line_1_60' title="bbox 1546 1304 2432 1365; baseline -0.006 -12"><span class='ocrx_word' id='word_1_317' title='bbox 1546 1314 1653 1353; x_wconf 89' lang='lat' dir='ltr'>nium</span> <span class='ocrx_word' id='word_1_318' title='bbox 1678 1307 1909 1353; x_wconf 86' lang='lat' dir='ltr'>discuffione</span> <span class='ocrx_word' id='word_1_319' title='bbox 1925 1340 1939 1360; x_wconf 92' lang='lat'>‚</span> <span class='ocrx_word' id='word_1_320' title='bbox 1970 1325 2051 1365; x_wconf 86' lang='lat' dir='ltr'>quae</span> <span class='ocrx_word' id='word_1_321' title='bbox 2075 1308 2227 1351; x_wconf 89' lang='lat' dir='ltr'>dudum</span> <span class='ocrx_word' id='word_1_322' title='bbox 2256 1304 2432 1360; x_wconf 81' lang='lat' dir='ltr'>exposita</span> 
     </span>
     <span class='ocr_line' id='line_1_61' title="bbox 1427 1366 2437 1419; baseline -0.01 -5"><span class='ocrx_word' id='word_1_323' title='bbox 1427 1371 1555 1414; x_wconf 87' lang='lat' dir='ltr'>Nobis</span> <span class='ocrx_word' id='word_1_324' title='bbox 1581 1368 1736 1412; x_wconf 85' lang='lat' dir='ltr'>fueruni</span> <span class='ocrx_word' id='word_1_325' title='bbox 1763 1370 1783 1410; x_wconf 75' lang='lat' dir='ltr'>a</span> <span class='ocrx_word' id='word_1_326' title='bbox 1803 1369 1959 1413; x_wconf 66' lang='lat' dir='ltr'>Dilecto</span> <span class='ocrx_word' id='word_1_327' title='bbox 1977 1369 2097 1419; x_wconf 83' lang='lat' dir='ltr'>Filio,</span> <span class='ocrx_word' id='word_1_328' title='bbox 2111 1366 2280 1409; x_wconf 87' lang='lat' dir='ltr'>Vicario</span> <span class='ocrx_word' id='word_1_329' title='bbox 2297 1367 2437 1406; x_wconf 82' lang='lat' dir='ltr'>Gene-</span> 
     </span>
     <span class='ocr_line' id='line_1_62' title="bbox 1427 1421 2430 1473; baseline -0.011 0"><span class='ocrx_word' id='word_1_330' title='bbox 1427 1431 1499 1473; x_wconf 89' lang='lat' dir='ltr'>rali</span> <span class='ocrx_word' id='word_1_331' title='bbox 1531 1428 1696 1470; x_wconf 90' lang='lat' dir='ltr'>Ordinis</span> <span class='ocrx_word' id='word_1_332' title='bbox 1727 1429 1914 1469; x_wconf 81' lang='lat' dir='ltr'>Fratrum</span> <span class='ocrx_word' id='word_1_333' title='bbox 1943 1427 2145 1469; x_wconf 90' lang='lat' dir='ltr'>Minorum</span> <span class='ocrx_word' id='word_1_334' title='bbox 2172 1428 2213 1467; x_wconf 86' lang='lat' dir='ltr'>S.</span> <span class='ocrx_word' id='word_1_335' title='bbox 2235 1421 2430 1470; x_wconf 72' lang='lat' dir='ltr'>Franciscj</span> 
     </span>
     <span class='ocr_line' id='line_1_63' title="bbox 1427 1484 2439 1545; baseline -0.01 -14"><span class='ocrx_word' id='word_1_336' title='bbox 1427 1487 1728 1543; x_wconf 86' lang='lat' dir='ltr'>Capucinorum</span> <span class='ocrx_word' id='word_1_337' title='bbox 1740 1484 2252 1541; x_wconf 64' lang='lat' dir='ltr'>nuncupatorum2benigne</span> <span class='ocrx_word' id='word_1_338' title='bbox 2263 1493 2439 1545; x_wconf 74' lang='lat' dir='ltr'>annuen-</span> 
     </span>
     <span class='ocr_line' id='line_1_64' title="bbox 1428 1537 2436 1599; baseline -0.011 -10"><span class='ocrx_word' id='word_1_339' title='bbox 1428 1549 1522 1589; x_wconf 87' lang='lat' dir='ltr'>dum</span> <span class='ocrx_word' id='word_1_340' title='bbox 1539 1546 1721 1587; x_wconf 86' lang='lat' dir='ltr'>duximus</span> <span class='ocrx_word' id='word_1_341' title='bbox 1748 1545 1917 1594; x_wconf 80' lang='lat' dir='ltr'>humili,</span> <span class='ocrx_word' id='word_1_342' title='bbox 1949 1545 2155 1599; x_wconf 83' lang='lat' dir='ltr'>enixaeque</span> <span class='ocrx_word' id='word_1_343' title='bbox 2185 1542 2272 1596; x_wconf 83' lang='lat' dir='ltr'>ejus</span> <span class='ocrx_word' id='word_1_344' title='bbox 2290 1537 2436 1594; x_wconf 81' lang='lat' dir='ltr'>suppli-</span> 
     </span>
     <span class='ocr_line' id='line_1_65' title="bbox 1429 1597 2434 1657; baseline -0.011 -9"><span class='ocrx_word' id='word_1_345' title='bbox 1429 1605 1606 1652; x_wconf 77' lang='lat' dir='ltr'>cationi,</span> <span class='ocrx_word' id='word_1_346' title='bbox 1638 1614 1680 1645; x_wconf 93' lang='lat' dir='ltr'>ut</span> <span class='ocrx_word' id='word_1_347' title='bbox 1707 1606 1943 1646; x_wconf 88' lang='lat' dir='ltr'>Conventus</span> <span class='ocrx_word' id='word_1_348' title='bbox 1970 1602 2146 1657; x_wconf 82' lang='lat' dir='ltr'>ejusdem</span> <span class='ocrx_word' id='word_1_349' title='bbox 2169 1598 2333 1642; x_wconf 88' lang='lat' dir='ltr'>Ordinis</span> <span class='ocrx_word' id='word_1_350' title='bbox 2362 1597 2434 1638; x_wconf 64' lang='lat' dir='ltr'>in...</span> 
     </span>
     <span class='ocr_line' id='line_1_66' title="bbox 1427 1657 2436 1712; baseline -0.009 -7"><span class='ocrx_word' id='word_1_351' title='bbox 1427 1663 1636 1705; x_wconf 86' lang='lat' dir='ltr'>Provincia</span> <span class='ocrx_word' id='word_1_352' title='bbox 1652 1663 1877 1704; x_wconf 83' lang='lat' dir='ltr'>Franconiae</span> <span class='ocrx_word' id='word_1_353' title='bbox 1889 1662 2113 1712; x_wconf 85' lang='lat' dir='ltr'>constituti,</span> <span class='ocrx_word' id='word_1_354' title='bbox 2133 1659 2154 1701; x_wconf 71' lang='lat' dir='ltr'>a</span> <span class='ocrx_word' id='word_1_355' title='bbox 2177 1657 2436 1712; x_wconf 83' lang='lat' dir='ltr'>superiorita-</span> 
     </span>
     <span class='ocr_line' id='line_1_67' title="bbox 1429 1715 2437 1775; baseline -0.009 -13"><span class='ocrx_word' id='word_1_356' title='bbox 1429 1733 1469 1763; x_wconf 91' lang='lat' dir='ltr'>te</span> <span class='ocrx_word' id='word_1_357' title='bbox 1481 1748 1494 1769; x_wconf 84' lang='lat'>‚</span> <span class='ocrx_word' id='word_1_358' title='bbox 1525 1735 1570 1761; x_wconf 91' lang='lat' dir='ltr'>ac</span> <span class='ocrx_word' id='word_1_359' title='bbox 1582 1719 1851 1775; x_wconf 72' lang='lat' dir='ltr'>jurisdiffione</span> <span class='ocrx_word' id='word_1_360' title='bbox 1866 1719 2001 1764; x_wconf 68' lang='lat' dir='ltr'>dilecti</span> <span class='ocrx_word' id='word_1_361' title='bbox 2018 1719 2157 1761; x_wconf 87' lang='lat' dir='ltr'>itidem</span> <span class='ocrx_word' id='word_1_362' title='bbox 2173 1715 2437 1764; x_wconf 57' lang='lat' dir='ltr'>Filii2modet*</span> 
     </span>
     <span class='ocr_line' id='line_1_68' title="bbox 1429 1771 2432 1831; baseline -0.008 -9"><span class='ocrx_word' id='word_1_363' title='bbox 1429 1780 1466 1822; x_wconf 91' lang='lat' dir='ltr'>ni</span> <span class='ocrx_word' id='word_1_364' title='bbox 1486 1777 1750 1821; x_wconf 74' lang='lat' dir='ltr'>Provincialis</span> <span class='ocrx_word' id='word_1_365' title='bbox 1767 1777 1934 1820; x_wconf 86' lang='lat' dir='ltr'>Ministri</span> <span class='ocrx_word' id='word_1_366' title='bbox 1949 1805 1962 1824; x_wconf 65' lang='lat'><em>2</em></span> <span class='ocrx_word' id='word_1_367' title='bbox 1993 1792 2037 1819; x_wconf 85' lang='lat' dir='ltr'>ac</span> <span class='ocrx_word' id='word_1_368' title='bbox 2053 1791 2128 1831; x_wconf 91' lang='lat' dir='ltr'>pro</span> <span class='ocrx_word' id='word_1_369' title='bbox 2142 1787 2323 1830; x_wconf 87' lang='lat' dir='ltr'>tempore</span> <span class='ocrx_word' id='word_1_370' title='bbox 2347 1771 2432 1814; x_wconf 76' lang='lat' dir='ltr'>exi·</span> 
     </span>
     <span class='ocr_line' id='line_1_69' title="bbox 1429 1833 2432 1885; baseline -0.011 -4"><span class='ocrx_word' id='word_1_371' title='bbox 1429 1838 1564 1881; x_wconf 89' lang='lat' dir='ltr'>stentis</span> <span class='ocrx_word' id='word_1_372' title='bbox 1582 1836 1800 1879; x_wconf 87' lang='lat' dir='ltr'>Provinciae</span> <span class='ocrx_word' id='word_1_373' title='bbox 1814 1836 2208 1885; x_wconf 80' lang='lat' dir='ltr'>Franco-Bavaricae,</span> <span class='ocrx_word' id='word_1_374' title='bbox 2220 1833 2283 1874; x_wconf 90' lang='lat' dir='ltr'>cui</span> <span class='ocrx_word' id='word_1_375' title='bbox 2297 1833 2432 1883; x_wconf 72' lang='lat' dir='ltr'>hacte-</span> 
     </span>
     <span class='ocr_line' id='line_1_70' title="bbox 1428 1885 2434 1950; baseline -0.012 -10"><span class='ocrx_word' id='word_1_376' title='bbox 1428 1910 1499 1940; x_wconf 90' lang='lat' dir='ltr'>nus</span> <span class='ocrx_word' id='word_1_377' title='bbox 1520 1893 1682 1950; x_wconf 71' lang='lat' dir='ltr'>subjecti</span> <span class='ocrx_word' id='word_1_378' title='bbox 1697 1893 1858 1937; x_wconf 85' lang='lat' dir='ltr'>fuerunt</span> <span class='ocrx_word' id='word_1_379' title='bbox 1876 1923 1890 1944; x_wconf 94' lang='lat'>,</span> <span class='ocrx_word' id='word_1_380' title='bbox 1920 1895 2219 1940; x_wconf 78' lang='lat' dir='ltr'>eximerentur,</span> <span class='ocrx_word' id='word_1_381' title='bbox 2239 1905 2285 1932; x_wconf 88' lang='lat' dir='ltr'>ac</span> <span class='ocrx_word' id='word_1_382' title='bbox 2301 1885 2434 1944; x_wconf 83' lang='lat' dir='ltr'>segre-</span> 
     </span>
     <span class='ocr_line' id='line_1_71' title="bbox 1428 1950 2437 2013; baseline -0.009 -17"><span class='ocrx_word' id='word_1_383' title='bbox 1428 1962 1648 2012; x_wconf 77' lang='lat' dir='ltr'>garentur,</span> <span class='ocrx_word' id='word_1_384' title='bbox 1678 1955 1717 1994; x_wconf 69' lang='grc' dir='ltr'>ἃ.</span> <span class='ocrx_word' id='word_1_385' title='bbox 1742 1967 1790 1994; x_wconf 85' lang='lat' dir='ltr'>ex</span> <span class='ocrx_word' id='word_1_386' title='bbox 1819 1953 1905 2008; x_wconf 83' lang='lat' dir='ltr'>ipfis</span> <span class='ocrx_word' id='word_1_387' title='bbox 1924 1954 1999 1995; x_wconf 84' lang='lat' dir='ltr'>alia</span> <span class='ocrx_word' id='word_1_388' title='bbox 2018 1950 2245 2000; x_wconf 83' lang='lat' dir='ltr'>Provincia,</span> <span class='ocrx_word' id='word_1_389' title='bbox 2262 1950 2437 2013; x_wconf 75' lang='lat' dir='ltr'>Frapco·</span> 
     </span>
     <span class='ocr_line' id='line_1_72' title="bbox 1429 2005 2434 2067; baseline -0.012 -10"><span class='ocrx_word' id='word_1_390' title='bbox 1429 2014 1500 2057; x_wconf 88' lang='lat' dir='ltr'>niae</span> <span class='ocrx_word' id='word_1_391' title='bbox 1514 2011 1704 2067; x_wconf 87' lang='lat' dir='ltr'>deinceps</span> <span class='ocrx_word' id='word_1_392' title='bbox 1718 2012 1981 2066; x_wconf 83' lang='lat' dir='ltr'>nuncupanda</span> <span class='ocrx_word' id='word_1_393' title='bbox 1995 2039 2008 2062; x_wconf 83' lang='lat'>‚</span> <span class='ocrx_word' id='word_1_394' title='bbox 2024 2026 2114 2054; x_wconf 91' lang='lat' dir='ltr'>cum</span> <span class='ocrx_word' id='word_1_395' title='bbox 2138 2006 2321 2053; x_wconf 88' lang='lat' dir='ltr'>omnibus</span> <span class='ocrx_word' id='word_1_396' title='bbox 2336 2005 2434 2060; x_wconf 66' lang='lat' dir='ltr'>,uri-</span> 
     </span>
     <span class='ocr_line' id='line_1_73' title="bbox 1429 2064 2439 2128; baseline -0.008 -15"><span class='ocrx_word' id='word_1_397' title='bbox 1429 2075 1518 2121; x_wconf 87' lang='lat' dir='ltr'>bus,</span> <span class='ocrx_word' id='word_1_398' title='bbox 1533 2070 1758 2125; x_wconf 75' lang='lat' dir='ltr'>privilegiis</span> <span class='ocrx_word' id='word_1_399' title='bbox 1773 2101 1786 2120; x_wconf 87' lang='lat'>,</span> <span class='ocrx_word' id='word_1_400' title='bbox 1801 2072 1840 2111; x_wconf 89' lang='lat'>&amp;</span> <span class='ocrx_word' id='word_1_401' title='bbox 1864 2070 2135 2124; x_wconf 75' lang='lat' dir='ltr'>praerogstivis</span> <span class='ocrx_word' id='word_1_402' title='bbox 2153 2097 2166 2118; x_wconf 87' lang='lat'>,</span> <span class='ocrx_word' id='word_1_403' title='bbox 2197 2064 2339 2121; x_wconf 88' lang='lat' dir='ltr'>quibus</span> <span class='ocrx_word' id='word_1_404' title='bbox 2349 2077 2439 2128; x_wconf 72' lang='lat' dir='ltr'>coe-</span> 
     </span>
     <span class='ocr_line' id='line_1_74' title="bbox 1428 2125 2438 2181; baseline -0.011 -8"><span class='ocrx_word' id='word_1_405' title='bbox 1428 2142 1521 2174; x_wconf 86' lang='lat' dir='ltr'>terae</span> <span class='ocrx_word' id='word_1_406' title='bbox 1537 2130 1630 2170; x_wconf 68' lang='lat' dir='ltr'>dieii</span> <span class='ocrx_word' id='word_1_407' title='bbox 1646 2128 1809 2170; x_wconf 88' lang='lat' dir='ltr'>Ordinis</span> <span class='ocrx_word' id='word_1_408' title='bbox 1827 2128 2047 2170; x_wconf 85' lang='lat' dir='ltr'>Provinciae</span> <span class='ocrx_word' id='word_1_409' title='bbox 2063 2125 2238 2181; x_wconf 84' lang='lat' dir='ltr'>gaudent</span> <span class='ocrx_word' id='word_1_410' title='bbox 2255 2150 2271 2171; x_wconf 89' lang='lat'>,</span> <span class='ocrx_word' id='word_1_411' title='bbox 2301 2133 2438 2174; x_wconf 82' lang='lat' dir='ltr'>erige-</span> 
     </span>
     <span class='ocr_line' id='line_1_75' title="bbox 1429 2185 2438 2241; baseline -0.013 -10"><span class='ocrx_word' id='word_1_412' title='bbox 1429 2198 1543 2233; x_wconf 83' lang='lat' dir='ltr'>retur</span> <span class='ocrx_word' id='word_1_413' title='bbox 1559 2217 1570 2227; x_wconf 90' lang='lat'><strong>.</strong></span> <span class='ocrx_word' id='word_1_414' title='bbox 1603 2187 1649 2228; x_wconf 91' lang='lat' dir='ltr'>1d</span> <span class='ocrx_word' id='word_1_415' title='bbox 1667 2199 1790 2241; x_wconf 89' lang='lat' dir='ltr'>porro</span> <span class='ocrx_word' id='word_1_416' title='bbox 1805 2185 1928 2241; x_wconf 84' lang='lat' dir='ltr'>ipsum</span> <span class='ocrx_word' id='word_1_417' title='bbox 1945 2195 1986 2226; x_wconf 89' lang='lat' dir='ltr'>ut</span> <span class='ocrx_word' id='word_1_418' title='bbox 2003 2186 2132 2240; x_wconf 89' lang='lat' dir='ltr'>primo</span> <span class='ocrx_word' id='word_1_419' title='bbox 2146 2193 2306 2239; x_wconf 90' lang='lat' dir='ltr'>quoque</span> <span class='ocrx_word' id='word_1_420' title='bbox 2323 2188 2366 2220; x_wconf 89' lang='lat' dir='ltr'>te</span> <span class='ocrx_word' id='word_1_421' title='bbox 2375 2190 2438 2218; x_wconf 85' lang='lat' dir='ltr'>m-</span> 
     </span>
     <span class='ocr_line' id='line_1_76' title="bbox 1431 2234 2436 2305; baseline -0.009 -17"><span class='ocrx_word' id='word_1_422' title='bbox 1431 2260 1527 2305; x_wconf 89' lang='lat' dir='ltr'>pore</span> <span class='ocrx_word' id='word_1_423' title='bbox 1542 2244 1773 2301; x_wconf 88' lang='lat' dir='ltr'>perficiatur</span> <span class='ocrx_word' id='word_1_424' title='bbox 1785 2271 1799 2293; x_wconf 71' lang='lat' dir='ltr'>a</span> <span class='ocrx_word' id='word_1_425' title='bbox 1831 2244 1918 2286; x_wconf 91' lang='lat' dir='ltr'>aliis</span> <span class='ocrx_word' id='word_1_426' title='bbox 1936 2243 2091 2286; x_wconf 89' lang='lat' dir='ltr'>Nostris</span> <span class='ocrx_word' id='word_1_427' title='bbox 2120 2243 2157 2284; x_wconf 91' lang='lat' dir='ltr'>in</span> <span class='ocrx_word' id='word_1_428' title='bbox 2173 2238 2285 2281; x_wconf 82' lang='lat' dir='ltr'>simili</span> <span class='ocrx_word' id='word_1_429' title='bbox 2302 2234 2436 2304; x_wconf 71' lang='lat' dir='ltr'>forma</span> 
     </span>
     <span class='ocr_line' id='line_1_77' title="bbox 1431 2295 2435 2359; baseline -0.013 -9"><span class='ocrx_word' id='word_1_430' title='bbox 1431 2306 1567 2350; x_wconf 88' lang='lat' dir='ltr'>Brevis</span> <span class='ocrx_word' id='word_1_431' title='bbox 1592 2303 1720 2345; x_wconf 90' lang='lat' dir='ltr'>literis</span> <span class='ocrx_word' id='word_1_432' title='bbox 1747 2303 1812 2346; x_wconf 90' lang='lat' dir='ltr'>die</span> <span class='ocrx_word' id='word_1_433' title='bbox 1826 2303 2010 2359; x_wconf 80' lang='lat' dir='ltr'>26.Junii</span> <span class='ocrx_word' id='word_1_434' title='bbox 2035 2314 2160 2356; x_wconf 90' lang='lat' dir='ltr'>nuper</span> <span class='ocrx_word' id='word_1_435' title='bbox 2175 2295 2294 2351; x_wconf 73' lang='lat' dir='ltr'>elapsi</span> <span class='ocrx_word' id='word_1_436' title='bbox 2310 2295 2435 2346; x_wconf 70' lang='lat' dir='ltr'>dans,</span> 
     </span>
     <span class='ocr_line' id='line_1_78' title="bbox 1430 2355 2436 2419; baseline -0.01 -13"><span class='ocrx_word' id='word_1_437' title='bbox 1430 2364 1580 2407; x_wconf 68' lang='lat' dir='ltr'>diledto</span> <span class='ocrx_word' id='word_1_438' title='bbox 1606 2363 1726 2404; x_wconf 87' lang='lat' dir='ltr'>etiam</span> <span class='ocrx_word' id='word_1_439' title='bbox 1751 2362 1882 2411; x_wconf 74' lang='lat' dir='ltr'>Pilio,</span> <span class='ocrx_word' id='word_1_440' title='bbox 1910 2361 2088 2403; x_wconf 90' lang='lat' dir='ltr'>Antonio</span> <span class='ocrx_word' id='word_1_441' title='bbox 2124 2362 2146 2400; x_wconf 71' lang='lat' dir='ltr'>i</span> <span class='ocrx_word' id='word_1_442' title='bbox 2173 2355 2436 2419; x_wconf 63' lang='lat' dir='ltr'>Cramburgo</span> 
     </span>
     <span class='ocr_line' id='line_1_79' title="bbox 1432 2412 2437 2476; baseline -0.014 -9"><span class='ocrx_word' id='word_1_443' title='bbox 1432 2420 1730 2476; x_wconf 86' lang='lat' dir='ltr'>Exprovinciali</span> <span class='ocrx_word' id='word_1_444' title='bbox 1756 2420 1974 2462; x_wconf 86' lang='lat' dir='ltr'>Provinciae</span> <span class='ocrx_word' id='word_1_445' title='bbox 2010 2417 2140 2461; x_wconf 82' lang='lat' dir='ltr'>Stiriae</span> <span class='ocrx_word' id='word_1_446' title='bbox 2166 2444 2181 2466; x_wconf 91' lang='lat'>,</span> <span class='ocrx_word' id='word_1_447' title='bbox 2225 2416 2266 2455; x_wconf 91' lang='lat'>&amp;</span> <span class='ocrx_word' id='word_1_448' title='bbox 2293 2412 2437 2454; x_wconf 69' lang='lat' dir='ltr'>actuali</span> 
     </span>
     <span class='ocr_line' id='line_1_80' title="bbox 1432 2473 2439 2538; baseline -0.011 -15"><span class='ocrx_word' id='word_1_449' title='bbox 1432 2481 1603 2538; x_wconf 69' lang='lat' dir='ltr'>praedieti</span> <span class='ocrx_word' id='word_1_450' title='bbox 1633 2479 1796 2521; x_wconf 91' lang='lat' dir='ltr'>Ordinis</span> <span class='ocrx_word' id='word_1_451' title='bbox 1826 2476 2034 2520; x_wconf 88' lang='lat' dir='ltr'>Definitori</span> <span class='ocrx_word' id='word_1_452' title='bbox 2056 2473 2250 2519; x_wconf 86' lang='lat' dir='ltr'>Generali</span> <span class='ocrx_word' id='word_1_453' title='bbox 2278 2484 2439 2528; x_wconf 81' lang='lat' dir='ltr'>oppor-</span> 
     </span>
     <span class='ocr_line' id='line_1_81' title="bbox 1432 2535 2438 2587; baseline -0.013 -5"><span class='ocrx_word' id='word_1_454' title='bbox 1432 2551 1568 2582; x_wconf 87' lang='lat' dir='ltr'>tunam</span> <span class='ocrx_word' id='word_1_455' title='bbox 1583 2538 1840 2580; x_wconf 87' lang='lat' dir='ltr'>attribuimus</span> <span class='ocrx_word' id='word_1_456' title='bbox 1854 2535 2106 2579; x_wconf 76' lang='lat' dir='ltr'>facultatem-</span> <span class='ocrx_word' id='word_1_457' title='bbox 2140 2536 2315 2576; x_wconf 85' lang='lat' dir='ltr'>Gratum</span> <span class='ocrx_word' id='word_1_458' title='bbox 2337 2542 2438 2587; x_wconf 79' lang='lat' dir='ltr'>pro·-</span> 
     </span>
     <span class='ocr_line' id='line_1_82' title="bbox 1433 2585 2436 2654; baseline -0.014 -13"><span class='ocrx_word' id='word_1_459' title='bbox 1433 2598 1536 2641; x_wconf 72' lang='lat' dir='ltr'>fecte&gt;</span> <span class='ocrx_word' id='word_1_460' title='bbox 1559 2623 1572 2644; x_wconf 68' lang='lat'>2</span> <span class='ocrx_word' id='word_1_461' title='bbox 1617 2611 1661 2638; x_wconf 87' lang='lat' dir='ltr'>ac</span> <span class='ocrx_word' id='word_1_462' title='bbox 1689 2596 1904 2653; x_wconf 89' lang='lat' dir='ltr'>jucundum</span> <span class='ocrx_word' id='word_1_463' title='bbox 1942 2593 2159 2638; x_wconf 89' lang='lat' dir='ltr'>admodum</span> <span class='ocrx_word' id='word_1_464' title='bbox 2196 2589 2325 2633; x_wconf 87' lang='lat' dir='ltr'>Nobis</span> <span class='ocrx_word' id='word_1_465' title='bbox 2358 2585 2436 2654; x_wconf 77' lang='lat' dir='ltr'>fuit</span> 
     </span>
     <span class='ocr_line' id='line_1_83' title="bbox 1432 2643 2438 2710; baseline -0.014 -10"><span class='ocrx_word' id='word_1_466' title='bbox 1432 2655 1709 2700; x_wconf 86' lang='lat' dir='ltr'>Fraternitatis</span> <span class='ocrx_word' id='word_1_467' title='bbox 1724 2669 1880 2710; x_wconf 90' lang='lat' dir='ltr'>quoque</span> <span class='ocrx_word' id='word_1_468' title='bbox 1899 2655 1991 2696; x_wconf 81' lang='lat' dir='ltr'>Tuae</span> <span class='ocrx_word' id='word_1_469' title='bbox 2008 2655 2113 2695; x_wconf 90' lang='lat' dir='ltr'>votis</span> <span class='ocrx_word' id='word_1_470' title='bbox 2140 2665 2185 2694; x_wconf 91' lang='lat' dir='ltr'>ea</span> <span class='ocrx_word' id='word_1_471' title='bbox 2201 2650 2238 2690; x_wconf 86' lang='lat' dir='ltr'>in</span> <span class='ocrx_word' id='word_1_472' title='bbox 2264 2661 2306 2689; x_wconf 92' lang='lat' dir='ltr'>re</span> <span class='ocrx_word' id='word_1_473' title='bbox 2323 2643 2438 2689; x_wconf 77' lang='lat' dir='ltr'>satis-</span> 
     </span>
     <span class='ocr_line' id='line_1_84' title="bbox 1433 2704 2436 2768; baseline -0.012 -12"><span class='ocrx_word' id='word_1_474' title='bbox 1433 2715 1567 2758; x_wconf 89' lang='lat' dir='ltr'>facere</span> <span class='ocrx_word' id='word_1_475' title='bbox 1594 2712 1757 2768; x_wconf 77' lang='lat' dir='ltr'>potuiffe</span> <span class='ocrx_word' id='word_1_476' title='bbox 1775 2739 1789 2762; x_wconf 65' lang='lat'>2</span> <span class='ocrx_word' id='word_1_477' title='bbox 1820 2713 1883 2755; x_wconf 91' lang='lat' dir='ltr'>cui</span> <span class='ocrx_word' id='word_1_478' title='bbox 1916 2711 2157 2767; x_wconf 87' lang='lat' dir='ltr'>caeteroquin</span> <span class='ocrx_word' id='word_1_479' title='bbox 2181 2705 2325 2749; x_wconf 81' lang='lat' dir='ltr'>affidua</span> <span class='ocrx_word' id='word_1_480' title='bbox 2352 2733 2366 2755; x_wconf 83' lang='lat'>,</span> <span class='ocrx_word' id='word_1_481' title='bbox 2394 2704 2436 2744; x_wconf 68' lang='grc' dir='ltr'>ἃ</span> 
     </span>
     <span class='ocr_line' id='line_1_85' title="bbox 1431 2766 2438 2827; baseline -0.014 -11"><span class='ocrx_word' id='word_1_482' title='bbox 1431 2773 1700 2816; x_wconf 74' lang='lat' dir='ltr'>luculentiora</span> <span class='ocrx_word' id='word_1_483' title='bbox 1717 2781 1894 2827; x_wconf 88' lang='lat' dir='ltr'>paternae</span> <span class='ocrx_word' id='word_1_484' title='bbox 1909 2771 2048 2812; x_wconf 88' lang='lat' dir='ltr'>nostra:</span> <span class='ocrx_word' id='word_1_485' title='bbox 2075 2766 2302 2811; x_wconf 86' lang='lat' dir='ltr'>voluntatis</span> <span class='ocrx_word' id='word_1_486' title='bbox 2319 2775 2438 2817; x_wconf 78' lang='lat' dir='ltr'>argu.</span> 
     </span>
    </p>
   </div>
   <div class='ocr_carea' id='block_1_21' title="bbox 1400 2821 2442 2883">
    <p class='ocr_par' dir='ltr' id='par_1_23' title="bbox 1400 2821 2442 2883">
     <span class='ocr_line' id='line_1_86' title="bbox 1400 2821 2442 2883; baseline -0.012 -9"><span class='ocrx_word' id='word_1_487' title='bbox 1400 2876 1403 2881; x_wconf 58' lang='grc'><strong>,</strong></span> <span class='ocrx_word' id='word_1_488' title='bbox 1432 2842 1562 2874; x_wconf 71' lang='lat' dir='ltr'>ments</span> <span class='ocrx_word' id='word_1_489' title='bbox 1580 2831 1770 2872; x_wconf 86' lang='lat' dir='ltr'>exhibere</span> <span class='ocrx_word' id='word_1_490' title='bbox 1790 2840 1933 2883; x_wconf 84' lang='lat' dir='ltr'>praeter</span> <span class='ocrx_word' id='word_1_491' title='bbox 1948 2827 2108 2869; x_wconf 89' lang='lat' dir='ltr'>modum</span> <span class='ocrx_word' id='word_1_492' title='bbox 2123 2823 2303 2879; x_wconf 86' lang='lat' dir='ltr'>cupimus</span> <span class='ocrx_word' id='word_1_493' title='bbox 2320 2850 2332 2862; x_wconf 88' lang='grc'><strong>.</strong></span> <span class='ocrx_word' id='word_1_494' title='bbox 2368 2821 2442 2863; x_wconf 67' lang='lat' dir='ltr'>Ti-</span> 
     </span>
    </p>
   </div>
   <div class='ocr_carea' id='block_1_22' title="bbox 1428 2882 2440 3296">
    <p class='ocr_par' dir='ltr' id='par_1_24' title="bbox 1428 2882 2440 3296">
     <span class='ocr_line' id='line_1_87' title="bbox 1431 2882 2438 2944; baseline -0.01 -13"><span class='ocrx_word' id='word_1_495' title='bbox 1431 2891 1549 2944; x_wconf 79' lang='lat' dir='ltr'>bique</span> <span class='ocrx_word' id='word_1_496' title='bbox 1572 2890 1724 2931; x_wconf 88' lang='lat' dir='ltr'>interea</span> <span class='ocrx_word' id='word_1_497' title='bbox 1741 2916 1754 2939; x_wconf 83' lang='lat'>‚</span> <span class='ocrx_word' id='word_1_498' title='bbox 1784 2886 2038 2929; x_wconf 88' lang='lat' dir='ltr'>Venerabilis</span> <span class='ocrx_word' id='word_1_499' title='bbox 2067 2887 2206 2926; x_wconf 85' lang='lat' dir='ltr'>Frater</span> <span class='ocrx_word' id='word_1_500' title='bbox 2230 2909 2244 2933; x_wconf 79' lang='grc'><em>,</em></span> <span class='ocrx_word' id='word_1_501' title='bbox 2270 2882 2438 2941; x_wconf 66' lang='lat' dir='ltr'>uberem</span> 
     </span>
     <span class='ocr_line' id='line_1_88' title="bbox 1431 2939 2436 2999; baseline -0.009 -11"><span class='ocrx_word' id='word_1_502' title='bbox 1431 2951 1637 2989; x_wconf 86' lang='lat' dir='ltr'>bonorum</span> <span class='ocrx_word' id='word_1_503' title='bbox 1651 2946 1828 2987; x_wconf 91' lang='lat' dir='ltr'>omnium</span> <span class='ocrx_word' id='word_1_504' title='bbox 1841 2946 1999 2999; x_wconf 89' lang='lat' dir='ltr'>copiam</span> <span class='ocrx_word' id='word_1_505' title='bbox 2019 2944 2067 2986; x_wconf 89' lang='lat' dir='ltr'>ab</span> <span class='ocrx_word' id='word_1_506' title='bbox 2084 2954 2223 2985; x_wconf 91' lang='lat' dir='ltr'>eorum</span> <span class='ocrx_word' id='word_1_507' title='bbox 2238 2939 2436 2994; x_wconf 83' lang='lat' dir='ltr'>largitore</span> 
     </span>
     <span class='ocr_line' id='line_1_89' title="bbox 1431 2997 2434 3059; baseline -0.01 -11"><span class='ocrx_word' id='word_1_508' title='bbox 1431 3009 1524 3048; x_wconf 90' lang='lat' dir='ltr'>Deo</span> <span class='ocrx_word' id='word_1_509' title='bbox 1537 3019 1583 3047; x_wconf 86' lang='lat' dir='ltr'>ex</span> <span class='ocrx_word' id='word_1_510' title='bbox 1598 3006 1729 3047; x_wconf 90' lang='lat' dir='ltr'>animo</span> <span class='ocrx_word' id='word_1_511' title='bbox 1744 3017 1960 3059; x_wconf 88' lang='lat' dir='ltr'>precamur</span> <span class='ocrx_word' id='word_1_512' title='bbox 1973 3031 1987 3054; x_wconf 84' lang='lat'>‚</span> <span class='ocrx_word' id='word_1_513' title='bbox 2016 3004 2055 3044; x_wconf 86' lang='lat'>&amp;</span> <span class='ocrx_word' id='word_1_514' title='bbox 2069 2997 2338 3055; x_wconf 86' lang='lat' dir='ltr'>Apostolicam</span> <span class='ocrx_word' id='word_1_515' title='bbox 2352 2998 2434 3051; x_wconf 54' lang='lat' dir='ltr'>Beq</span> 
     </span>
     <span class='ocr_line' id='line_1_90' title="bbox 1430 3058 2389 3122; baseline -0.015 -13"><span class='ocrx_word' id='word_1_516' title='bbox 1430 3064 1698 3109; x_wconf 68' lang='lat' dir='ltr'>nedieiionem</span> <span class='ocrx_word' id='word_1_517' title='bbox 1715 3072 1966 3118; x_wconf 77' lang='lat' dir='ltr'>peramanter</span> <span class='ocrx_word' id='word_1_518' title='bbox 1985 3058 2239 3116; x_wconf 77' lang='lat' dir='ltr'>impertimur</span> <span class='ocrx_word' id='word_1_519' title='bbox 2251 3086 2263 3097; x_wconf 93' lang='lat'><em>.</em></span> <span class='ocrx_word' id='word_1_520' title='bbox 2379 3112 2389 3122; x_wconf 35' lang='grc' dir='ltr'><strong>ο</strong></span> 
     </span>
     <span class='ocr_line' id='line_1_91' title="bbox 1486 3115 2440 3174; baseline -0.01 -8"><span class='ocrx_word' id='word_1_521' title='bbox 1486 3124 1791 3166; x_wconf 61' lang='lat' dir='ltr'>Datum·›Romae&#39;</span> <span class='ocrx_word' id='word_1_522' title='bbox 1805 3119 1908 3174; x_wconf 79' lang='lat' dir='ltr'>apud</span> <span class='ocrx_word' id='word_1_523' title='bbox 1925 3122 2105 3163; x_wconf 64' lang='lat' dir='ltr'>sanctam</span> <span class='ocrx_word' id='word_1_524' title='bbox 2125 3115 2291 3158; x_wconf 88' lang='lat' dir='ltr'>Mariam</span> <span class='ocrx_word' id='word_1_525' title='bbox 2308 3117 2440 3170; x_wconf 70' lang='lat' dir='ltr'>Majo-</span> 
     </span>
     <span class='ocr_line' id='line_1_92' title="bbox 1428 3171 2435 3228; baseline -0.011 -4"><span class='ocrx_word' id='word_1_526' title='bbox 1428 3195 1515 3224; x_wconf 89' lang='lat' dir='ltr'>rem</span> <span class='ocrx_word' id='word_1_527' title='bbox 1541 3180 1608 3224; x_wconf 85' lang='lat' dir='ltr'>sub</span> <span class='ocrx_word' id='word_1_528' title='bbox 1623 3180 1785 3223; x_wconf 84' lang='lat' dir='ltr'>Annulo</span> <span class='ocrx_word' id='word_1_529' title='bbox 1805 3178 2014 3221; x_wconf 80' lang='lat' dir='ltr'>Piscatoris</span> <span class='ocrx_word' id='word_1_530' title='bbox 2038 3176 2104 3219; x_wconf 89' lang='lat' dir='ltr'>die</span> <span class='ocrx_word' id='word_1_531' title='bbox 2128 3189 2201 3216; x_wconf 83' lang='lat' dir='ltr'>xxi</span> <span class='ocrx_word' id='word_1_532' title='bbox 2220 3187 2255 3214; x_wconf 81' lang='grc' dir='ltr'>ι.</span> <span class='ocrx_word' id='word_1_533' title='bbox 2273 3171 2435 3228; x_wconf 78' lang='lat' dir='ltr'>Augusti</span> 
     </span>
     <span class='ocr_line' id='line_1_93' title="bbox 1431 3231 2430 3296; baseline -0.01 -12"><span class='ocrx_word' id='word_1_534' title='bbox 1431 3254 1615 3286; x_wconf 79' lang='lat' dir='ltr'>Moccxt.</span> <span class='ocrx_word' id='word_1_535' title='bbox 1628 3234 1894 3296; x_wconf 72' lang='lat' dir='ltr'>Pontificatfis</span> <span class='ocrx_word' id='word_1_536' title='bbox 1908 3236 2039 3282; x_wconf 73' lang='lat' dir='ltr'>Nostri</span> <span class='ocrx_word' id='word_1_537' title='bbox 2056 3237 2176 3277; x_wconf 88' lang='lat' dir='ltr'>Anno</span> <span class='ocrx_word' id='word_1_538' title='bbox 2190 3231 2402 3275; x_wconf 89' lang='lat' dir='ltr'>undecimo</span> <span class='ocrx_word' id='word_1_539' title='bbox 2417 3259 2430 3274; x_wconf 86' lang='lat'><strong>.</strong></span> 
     </span>
    </p>
   </div>
   <div class='ocr_carea' id='block_1_23' title="bbox 1651 3347 2374 3458">
    <p class='ocr_par' dir='ltr' id='par_1_25' title="bbox 1651 3347 2374 3458">
     <span class='ocr_line' id='line_1_94' title="bbox 1651 3347 2374 3415; baseline -0.017 -14"><span class='ocrx_word' id='word_1_540' title='bbox 1651 3359 1822 3415; x_wconf 85' lang='lat' dir='ltr'>Joannes</span> <span class='ocrx_word' id='word_1_541' title='bbox 1841 3353 2154 3411; x_wconf 84' lang='lat' dir='ltr'>Christophorus</span> <span class='ocrx_word' id='word_1_542' title='bbox 2172 3347 2374 3394; x_wconf 88' lang='lat' dir='ltr'>Battellus</span> 
     </span>
     <span class='ocr_line' id='line_1_95' title="bbox 1780 3418 1936 3458; baseline -0.026 0"><span class='ocrx_word' id='word_1_543' title='bbox 1780 3418 1936 3458; x_wconf 87' lang='lat' dir='ltr'>Secret.</span> 
     </span>
    </p>
   </div>
   <div class='ocr_carea' id='block_1_24' title="bbox 1491 3521 2429 3650">
    <p class='ocr_par' dir='ltr' id='par_1_26' title="bbox 1491 3521 2429 3650">
     <span class='ocr_line' id='line_1_96' title="bbox 1491 3521 2429 3590; baseline -0.016 -10"><span class='ocrx_word' id='word_1_544' title='bbox 1491 3538 1635 3590; x_wconf 83' lang='lat' dir='ltr'><em>Autog.</em></span> <span class='ocrx_word' id='word_1_545' title='bbox 1663 3536 1707 3576; x_wconf 68' lang='lat' dir='ltr'>ln</span> <span class='ocrx_word' id='word_1_546' title='bbox 1720 3536 1862 3575; x_wconf 73' lang='lat' dir='ltr'>secret.</span> <span class='ocrx_word' id='word_1_547' title='bbox 1878 3534 1992 3573; x_wconf 83' lang='lat' dir='ltr'>Brev.</span> <span class='ocrx_word' id='word_1_548' title='bbox 2003 3530 2051 3572; x_wconf 88' lang='lat' dir='ltr'>ad</span> <span class='ocrx_word' id='word_1_549' title='bbox 2066 3526 2270 3583; x_wconf 86' lang='lat' dir='ltr'>Principes</span> <span class='ocrx_word' id='word_1_550' title='bbox 2285 3521 2429 3581; x_wconf 61' lang='lat' dir='ltr'>regesta</span> 
     </span>
     <span class='ocr_line' id='line_1_97' title="bbox 1545 3587 2147 3650; baseline -0.015 -12"><span class='ocrx_word' id='word_1_551' title='bbox 1545 3591 1662 3650; x_wconf 71' lang='lat' dir='ltr'>mens-⁸</span> <span class='ocrx_word' id='word_1_552' title='bbox 1677 3593 1725 3642; x_wconf 58' lang='grc' dir='ltr'>ἐς</span> <span class='ocrx_word' id='word_1_553' title='bbox 1749 3594 1845 3636; x_wconf 80' lang='lat' dir='ltr'>anni</span> <span class='ocrx_word' id='word_1_554' title='bbox 1861 3587 2068 3648; x_wconf 73' lang='lat' dir='ltr'>prad.fol.</span> <span class='ocrx_word' id='word_1_555' title='bbox 2079 3588 2147 3630; x_wconf 83' lang='lat'>28.</span> 
     </span>
    </p>
   </div>
   <div class='ocr_carea' id='block_1_25' title="bbox 2268 3874 2386 3920">
    <p class='ocr_par' dir='ltr' id='par_1_27' title="bbox 2268 3874 2386 3920">
     <span class='ocr_line' id='line_1_98' title="bbox 2268 3874 2386 3920; baseline -0.008 0"><span class='ocrx_word' id='word_1_556' title='bbox 2268 3874 2386 3920; x_wconf 83' lang='lat' dir='ltr'>Idem</span> 
     </span>
    </p>
   </div>
  </div>
 </body>
</html>
