2658 4256
390 357 642 405 Succellores
668 355 821 397 nostros
843 354 1179 405 demandabitur,
1204 351 1285 395 fine
1312 354 1386 395 ali-

391 431 469 474 qua
495 416 748 472 personarum
776 415 1054 470 acceptatione
1071 443 1084 466 ,
1110 412 1300 467 omnique
1324 409 1385 454 se-

387 477 520 530 posito
548 476 722 515 humano
748 472 912 527 affectu,
941 470 1251 522 denunciando,
1279 472 1386 512 Ver-

391 538 486 578 bum
506 533 726 581 Divinum,
751 533 792 574 &
809 533 918 575 Fidei
937 536 1137 588 Dogmata
1159 530 1290 572 ubivis
1305 556 1319 579 ,
1343 530 1383 570 &

386 595 510 636 etiam
537 605 586 633 ex
603 589 812 634 Cathedra
832 591 915 648 (fic
948 603 1081 634 tamen
1100 619 1115 640 ,
1143 599 1187 630 ut
1214 587 1388 630 Ordina-

315 667 318 668 ’
387 652 544 694 riorum
569 662 648 691 non
672 647 948 693 disturbentur
971 647 1386 692 Ecclefiastieaejffin-

389 709 579 765 mones)
610 708 713 750 intra
729 709 815 764 iplis
841 708 1092 765 designatum
1117 704 1384 762 praemiffum..

381 768 604 811 districtum
626 766 852 817 tradendo,
884 767 932 809 fic
958 769 998 808 δι
1027 765 1281 808 Poenitentiae
1311 768 1386 807 Sa-

380 836 634 870 cramentum
648 823 751 881 (sula
767 825 931 881 dempta
945 823 1201 867 Confeffione
1213 822 1384 865 Pascha·

381 885 412 926 li
426 912 441 936 ,
473 886 496 927 fi
514 884 695 928 locorum
710 884 909 927 Curiones
923 884 1032 926 ultro
1051 896 1128 924 non
1140 881 1384 936 annuerent)

379 942 676 987 Sacrosancram
718 944 816 986 vero
853 942 1142 986 Eucharistiam
1169 955 1248 982 non
1287 939 1380 987 nisi,

377 1005 497 1055 quam
526 1002 564 1044 in
589 1003 751 1058 propria
773 1015 912 1044 eorum
930 1000 1155 1044 Monasterii
1176 996 1348 1042 Ecclesia
1365 1024 1380 1047 ,

374 1061 442 1103 vel
466 1058 579 1111 alibi,
598 1060 734 1102 habito
749 1059 787 1102 in
804 1060 842 1100 id
859 1059 1134 1113 praedictorum
1153 1058 1380 1100 'Curionum

373 1119 520 1162 affensu
534 1145 547 1167 a
574 1117 893 1160 administrando
908 1147 921 1169 ‚
948 1118 1059 1172 aegris
1073 1147 1087 1167 ,
1116 1118 1156 1158 &
1170 1116 1377 1158 moribun-

370 1178 433 1220 dis
447 1177 635 1220 solatium
651 1190 741 1218 cum
757 1176 906 1219 auxilio
923 1175 1197 1228 impendendo
1212 1203 1225 1224 ,
1253 1184 1376 1229 atque

372 1250 422 1279 ea
435 1235 567 1279 omnia
589 1235 751 1277 demum
778 1233 1037 1288 peragendO,
1063 1247 1149 1287 quae
1169 1232 1375 1274 individu—

368 1309 438 1336 um
458 1294 690 1337 Miffivnarii
707 1292 927 1347 Apostolici
944 1292 1069 1345 exigit
1089 1305 1232 1334 munus
1246 1321 1260 1343 ‚
1286 1291 1374 1344 jure

367 1353 584 1407 sepulturae
616 1381 628 1402 ,
664 1351 824 1405 alioque
858 1363 1115 1405 quocumque
1147 1349 1372 1393 parochiali

366 1412 523 1466 semper
547 1411 586 1451 &
610 1409 761 1465 ubique
785 1409 1012 1455 Ordinariis
1035 1409 1221 1452 locorum
1249 1408 1373 1452 reser-

366 1481 487 1512 vato.

427 1528 587 1570 Tertio.
621 1526 819 1567 Volumus
841 1524 1024 1580 insuper,
1053 1526 1162 1583 quod
1189 1526 1254 1581 ipsi
1275 1525 1374 1569 Mis-

368 1587 526 1630 sionarii
556 1589 595 1627 in
628 1585 750 1626 vitam
777 1586 813 1625 Sc
840 1598 972 1626 mores
996 1599 1074 1626 non
1098 1586 1221 1628 modo
1235 1584 1371 1626 subdi-

367 1658 503 1689 torum
518 1671 531 1694 ³
548 1643 635 1699 ipsis
653 1644 758 1686 intra
781 1643 972 1694 praedic‘tae
995 1643 1241 1685 Praefeaurae
1269 1642 1369 1685 fines

362 1706 499 1759 quoad
528 1703 719 1745 Miffionis
746 1701 1011 1747 Ministerium
1042 1701 1370 1752 commissorum,

359 1763 427 1807 sed
445 1765 485 1805 δε
499 1775 641 1804 eorum
655 1787 668 1809 a
695 1759 839 1816 quibus
858 1759 928 1813 ipfi
945 1759 1092 1801 subditi
1119 1775 1166 1803 ex
1184 1761 1372 1815 delegata

360 1822 495 1864 nostra
507 1819 780 1876 jurisdictione
796 1817 954 1860 subsunt
967 1846 982 1869 ,
1006 1816 1145 1861 sedulo
1160 1820 1370 1874 invigilare

362 1878 785 1933 teneantur-‚datoque
799 1877 1185 1932 defectu,Religioni
1199 1877 1370 1927 directe,

358 1942 425 1982 vel
444 1937 640 1981 indirecte
652 1936 894 1991 pernicioso,
910 1937 934 1977 si
949 1933 1125 1980 fraterna
1148 1937 1371 1978 admonitio

357 2000 475 2042 illum
487 2012 562 2040 non
577 1997 847 2047 tollat,Nobis
861 1998 896 2036 Sc
913 1994 1212 2038 Succefforibus
1229 1995 1373 2038 nostris

362 2058 411 2099 ad
438 2057 620 2112 proprias
642 2068 759 2097 aures
785 2054 946 2097 deferre
966 2082 980 2104 ,
1010 2053 1056 2096 ea
1074 2055 1154 2109 ipsa
1181 2056 1367 2104 ratione,

358 2130 436 2170 qua
463 2124 627 2164 econtra
663 2113 805 2155 nostris
837 2113 1164 2156 demandabimus
1192 2113 1370 2155 Decanis

360 2169 837 2226 ruralibus,perspe&um
854 2171 1056 2224 habendi,
1074 2187 1122 2214 an
1138 2171 1367 2215 Miffionarii

357 2234 428 2287 ipfi
452 2228 643 2274 Miffionis
670 2242 811 2271 munus
839 2229 982 2272 debit‘e
1004 2231 1253 2287 adimpleant
1278 2258 1293 2281 ‚
1327 2231 1367 2271 &

358 2289 612 2345 affequantur
625 2299 677 2328 ex
691 2285 768 2329 asse
783 2314 796 2336 ,
812 2288 964 2342 quidve
977 2300 1201 2344 operentur
1216 2289 1366 2332 adver-

354 2352 419 2391 sus
439 2350 518 2390 haec
535 2345 667 2388 nostra
682 2344 870 2387 mandata
883 2371 897 2393 a
925 2347 1055 2389 Nobis
1068 2348 1268 2398 defectus,
1298 2347 1365 2388 ubi

354 2411 431 2451 hos
455 2437 470 2458 ‚
500 2405 524 2447 st
550 2404 668 2460 aliqui
698 2414 841 2459 praeter
868 2402 974 2458 spem
1005 2405 1174 2448 n‘ollram
1200 2418 1364 2447 omnem

352 2464 605 2520 contigerint
620 2490 633 2513 ,
648 2462 824 2505 fraterna
841 2462 1069 2506 admonitio
1085 2479 1163 2506 non
1179 2463 1335 2520 diffipet
1348 2492 1362 2516 ,

351 2525 491 2570 debite
509 2522 693 2565 relaturis
715 2550 727 2562 .

412 2583 588 2644 Qarto.
602 2585 742 2639 Qare
756 2581 1100 2635 praes'entabuntur
1117 2580 1273 2637 semper
1291 2582 1364 2624 Vi·

352 2644 386 2686 ri
403 2657 492 2684 cum
509 2639 668 2682 scientia
684 2666 698 2688 a
726 2649 811 2681 tum
838 2643 874 2682 &
892 2641 980 2682 vitae
1010 2641 1263 2684 sanfflmonia
1277 2641 1362 2682 cla-

351 2702 414 2752 ri,
433 2699 522 2757 julli
540 2727 552 2750 ‚
578 2699 826 2751 incorrupti,
854 2700 1031 2754 integri,
1062 2699 1223 2742 suaves.
1249 2701 1287 2741 &
1305 2700 1360 2741 in—

354 2759 466 2802 simul
483 2756 606 2799 severi
626 2784 638 2805 ,
658 2771 801 2811 graves
816 2787 832 2808 ,
855 2757 1012 2812 sagaces
1029 2785 1041 2805 ,
1068 2767 1147 2800 tam
1170 2759 1209 2801 in
1240 2759 1361 2801 Pole-

353 2820 453 2860 mica
468 2847 482 2867 ,
509 2818 629 2871 quam
649 2817 686 2858 in
704 2817 773 2867 iis,
792 2831 874 2871 quae
889 2818 938 2858 ad
956 2818 1270 2871 promovendam
1285 2820 1362 2860 hae-

347 2879 572 2920 reticorum
586 2876 885 2930 Inquisitionem
901 2875 1257 2928 conducunt,bene
1275 2891 1363 2918 vet·—

354 2935 452 2987 sati3
478 2938 564 2977 Nec
590 2936 790 2990 accipient
812 2934 870 2975 illi
886 2936 906 2975 :i
922 2933 1100 2984 subditis,
1118 2936 1250 2992 quoad
1271 2935 1365 2978 Mis·

348 2996 466 3038 sionis
484 3007 622 3035 munus
635 2995 694 3037 eis
707 2992 1182 3049 subjectis‚e1eem0synas
1197 2993 1366 3049 proMilz

356 3057 404 3096 fis
422 3082 434 3104 ,
460 3053 587 3095 aliave
618 3067 784 3095 munera
803 3081 815 3104 ‚
843 3053 977 3094 forent
1003 3053 1100 3096 licet
1130 3054 1364 3106 esculenta,

355 3113 600 3168 poculenta,
626 3112 757 3154 multo
783 3113 912 3154 minus
935 3111 1065 3154 adhuc
1091 3114 1333 3157 collecturas
1349 3141 1364 3164 ,

350 3172 416 3214 seu
429 3172 611 3226 quaestuas
628 3171 838 3214 instituent
851 3201 866 3221 ,
885 3172 941 3212 his
967 3172 1006 3211 &
1030 3171 1112 3213 illis
1141 3174 1296 3215 caeteris
1310 3172 1362 3214 de

350 3230 599 3274 Monasterio
617 3231 798 3273 Patribus
814 3259 827 3281 ,
848 3239 890 3271 ut
910 3231 1096 3273 hactenus
1112 3233 1335 3275 habuerunt
1347 3260 1364 3282 ,

349 3289 478 3331 illaefis
509 3290 705 3331 retentis:
729 3290 804 3345 qui
823 3288 1050 3335 Miffionarii
1079 3290 1240 3346 insuper
1265 3304 1362 3346 per·

350 3349 523 3391 durante
541 3349 750 3391 Ministerii
778 3362 919 3391 eorum
938 3349 1186 3402 praedefinito
1200 3362 1361 3405 tempo·

351 3423 395 3450 re
414 3407 752 3451 Radtstadiensem
779 3406 1055 3450 Praefeeturam
1083 3410 1222 3464 egradi
1249 3423 1362 3452 non-³

355 3471 607 3522 poterunt,a
628 3468 780 3515 Nobis,
806 3467 869 3509 vel
896 3467 1190 3512 Succelsoribus
1224 3466 1365 3511 nostris'

351 3540 431 3568 non
459 3525 957 3578 praehabitalicentia,eis
987 3538 1249 3571 veruntamen
1278 3541 1361 3570 non

351 3583 418 3628 nifi
436 3585 545 3636 gravi
560 3586 610 3626 de
628 3587 740 3628 causa
756 3584 1011 3641 deneganda.

411 3643 581 3702 Qinto.
616 3646 729 3687 Licet
748 3655 881 3688 autem
899 3644 1042 3687 Ordini
1066 3654 1136 3687 tuo
1151 3645 1357 3701 Apostoli-

353 3719 407 3745 cae
423 3701 610 3744 Miffionis
635 3718 773 3745 munus
796 3705 835 3746 in
862 3705 1047 3760 praedit‘ta
1062 3703 1353 3748 Radtlladienli

352 3760 587 3804 Praefectura
617 3763 811 3814 privative
827 3766 1129 3807 committamus
1145 3765 1359 3811 „liberum

352 3832 487 3864 tamen
505 3820 631 3863 Nobis
650 3823 712 3872 ,δε
727 3822 1021 3866 §accessoribus
1041 3825 1180 3866 nostris
1194 3823 1270 3866 elie
1287 3837 1360 3866 vo-

1134 219 1717 307 Provincia

1447 349 1713 402 lumus,alios
1727 362 1889 406 quoque
1909 351 2073 396 alterius
2090 355 2318 416 Religionis
2335 363 2457 408 Viros

1446 407 1835 453 inRadtstadiensem
1851 412 2070 455 districtum
2083 414 2133 456 ad
2149 425 2304 475 tempus
2320 423 2462 466 mitte·

1445 467 1771 520 re,Miffionarios
1785 470 1836 511 de
1854 470 2030 512 districtu
2050 476 2151 517 vero
2164 476 2253 519 alibi
2269 482 2408 533 etiam,
2422 485 2461 525 δε

1444 539 1556 572 extra
1583 527 1697 569 illum
1723 529 1772 569 ad
1802 528 2002 572 Miffiones
2016 557 2030 580 ,
2063 533 2214 586 pariter
2238 546 2368 583 tamen
2399 542 2455 583 ad

1449 600 1631 640 tempus,
1654 587 1851 643 ablegare
1866 617 1881 639 ,
1909 589 2091 633 Miffione
2108 605 2178 645 pro
2195 593 2379 640 Patribus
2395 600 2460 642 tui

1446 647 1610 689 Ordinis
1634 659 1898 689 veruntamen
1928 650 1966 690 in
2010 649 2304 694 Radtstadienfi
2329 655 2464 700 distri·

1445 709 1509 747 c'tu
1527 708 1664 746 harum
1679 717 1819 749 tenore
1834 706 1988 763 semper
2005 705 2082 750 fixa
2099 737 2114 759 ,
2143 710 2180 749 &
2201 709 2239 752 in
2252 714 2324 757 suo
2336 716 2459 757 robo-

1445 779 1489 807 re
1512 762 1626 804 firma
1643 775 1849 808 manente.

1508 823 1686 864 Curabit
1709 824 1880 878 proinde
1894 825 2121 869 Paternitas
2137 829 2223 870 Tua
2239 855 2253 879 ,
2280 830 2456 887 tuique„

1446 879 1700 925 Succeffores
1715 895 1855 925 omnes
1870 911 1883 934 ,
1909 886 2118 940 perpetuis
2134 885 2281 930 futuris
2299 898 2459 945 tempo.-

1443 941 1551 982 ribus
1577 966 1591 988 ,
1619 949 1661 982 ut
1683 949 1767 982 tam
1794 942 1968 986 salutare
1997 944 2175 986 nostrum
2205 950 2457 1001 propositum

1440 999 1634 1041 alacriter
1648 1011 1895 1054 exequantur
1909 1028 1923 1051 ‚
1945 1011 2070 1058 utque
2090 1003 2126 1044 in
2144 1013 2300 1058 partem
2318 1007 2458 1049 Pasto-

1439 1057 1539 1099 ralis
1555 1056 1692 1100 nostrae
1705 1055 1986 1102 sollicitudinis
2008 1063 2138 1103 vocati
2157 1063 2233 1104 rite
2249 1089 2263 1111 ,
2295 1065 2335 1105 &
2353 1064 2459 1121 jugi—

1440 1127 1505 1158 ter
1520 1115 1711 1170 expleant
1735 1118 1813 1159 haec
1828 1117 1960 1160 nostra
1977 1119 2192 1172 mandam
2225 1122 2351 1178 Quod
2370 1123 2393 1165 fi
2415 1124 2456 1166 in

1437 1174 1712 1228 adimplendis
1727 1189 1776 1216 ex
1789 1175 1866 1218 affe
1879 1176 2063 1218 omnibus
2081 1178 2322 1234 praescriptis
2335 1208 2348 1231 ‚
2379 1197 2454 1225 ne·
2503 1209 2507 1212 ·

1438 1233 1656 1287 gligentes:
1671 1232 1841 1284 incurii,
1853 1235 2038 1288 segnesve
2056 1233 2216 1279 fueritis
2228 1264 2242 1285 ,
2258 1241 2455 1295 omnip04

1435 1291 1536 1333 tenti
1555 1292 1643 1333 Deo
1656 1318 1670 1341 ,
1693 1292 1822 1347 Nobis
1837 1320 1849 1343 ,
1863 1291 2166 1336 Suecefforibus
2196 1296 2337 1339 nostris
2353 1325 2366 1349 ,
2387 1310 2454 1342 at-

1435 1365 1513 1405 que
1529 1349 1750 1392 venerabili
1761 1351 1958 1407 Capitulo
1972 1351 2110 1394 nostro
2123 1352 2341 1397 distr-ieram
2357 1357 2451 1400 red-

1433 1409 1593 1451 dituros
1611 1409 1814 1451 rationem
1831 1410 2022 1466 ‚wosque
2053 1413 2224 1455 nostram
2241 1442 2255 1464 ,
2282 1414 2453 1459 horum.-

1433 1482 1510 1523 que
1526 1468 1840 1522 indignationem
1857 1470 2059 1514 noveritis
2075 1471 2328 1514 incursuros.

1490 1529 1633 1568 Actum
1658 1526 1882 1582 Salisburgi
1910 1528 1948 1570 in
1964 1530 2186 1584 Metropoli
2217 1531 2348 1574 nostra
2374 1532 2447 1576 hac

1431 1583 1497 1627 die
1515 1597 1580 1638 ¹4·
1593 1586 1732 1629 mensis
1748 1587 1885 1629 Martii
1903 1588 2010 1629 Anni
2031 1602 2103 1643 ¹73
2116 1602 2158 1640 7.

1572 1703 1834 1771 Leopoldus
1867 1703 1960 1755 διο.

1432 1835 1521 1882 Pro
1558 1831 1763 1882 Patribus
1801 1833 2050 1899 Capucinis
2089 1835 2358 1886 Monasterii
2397 1837 2444 1885 in

1501 1903 1963 1972 DambsWeg,Vallis
1980 1908 2244 1974 Lungaviae,
2261 1907 2317 1956 ad
2339 1923 2447 1955 con-

1503 1970 1612 2040 fines
1632 1974 1879 2038 Carinthiae
1898 2009 1913 2031 ,
1926 1993 2003 2041 per
2017 1990 2166 2028 totam
2201 1976 2442 2029 Praefestu·

1503 2040 1604 2092 ram
1634 2041 2054 2100 Mossheimensem.

1427 2182 1522 2233 Nos
1541 2183 1773 2249 Leopoldus
1788 2219 1804 2242 ,
1820 2184 1905 2233 Dei
1913 2186 2059 2253 gratic'i
2082 2188 2442 2256 Archiepiscopus‚

1492 2256 1547 2302 (θ’
1576 2254 1771 2320 Princeps
1801 2254 2120 2327 Salisburgeaefis
2138 2293 2155 2316 ,
2177 2258 2338 2319 ἱὧάηἱῖιεῑ
2361 2261 2430 2309 Se-

1494 2325 1560 2373 dis
1589 2326 1818 2390 Apostolicf
1845 2322 2029 2395 Legacur
2057 2329 2203 2379 Natus
2219 2364 2237 2388 ‚
2267 2330 2434 2380 Primus

1495 2395 1718 2456 Get-manig
1737 2402 1828 2447 &a

1483 2525 1656 2567 Noverit
1673 2525 1898 2582 Paternitas
1914 2528 2015 2577 Tua,
2028 2528 2146 2582 quam
2163 2523 2319 2580 vesana,
2337 2542 2433 2584 pro-

1424 2591 1538 2625 terva
1556 2612 1568 2634 ‚
1595 2584 1781 2626 haeretica
1806 2585 1984 2639 pravitas
2020 2598 2138 2642 caput
2165 2589 2275 2629 suum
2303 2589 2340 2629 in
2357 2588 2438 2630 bac-

1424 2643 1633 2685 Provincia
1663 2643 1794 2685 nostra
1824 2657 1900 2685 non
1928 2644 1982 2686 ita
1999 2646 2175 2699 pridiem
2204 2646 2401 2688 extulerit
2423 2673 2439 2696 ,

1421 2705 1618 2757 quamque
1644 2701 1787 2743 insanis
1808 2704 2054 2755 conatibus,
2077 2703 2231 2760 abjecti
2275 2703 2431 2758 prorsus

1423 2760 1557 2803 fronte
1573 2789 1587 2811 ,
1619 2771 1835 2816 emotaque
1853 2775 1989 2805 mente
2016 2775 2157 2804 contra
2183 2762 2302 2818 ipsam
2319 2762 2435 2804 Prin-

1424 2820 1598 2875 cipalem
1620 2820 1860 2875 dignitatem
1885 2821 2056 2862 nostram
2071 2820 2358 2862 damnabiliter
2373 2820 2436 2880 in?

1426 2879 1587 2934 surgere
1603 2891 1683 2935 non
1699 2879 1974 2924 dubitaverits
2006 2880 2046 2920 δι
2063 2893 2112 2921 no
2122 2879 2224 2922 verit
2241 2893 2401 2936 quoque
2417 2907 2432 2932 ,

1425 2947 1578 2992 quanto
1596 2933 1803 2979 pastoralis
1827 2938 1946 2980 animi
1978 2938 2112 2980 nostro
2141 2938 2285 2981 dolore
2301 2938 2431 2994 palam

1424 2995 1503 3051 jam
1531 2994 1729 3051 grassante
1757 2997 1889 3039 haerest
1918 3025 1931 3048 ,
1958 3008 2121 3038 armata
2140 2997 2360 3039 etiamnum
2390 2996 2431 3038 vi

1424 3053 1612 3097 obsistere
1639 3052 1828 3115 fuerimus
1843 3056 1968 3097 coac‘ti
1985 3083 1999 3107 ,
2026 3056 2169 3110 viginti
2205 3057 2243 3097 &
2281 3054 2429 3098 ulti-ae

1424 3114 1635 3155 Provincia
1661 3112 1780 3168 pulsis
1804 3113 1983 3156 millibus
2013 3116 2213 3163 Lutheri,
2238 3113 2431 3157 aliorum-

1423 3187 1502 3229 que
1518 3171 1870 3218 haerefiarcharum
1884 3172 2064 3215 colluvie
2076 3201 2091 3223 ‚
2113 3174 2219 3229 peste
2234 3174 2348 3216 fimul
2363 3200 2377 3221 ,
2390 3175 2429 3215 &

1423 3231 1549 3275 exitio
1563 3228 1753 3284 involutis
1767 3261 1779 3273 .
1810 3231 1917 3292 Qia
1936 3232 2032 3274 vero
2048 3233 2250 3276 statuimus
2265 3230 2431 3275 firmiffi.

1423 3289 1486 3332 me
1512 3300 1603 3332 toto
1631 3290 1776 3333 virium
1792 3292 1871 3333 nisu
1887 3290 2036 3334 hostem
2051 3291 2182 3335 adhuc
2198 3291 2430 3334 latitantem

1423 3349 1576 3391 tamdiu
1594 3349 1804 3405 persequi,
1823 3350 1974 3400 donec,
1990 3350 2096 3407 quod
2112 3349 2426 3396 Praedeceffores

1423 3408 1548 3453 nostri
1566 3408 1730 3451 voluere
1743 3407 1910 3464 semper,
1922 3409 2097 3465 potuere
2112 3423 2316 3465 nunquam
2331 3439 2345 3461 ,
2357 3425 2428 3454 ex-

1424 3467 1844 3511 tremainternecione
1869 3483 1943 3523 per
1957 3469 2035 3511 Dei
2066 3469 2234 3523 gratiam
2264 3470 2427 3524 penitus

1422 3527 1737 3577 extinxerimus,
1762 3526 1855 3570 hinc
1878 3526 1930 3570 de
1955 3535 2024 3570 tua
2040 3525 2338 3579 sollicitudine,
2365 3530 2428 3572 vi-

1419 3587 1583 3641 gilantia
1597 3613 1610 3637 ‚
1636 3588 1676 3628 &
1696 3599 1796 3628 cura
1810 3586 2064 3629 concreditas
2077 3586 2229 3630 nostras
2243 3588 2426 3632 oviculas

1417 3645 1487 3689 sub
1500 3647 1611 3690 unius
1625 3645 1792 3690 Pastoris
1802 3645 1904 3688 ovili
1918 3644 2070 3701 jugiter
2083 3645 2324 3695 continendi
2339 3649 2425 3691 cle·

1414 3716 1574 3749 menter
1588 3703 1717 3748 confifi
1735 3731 1749 3754 ‚
1774 3717 1946 3760 cumque
1957 3707 2262 3761 Capucinorum
2278 3710 2426 3750 Mona·

1421 3766 1580 3808 sterium
1594 3765 1632 3807 in
1646 3761 1809 3820 Oppido
1825 3763 1956 3806 nostro
1969 3766 2207 3822 Dambsweg
2221 3768 2244 3811 ὲ
2262 3767 2424 3810 Praede·

1419 3822 1631 3870 cessoribus
1657 3821 1798 3867 nostris
1838 3822 1888 3867 ad
1919 3825 2133 3868 arcendam
2170 3826 2193 3868 a
2232 3827 2420 3882 Regione

2232 3889 2364 3928 nostra
