2638 4204
426 253 596 317 202

1129 228 1715 321 Provincia

796 370 892 426 vbi
917 372 987 426 beu
1016 371 1061 416 in
1087 366 1264 431 Olympi
1288 368 1377 414 alto
1410 369 1577 415 vertice
1612 380 1738 413 extra
1765 368 2042 434 tempestatum

919 439 1128 492 Turbines
1159 435 1347 487 colleilos
1361 471 1377 493 ,
1409 454 1488 484 non
1514 437 1712 502 dispersos
1746 439 1930 486 contuire

1032 510 1156 560 Rev.
1191 507 1338 556 Patris
1361 570 1364 574 Ι
1387 505 1599 556 Valeriani
1627 512 1780 555 cineres
1797 543 1809 556 .

724 579 770 633 Ii
789 583 871 636 tibi
902 587 946 633 in
977 582 1125 650 primis
1133 576 1229 645 fint
1250 594 1531 646 argumentum
1547 614 1562 637 ,
1589 579 1720 644 ipfiam
1752 577 1895 646 arfiffi
1910 580 2115 636 charitate

1004 650 1071 699 Ac
1095 651 1253 700 demum
1279 647 1545 720 conflagraffi
1574 649 1799 714 Seraphica
1820 685 1831 698 .

808 722 865 774 In
892 723 980 772 alto
1002 723 1130 785 hujus
1154 720 1294 786 Rupis
1320 737 1527 767 cacumine
1553 719 1712 785 pcfitus
1728 755 1744 778 ,
1773 722 1890 770 baud
1912 724 2028 772 ultra

967 792 1195 866 Expcfitus
1225 793 1279 860 est
1308 791 1611 840 malevolorum
1643 791 1842 840 ludibriis
1861 829 1872 842 .

761 861 866 916 Non
891 863 1049 911 accedet
1074 865 1135 912 ad
1157 880 1246 911 eum
1273 862 1426 910 malum
1446 861 1736 910 maledicentiae
1755 898 1770 920 ,
1793 865 1847 911 ὼ·
1854 861 2076 932 flagellum

824 933 1043 983 Valeriano
1066 936 1296 1000 mastigium
1323 932 1382 980 ad
1395 931 1525 998 ipsum
1551 950 1628 980 non
1656 937 2000 1003 appropinquabit
2013 972 2024 984 .

728 1001 802 1065 Tu
820 1008 926 1054 verb
941 1039 956 1063 ,
998 1003 1146 1053 Vmor
1160 1039 1175 1063 ,
1200 1022 1250 1051 ne
1273 1000 1564 1070 circumferc'ire
1579 1008 1686 1052 omni
1701 1020 1834 1054 ‘vento
1857 1006 2107 1056 verborum:

797 1072 918 1147 Qis
930 1109 947 1133 ,
974 1076 1169 1141 qualisve
1186 1073 1329 1141 ficet-it
1358 1075 1429 1122 hic
1444 1073 1570 1123 Pater
1599 1074 1843 1124 Valerianus
1860 1110 1875 1133 ,
1904 1081 1948 1125 in
1972 1079 2040 1127 his

947 1144 1208 1195 Pulveribus
1234 1146 1363 1212 legito
1378 1180 1395 1203 ,
1421 1150 1474 1195 ἐφ’
1497 1163 1551 1192 ex
1580 1163 1681 1193 urna
1711 1146 1907 1195 mortuali

963 1213 1108 1266 Vivas
1138 1215 1327 1282 colligito
1350 1217 1493 1283 gloriae
1523 1216 1642 1263 illius
1659 1214 1858 1281 favillas
1873 1250 1885 1263 .

800 1282 870 1334 Ex
895 1301 1041 1353 magna
1077 1284 1215 1335 Italiae
1238 1284 1363 1336 ¹Urbe
1377 1321 1393 1343 ,
1417 1281 1662 1333 Mediolano
1678 1319 1692 1342 ,
1720 1286 1775 1333 (3·
1801 1304 1856 1334 ex
1879 1283 2042 1333 illustri

727 1349 934 1405 Comitum
961 1355 1011 1404 de
1026 1354 1205 1424 Magnis
1224 1355 1410 1405 Familia
1446 1356 1515 1404 hic
1534 1354 1717 1423 Magnus
1742 1359 1886 1404 traxit
1921 1359 2111 1423 originem
2128 1357 2146 1416 ς’

867 1424 955 1475 Sed
970 1427 1060 1476 alta
1085 1429 1305 1498 despiciens
1317 1427 1391 1492 sui
1408 1431 1574 1491 generis
1591 1462 1607 1485 ,
1631 1441 1678 1474 ut
1696 1431 1830 1492 major
1843 1428 1974 1494 fieret

1228 1513 1363 1546 coram
1394 1494 1574 1544 Domino
1591 1532 1607 1555 ,

895 1562 1048 1614 Minor
1081 1565 1333 1630 Capuccinus
1347 1565 1497 1633 saHus
1529 1567 1596 1615 efl
1606 1603 1621 1625 ,
1657 1569 1702 1614 in
1729 1570 1955 1616 minorenni

828 1633 937 1704 'Qua
954 1655 970 1684 t
993 1652 1184 1683 annorum
1213 1636 1441 1702 quindecim
1470 1651 1589 1685 aetate
1607 1671 1623 1694 ,
1647 1640 1802 1704 jugum
1827 1637 2003 1688 Domini

915 1705 1056 1762 Juxta
1081 1704 1304 1762 Consilium
1328 1706 1542 1770 Prophetae
1564 1721 1734 1772 portare
1756 1708 1908 1774 eligens

1227 1775 1301 1827 Ab
1315 1775 1581 1841 adolefientia
1589 1812 1605 1835 ,

808 1843 948 1911 'Quod
962 1846 1141 1912 siefiepit
1160 1879 1177 1902 ,
1202 1851 1256 1893 Εἶθ’
1268 1845 1393 1912 ferre
1417 1846 1567 1896 didicit
1595 1851 1640 1895 in
1671 1847 1832 1911 inclyta
1857 1848 2025 1914 Praga'.

810 1914 927 1964 Ordo
958 1917 1029 1983 iste
1045 1912 1292 1980 Seraphicus
1322 1916 1455 1966 bre-vl
1474 1935 1563 1966 eum
1594 1918 1652 1966 ad
1672 1921 1806 1965 omnia
1826 1917 2025 1976 Bohemo·

966 1985 1189 2052 Austriacae
1219 1983 1459 2037 Provinciae
1488 1991 1643 2038 evexit
1670 2005 1836 2036 munera
1850 2024 1861 2036 .

810 2052 1120 2117 Concionatoris
1133 2090 1151 2115 ‚
1180 2053 1398 2124 Magistri
1412 2054 1467 2104 N
1465 2061 1697 2109 ovitiorum
1711 2092 1728 2116 ‚
1755 2057 1989 2107 Guardiani
2001 2093 2019 2116 ,

1269 2126 1545 2178 'Praelet‘loris

809 2194 1120 2263 Philosophia
1146 2215 1193 2246 ac
1219 2197 1403 2262 myHicae
1422 2232 1437 2255 ,
1463 2204 1516 2246 &³
1551 2197 1721 2246 moralis
1746 2195 1980 2264 Theologiae
1999 2204 2018 2258 ,'

905 2265 1002 2318 Nec
1020 2286 1098 2318 non
1128 2266 1437 2334 Defi'nitoratt'is
1455 2303 1471 2327 ,
1496 2286 1543 2317 ae
1575 2265 1921 2318 Provincialatus

1034 2337 1268 2404 Succeffi've
1292 2339 1498 2408 conserens
1519 2339 1744 2405 dignitates
1763 2373 1776 2385 .

772 2403 912 2458 Roma
939 2407 1064 2460 illum
1086 2409 1256 2477 denique
1279 2412 1339 2460 ad
1341 2412 1574 2478 stapremum
1592 2403 1871 2460 Generalatiaes
1900 2407 2052 2476 apicem

979 2476 1168 2526 Plurium
1178 2480 1336 2545 saltem
1365 2480 1538 2529 calculis
1563 2477 1819 2545 defideravit
1835 2513 1847 2526 .

912 2543 1227 2612 Mifflonarium
1242 2549 1527 2615 Apostolicum
1554 2548 1607 2597 ab
1635 2567 1736 2597 anno
1756 2556 1903 2598 1626.

1174 2617 1308 2687 Vsque
1334 2621 1394 2670 ad
1417 2636 1644 2670 extremum

884 2683 993 2734 Vitae
1010 2690 1099 2750 ejus
1115 2718 1131 2746 ,
1152 2688 1406 2748 Germania,
1428 2691 1597 2741 Polonia
1609 2725 1625 2748 ,
1644 2688 1844 2738 Bohemia
1856 2724 1871 2747 ,
1894 2689 1948 2737 &¹

909 2753 1128 2828 Hungaria
1143 2793 1159 2816 ,
1177 2759 1396 2827 fiuc‘luose
1429 2764 1560 2832 ipsum
1586 2774 1767 2826 expertae
1783 2760 1885 2829 Jimt
1898 2793 1911 2807 .

772 2824 871 2873 Haec
891 2841 1064 2892 quatuor
1080 2827 1254 2897 Regna,
1277 2850 1362 2900 quae
1390 2830 1559 2880 Patrem
1580 2830 1845 2879 Valerianum
1877 2831 1921 2875 in
1950 2827 2052 2875 vita

739 2895 993 2945 Orthvdoxae
1011 2897 1134 2945 Fidei
1147 2902 1458 2970 valorolum,&
1473 2904 1715 2951 acerrimum
1725 2913 2085 2966 propugnatorem,

772 2964 992 3017 Inviilum
1008 2966 1306 3019 Haereticorum
1326 2970 1608 3039 infit‘latorem
1626 3006 1642 3029 ,
1662 2971 1716 3018 Φ·
1731 2967 2050 3032 ardentiffi'mum

877 3037 1126 3088 Animarum
1144 3041 1370 3096 zelatorem
1388 3042 1686 3094 admirabunda
1698 3037 1920 3106 suspexi-'re
1933 3072 1949 3094 ,

829 3104 957 3161 Nunc
986 3126 1074 3174 qum
1099 3128 1265 3161 maerore
1280 3147 1298 3171 ‚
1324 3119 1379 3162 ὅδ’
1407 3113 1546 3170 luHu,
1577 3129 1646 3159 ceu
1665 3110 1862 3177 praeficae,
1880 3105 2016 3175 fimus

1224 3182 1334 3245 Ejus
1359 3184 1599 3233 conducunt.

739 3247 830 3300 Hoc
852 3261 974 3314 porro
999 3249 1158 3303 Domus
1186 3253 1408 3322 Austriaca
1435 3252 1617 3323 gloriosa
1640 3250 1722 3318 fi‘b
1748 3250 1947 3318 Gregorio
1965 3245 2084 3299 XV.

808 3318 1009 3383 Pontifice
1034 3324 1246 3381 maximo,
1283 3321 1443 3373 Vienna
1478 3324 1694 3374 Lutetiam
1724 3318 1972 3389 Parisiorum
1999 3316 2087 3382 des-‘-

807 3392 944 3438 tinato
974 3390 1044 3460 usa
1063 3394 1314 3442 internuncio
1336 3394 1405 3441 εΗ
1426 3395 1486 3443 ad
1504 3390 1770 3462 componenda
1797 3390 1962 3456 diffi‘dia
1988 3403 2084 3436 tunc

804 3459 999 3530 temporis
1026 3462 1136 3510 inter
1163 3463 1269 3531 ipsos
1294 3463 1507 3531 Augustos
1521 3501 1538 3525 ,
1574 3469 1628 3515 δέ
1658 3461 1815 3528 Regem
1845 3459 2082 3511 Galliarum

1019 3529 1250 3598 Glisbent'ia
1262 3569 1278 3592 ,
1300 3535 1432 3602 jelici
1453 3539 1594 3606 utique
1605 3529 1808 3602 fiacceſjic:

738 3597 856 3653 Nam
870 3599 1022 3671 sapius
1049 3601 1194 3653 deinde
1213 3603 1266 3652 ab
1295 3606 1438 3669 iisdem
1463 3609 1586 3654 etiam
1614 3602 1674 3651 ad
1686 3600 1895 3650 Romanos
1911 3596 2085 3662 Pontifi-

808 3690 870 3718 ces
885 3706 902 3728 ι
921 3688 968 3718 ac
982 3667 1098 3722 Sacri
1112 3669 1294 3724 Romani
1306 3673 1479 3743 Imperii
1495 3672 1732 3725 catholicos
1753 3669 1959 3720 Elet‘lores
1971 3702 1987 3725 ,
2014 3685 2084 3715 nee

805 3759 882 3791 non
911 3740 969 3788 ad
983 3739 1141 3808 Regem
1156 3779 1173 3802 ,
1199 3744 1464 3820 Proceresque
1481 3744 1657 3795 Poloniae
1693 3741 1876 3807 Legatus
1910 3737 2050 3808 miffits
2065 3773 2081 3796 ,

889 3809 999 3862 Tam
1026 3812 1154 3865 arduo
1187 3816 1318 3887 officio
1342 3819 1407 3867 ita
1430 3814 1627 3886 praeclare
1640 3811 1817 3885 fienc‘lus
1842 3813 1895 3883 est
1908 3845 1926 3871 ³

2345 3873 2388 3915 Vt
