2658 4256
421 201 590 287 182

358 333 437 387 Ab
454 332 619 382 eodem
653 333 727 379 Fr.
742 328 989 380 Valeriano
1021 327 1069 380 ὃ(
1099 328 1272 378 litteras
1297 348 1370 379 ac-

431 402 691 471 cipiendas,
722 399 873 452 &alia
885 414 1094 450 oretenus
1123 401 1367 467 percipien-

427 475 486 525 da
519 469 634 529 effe,
662 470 884 540 Adolpho
911 470 1090 522 Comiti
1117 469 1172 519 de
1191 471 1366 520 Althan

425 543 630 595 rescribit
648 576 662 592 .

451 680 607 729 Ditem
631 681 768 733 faio,
797 681 932 724 Nobili
956 683 1069 728 Viro,
1098 678 1274 736 Adolpho

393 762 395 766 ¹
737 741 782 783 dc
796 741 948 783 Althan
962 768 978 781 .

352 861 853 914 PAULUS
945 860 1210 908 PAPA
1300 860 1363 907 V.

424 988 581 1033 Dilene
590 986 673 1031 Fili
686 1015 699 1038 ‚
722 985 872 1029 Nobilis
905 986 972 1028 Vir
985 1013 999 1035 ,
1016 985 1215 1036 Salutem,
1247 983 1296 1031 δ’

553 1044 810 1104 Apostolicam
837 1042 1138 1086 Benediffiomm
1152 1072 1165 1084 .

492 1165 574 1208 Liis
601 1162 756 1206 Nostris
780 1162 928 1204 litteris
953 1161 1127 1203 nostram
1156 1168 1364 1215 paternam

503 1224 542 1265 in
559 1225 618 1265 Te
634 1222 881 1264 voluntatem
896 1246 910 1266 a
938 1221 1001 1270 &‚
1016 1232 1100 1273 quae
1114 1218 1168 1261 de
1182 1217 1362 1260 laudabi-

348 1282 380 1325 li
415 1281 580 1324 consilio
605 1288 676 1321 tuo
708 1294 770 1321 res
799 1278 956 1320 ferebat
978 1305 993 1327 ,
1028 1275 1361 1331 significavimus,

347 1340 544 1385 redeunte
569 1340 667 1380 vero
691 1337 788 1381 istuc
806 1336 968 1378 Dilecto
986 1335 1106 1388 Filio,
1123 1335 1365 1386 Valeriano,

347 1398 509 1443 Ordinis
535 1398 742 1439 Minorum
772 1396 898 1439 Sancti
915 1395 1109 1437 francisci
1132 1396 1368 1450 Capucino-

344 1472 433 1501 rum
450 1462 775 1508 nuncupatorum
793 1451 1031 1508 Religioso,
1062 1454 1263 1496 voluimus
1291 1454 1367 1494 ite·

349 1529 443 1560 rum
460 1517 519 1558 Te
534 1513 673 1556 nostris
689 1513 834 1555 litteris
855 1512 1023 1555 salutare
1049 1541 1063 1565 ‚
1103 1514 1143 1554 δε
1161 1510 1366 1564 Apostoli-

346 1588 435 1618 cam
466 1571 787 1618 benedictionem
804 1571 898 1614 Tibi
924 1571 1122 1622 impartiri
1149 1601 1161 1612 .
1186 1573 1288 1629 Qae
1317 1567 1367 1612 ad

345 1647 433 1678 rem
448 1629 798 1683 sunt,Chariffimo
808 1631 846 1672 in
857 1629 1018 1673 Christo
1032 1630 1134 1671 Pilio
1147 1631 1293 1677 nostro,
1309 1628 1368 1670 Si-

343 1690 558 1750 gismundo
575 1719 589 1742 ,
614 1687 794 1732 Poloniae
817 1714 831 1737 ³
866 1701 911 1730 ac
927 1688 1077 1730 Sveciae
1098 1689 1202 1743 Regi
1225 1687 1365 1729 scribi-

342 1764 458 1795 mus.
487 1752 547 1792 Ea
562 1748 713 1804 igitur,
739 1746 885 1803 exejus
902 1746 1141 1801 Maiestate,
1166 1744 1363 1798 &exipso

345 1808 565 1853 Valeriano
588 1807 804 1862 cognosces
823 1834 834 1846 .
861 1806 1058 1847 Dominus
1073 1817 1141 1848 tua
1157 1807 1260 1847 bene
1275 1819 1361 1846 coe-

339 1878 413 1926 pta
437 1865 661 1915 secundet,
689 1875 890 1920 tuumque
914 1864 1105 1907 eximium
1133 1862 1359 1907 Catholicae

337 1924 571 1981 Religionis
590 1925 724 1966 zelum
739 1923 894 1965 coelesti
910 1921 1048 1965 favore
1067 1921 1356 1977 prosequatur.

340 1989 493 2030 Datum
519 1985 660 2027 Romae
684 1982 787 2037 apud
815 1983 996 2024 Sanctam
1028 1982 1198 2023 Mariam
1227 1978 1358 2035 Majo-

341 2059 430 2089 rem
456 2043 525 2087 sub
552 2042 711 2085 Annulo
728 2040 942 2083 Piscatoris
977 2039 1044 2082 die
1060 2054 1133 2082 xvi
1150 2054 1181 2082 1.
1202 2039 1357 2094 Aprilis
1411 2070 1414 2073 Δ

340 2116 514 2147 Μοεκνι
527 2098 828 2144 1-Pontificatus
842 2098 961 2141 nostri
976 2113 1084 2143 anno
1098 2099 1354 2143 duodecimo.

397 2223 461 2263 Ex
471 2218 642 2263 Archivo
658 2217 707 2266 ἐς
719 2216 1092 2278 Iocopraediflisfol.
1098 2221 1195 2271 305.

745 2355 1348 2374 *—·——-*

619 2453 1071 2497 DECRETO

404 2573 441 2623 S
442 2571 796 2640 ‚Congregationis
811 2571 860 2620 de
871 2569 1154 2638 ‘Propaganda
1171 2569 1276 2619 Fide

450 2691 456 2697 Δ,
489 2641 643 2692 habita
656 2641 724 2691 die
745 2660 768 2690 2
779 2661 826 2692 0.
842 2641 1015 2708 Aprilis
1041 2650 1188 2691 1626.

325 2772 462 2841 ⁸Regi
483 2769 681 2820 Poloniae
697 2805 712 2828 ,
744 2774 820 2819 Fr.
835 2771 1134 2819 Valerianum
1167 2773 1212 2820 in
1228 2770 1344 2821 illud

265 2874 271 2877 -
330 2848 550 2910 Regnum
567 2841 690 2889 mitti
708 2858 798 2890 non
817 2838 936 2908 posse
954 2839 1119 2900 scribi,
1152 2840 1201 2895 ὅ(
1218 2841 1262 2894 se
1274 2861 1344 2894 ex-

331 2913 476 2965 cusari
485 2910 669 2975 jubetur
687 2947 701 2961 .

419 3038 655 3097 Ignificante
679 3039 916 3096 Apostolico
943 3040 1122 3085 Poloniae
1150 3041 1307 3086 Nuntio
1329 3045 1346 3092 ς

437 3103 593 3154 Regem
619 3113 703 3143 non
734 3098 860 3141 solum
898 3101 1240 3145 introductionem
1270 3101 1346 3142 Fa-

329 3173 442 3203 trum
459 3160 761 3213 Capucinorum
777 3159 816 3201 in
830 3158 930 3202 illud
950 3162 1134 3214 Regnum
1148 3161 1349 3217 approba-

331 3234 377 3264 re
388 3247 401 3271 ‚
417 3218 483 3260 sed
499 3219 624 3260 etiarn
643 3215 897 3274 summopere
909 3219 1019 3261 illam
1034 3231 1230 3276 exoptare
1247 3247 1262 3269 ‚
1276 3230 1350 3273 pe-

330 3289 529 3333 tatque,
554 3287 599 3319 ut
615 3277 727 3319 inter
742 3278 890 3331 primos
906 3280 1132 3332 Capucinos
1147 3280 1244 3321 illuc
1260 3276 1353 3319 mit-

329 3337 478 3381 tendos
496 3339 564 3379 Fr·
579 3335 819 3384 Valerianus
838 3340 1023 3393 Magnus,
1038 3339 1232 3382 Bobemiae
1247 3339 1351 3387 Pro-

332 3396 515 3442 vincialis
532 3424 546 3446 ‚
575 3407 861 3437 annumeretur
883 3425 899 3449 ,
923 3399 1042 3439 Sacra
1069 3395 1350 3455 Congregatio

331 3455 384 3500 ad
411 3454 650 3499 relationem
668 3453 918 3497 Illustriffimi
931 3455 1160 3499 Cardinalis
1179 3452 1349 3499 Bandini

334 3515 545 3566 decrevit,
570 3524 614 3555 ut
635 3514 842 3569 sequitur:

393 3573 530 3617 Primo
544 3602 555 3614 .
571 3572 694 3629 Quod
709 3583 852 3628 agatur
865 3587 956 3616 cum
971 3574 1246 3617 Procuratore
1261 3575 1350 3615 Ge*

331 3633 462 3679 net-ali
489 3633 790 3688 Capucinorum
813 3662 828 3685 ‚
856 3642 901 3675 ut
926 3635 1091 3675 Fratres
1113 3631 1345 3676 suiOrdinis

332 3690 516 3737 doctrina
532 3720 545 3743 ,
567 3691 773 3744 moribus,
797 3692 1014 3747 prudentia
1032 3702 1057 3742 ‚·
1073 3693 1112 3733 δι
1137 3690 1346 3745 disciplina

328 3751 504 3810 regulari
528 3752 753 3806 praestantes
779 3777 794 3800 ‚
817 3762 914 3809 quot
933 3748 1170 3795 neceffarios
1185 3747 1260 3792 eil'e
1287 3748 1348 3806 ju—

329 3810 527 3870 dicaverit
557 3838 573 3862 ,
616 3810 741 3866 eligat
764 3836 779 3862 ,
805 3810 963 3868 'eosque
988 3812 1027 3854 in
1054 3810 1269 3868 Poloniam
1294 3806 1347 3850 ad

1134 186 1685 278 Provincia

1428 339 1553 371 unum
1581 329 1646 372 vel
1676 325 1814 380 plures
1827 325 2069 369 Conventus
2089 326 2313 374 fundandos
2330 334 2344 383 ᾖ
2371 333 2441 375 ubi

1426 387 1618 443 praedit‘to
1631 387 1734 440 Regi
1749 383 1944 439 placuerit
1959 409 1973 431 a
1986 391 2274 441 quamprimum
2290 392 2440 434 mittat.

1486 444 1675 488 Secundo
1694 473 1705 484 .
1731 443 1853 500 Qod
1870 443 1974 485 inter
1988 457 2058 485 eos
2072 469 2086 492 2
2115 447 2181 500 qui
2196 449 2441 501 mittentur,

1425 504 1555 547 dietus
1574 506 1638 546 Pr.
1657 503 1892 545 Valerianus
1907 515 1988 544 non
2002 515 2326 560 connumeretur,
2339 510 2434 565 quia

1424 565 1504 619 ipse
1519 563 1629 618 juxta
1649 566 1819 604 Decreta
1836 588 1850 610 ‚
1863 560 1963 603 alias
1993 559 2094 603 faeta
2107 589 2122 611 ,
2149 576 2222 617 pro
2238 566 2347 609 Fidei
2362 571 2442 611 Ca-

1425 622 1586 665 tholicae
1615 621 1960 676 propagationem
1976 620 2165 663 Bohemia
2183 619 2441 669 nlustriffimo

1426 683 1604 723 Domino
1619 679 1830 723 cardinali
1855 680 1906 722 de
1923 679 2108 721 Harrach
2124 707 2138 730 ‚
2163 680 2345 735 Pragenfi
2361 686 2442 727 Ar.

1424 737 1682 794 chiepiscopo
1697 766 1711 786 2
1742 740 1810 795 qui
1824 739 1908 795 ejus
1925 752 2047 795 opera
2061 764 2076 786 s
2102 739 2139 779 &
2157 741 2323 783 consilio
2335 742 2440 785 indl-

1424 809 1522 854 get,
1546 797 1718 841 affistere
1735 801 1886 841 debet.

1485 858 1629 898 Tertio
1644 887 1655 898 .
1669 860 1789 917 Qod
1808 857 1998 901 scribatur
2014 858 2172 900 Nuntio
2183 858 2442 910 Poloniae,ut

1423 915 1530 970 apud
1550 919 1703 970 Regem
1721 923 1763 964 5.,
1778 918 2151 972 Congregationem
2166 917 2328 961 excuset
2345 947 2359 970 ‚
2384 917 2409 959 fi
2425 945 2441 969 ,

1422 974 1555 1017 donec
1574 976 1636 1016 Fr.
1651 975 1858 1018 Valeriani
1874 989 1995 1030 opera
2012 977 2223 1020 neceffaria
2237 976 2346 1020 estin
2363 978 2444 1018 Bo-

1426 1033 1555 1075 hemia
1566 1063 1581 1084 ,
1595 1034 1679 1089 ejus
1693 1034 1892 1077 defiderio
1906 1031 2136 1077 satisfacere
2147 1038 2315 1092 nequit,
2328 1037 2441 1077 Eun·
2523 1052 2524 1055 ¹

1424 1091 1597 1147 demque
1616 1095 1769 1149 Regem
1801 1094 2022 1136 certiorem
2042 1094 2189 1138 reddat
2203 1122 2218 1146 ‚
2242 1093 2350 1151 quod
2366 1098 2441 1137 Su-

1423 1154 1604 1207 periores
1615 1153 1917 1205 Capucinorum
1935 1154 2132 1194 mandatis
2147 1156 2185 1195 S.
2200 1158 2441 1209 Congrega-

1424 1211 1542 1252 tionis
1557 1210 1884 1265 obtemperantes
1899 1238 1913 1260 ‚
1930 1210 2161 1266 Religiosos
2179 1213 2357 1268 optimos
2372 1237 2386 1259 ‚
2399 1213 2439 1253 &

1428 1267 1616 1324 praedicto
1640 1270 1705 1311 Fr.
1724 1267 1943 1311 Valeriano
1969 1281 2050 1312 non
2072 1268 2284 1314 inferiores
2302 1297 2318 1321 2
2339 1269 2437 1313 illuc

1427 1329 1501 1369 smt
1516 1324 1661 1370 missuri
1675 1356 1687 1368 .

1706 1446 2097 1517 Card.Ludov3'fius
2112 1446 2336 1515 PrqfiHus
2352 1485 2365 1499 .
2415 1429 2418 1491 ᾗ

1428 1565 1489 1607 Ex
1502 1565 1672 1608 Archivo
1688 1569 1729 1607 s.
1745 1569 1933 1624 Congreg.
1948 1568 2068 1625 mens.
2083 1568 2131 1616 ω’
2146 1568 2373 1623 annipraed.

1423 1705 1559 1720 *-

1702 1803 2158 1846 DECRETO

1420 1919 1611 1989 Ejusdem
1638 1918 1683 1969 S.
1713 1921 2052 1990 Congregationis
2080 1923 2129 1971 de
2163 1921 2431 1992 propaganda

1590 1991 1694 2041 Fide
1709 1991 1863 2042 babttae
1882 2010 1909 2042 2
1919 1992 2094 2060 nquit}
2113 2002 2205 2043 162
2215 1999 2262 2043 8.
2414 2017 2416 2019 ·

1415 2122 1492 2170 Fr.
1516 2121 1812 2169 Valerianum
1842 2118 1868 2168 ἃ
1892 2122 2235 2172 Provincialatu
2262 2123 2433 2182 eximi,⁴

1481 2189 1531 2241 &
1554 2188 1905 2258 Archiepiscopo
1927 2191 2194 2260 Pragenfiin
2208 2191 2337 2243 fidei
2355 2194 2433 2242 ne'-

1478 2262 1618 2330 gotiis
1635 2259 1830 2311 affistere
1847 2260 2043 2312 sancitur
2056 2299 2071 2312 .
2412 2259 2415 2268 ’

1493 2393 1597 2433 Aera
1626 2390 1907 2446 Congregatio
1928 2418 1943 2442 ,
1970 2390 2218 2433 Sanctiffimo
2245 2391 2428 2435 Domino

1510 2448 1645 2491 nostro
1671 2452 1949 2504 approbante,
1974 2449 2185 2494 mandavit
2207 2450 2429 2494 Illustriffi-

1406 2522 1476 2549 mo
1492 2508 1668 2550 Domino
1681 2507 1888 2550 Cardinali
1907 2508 2122 2551 Ludovifio
2137 2538 2150 2560 ,
2173 2519 2216 2551 ut
2230 2524 2323 2552 cum
2338 2513 2428 2563 Ge,-

1403 2567 1533 2610 nerali
1553 2567 1856 2620 Capueinorum
1872 2567 2042 2621 agat,de
2054 2568 2312 2611 abdicatione
2329 2571 2428 2612 Pro-

1403 2624 1641 2668 vincialatfis
1671 2626 1868 2667 Bohemiae
1891 2625 1913 2668 i
1943 2625 2114 2669 Persona
2129 2628 2282 2669 Fratris
2300 2627 2424 2670 Vale-

1402 2685 1504 2729 riani
1523 2684 1691 2738 Magni,
1718 2695 1762 2726 ut
1793 2685 1824 2725 is
1854 2687 1904 2727 ab
1918 2699 2042 2727 onere
2059 2685 2164 2727 illius
2179 2684 2302 2727 officii
2319 2686 2426 2738 libe,-

1402 2755 1514 2788 ratus
1530 2741 1642 2799 possit
1660 2745 1697 2783 in
1711 2744 1946 2798 graviffimis
1960 2745 2157 2787 Bohemiae
2177 2743 2427 2799 negotiis,ad

1405 2803 1527 2847 fidem
1542 2801 1802 2844 Catholicam
1829 2805 1866 2843 in
1889 2816 1940 2843 eo
1962 2805 2110 2856 Regno
2125 2802 2426 2857 propagandam

1405 2862 1755 2919 pertinentibus‚A
1763 2859 2225 2916 rchiepiscopoPragenfi
2236 2859 2426 2915 assistere,

1407 2922 1546 2980 illique
1562 2918 1728 2962 confilio
1751 2921 1791 2961 δι
1804 2933 1927 2975 opera
1942 2919 2136 2962 inservire
2151 2948 2164 2961 .

1551 3042 1613 3084 Ex
1627 3037 1749 3082 Arcb.
1766 3041 1910 3080 secret.
1928 3041 1967 3079 s.
1981 3040 2170 3094 congreg.
2183 3037 2317 3094 menst's
2328 3065 2343 3091 ,
2370 3037 2419 3086 θ’

1636 3100 1731 3142 anm·
1747 3096 2051 3155 prediti'orumg

2254 3867 2353 3908 DE-
