2638 4204
415 218 581 330 196
1120 211 1681 304 Provincia

348 351 522 389 advertit.
548 360 606 387 eas
619 357 732 384 tamen
743 347 762 384 ἱ
781 348 935 387 Diabolo
949 351 991 388 ad
1004 350 1178 396 angustias
1190 351 1421 395 reda&um,ut
1433 350 1529 387 miser
1551 350 1693 388 verbum
1711 350 1934 388 Abrenuntio
1947 354 2097 399 proferre
2106 358 2198 398 haud
2212 361 2332 408 poli'et.
2347 365 2430 400 Du-

348 401 443 438 &um
456 400 535 436 inde
552 399 587 435 in
596 397 691 434 aliud
704 398 898 437 cubiculum
910 423 924 443 ,
946 401 1119 438 Fratribus
1132 400 1233 437 sociis
1250 400 1284 436 in
1299 402 1412 448 primo
1428 411 1545 445 preces
1561 399 1635 436 suas
1649 400 1936 447 prosequentibus
1950 424 1963 440 ,
1989 413 2104 440 coram
2114 407 2286 448 Crucifixi
2303 412 2431 457 imagi·

348 461 394 486 ne
419 448 522 492 sistit,
545 459 584 484 ac
607 446 745 483 veniam
765 447 801 485 8(
827 448 976 496 gratiam
1000 458 1114 497 petere
1135 449 1264 499 juber.
1295 448 1475 486 invalescit
1498 460 1617 486 contra
1638 449 1710 485 orci
1728 449 1900 484 molimina
1934 449 2055 487 divina
2067 454 2177 497 gratia
2193 479 2206 500 ,
2225 469 2429 506 cooperatur

345 499 516 583 {aceruos
529 520 542 540 ,
561 495 598 532 &
619 493 754 533 solutus
765 495 802 532 in
821 498 1035 547 lachrymas,
1049 501 1175 536 crimen
1190 520 1203 543 ,
1230 499 1328 545 quod
1352 497 1485 535 seviore
1512 498 1731 545 postmodum
1756 498 1956 546 innitentia
1988 500 2170 547 castigavit
2183 525 2197 548 ,
2220 505 2399 546 detestatur
2415 533 2428 556 ‚

398 555 579 584 execratur
593 571 601 580 .

446 593 618 632 Vindices
630 592 712 630 exin
727 593 987 633 Sethanoonrra
998 595 1219 631 Valerianum
1232 597 1395 642 concepit
1413 595 1480 634 iras
1494 618 1508 639 ,
1528 596 1564 632 8(
1582 596 1664 632 dirae
1679 595 1934 643 persecutionis
1958 597 2130 634 turbinem
2152 598 2187 635 in
2203 599 2403 646 Magnetum
2415 629 2429 651 ,

344 645 605 689 Procerumque
630 642 750 680 animis
769 655 887 681 contra
905 657 984 682 eum
1008 645 1219 681 concitavitt
1245 643 1414 681 invaserat
1438 658 1483 682 eo
1509 653 1664 691 ternpore
1681 646 1798 682 Turca
1816 645 1982 690 Regnum
2008 647 2174 684 Candiae.
2199 648 2343 697 Cydona
2365 653 2428 692 sug

343 691 507 743 potestati
523 692 596 740 jam
617 690 752 730 subal-‘ta
765 717 777 736 ‚
803 693 882 729 inde
900 693 981 730 dum
998 694 1132 730 Orator
1154 693 1309 731 Venetus
1322 718 1335 737 ,
1362 704 1437 730 tum
1462 703 1524 741 pro
1539 692 1597 728 sua
1610 717 1623 736 ,
1654 703 1726 730 tum
1755 705 1818 741 pro
1844 704 1920 730 tota
1944 695 2135 732 christiana
2153 697 2344 743 Republica
2362 701 2429 741 in..

343 743 438 780 Aula
468 740 579 788 Regis
604 739 778 788 suppetias
806 741 905 788 petiit
919 768 929 782 ,
950 742 1005 778 hic
1031 753 1204 789 partarum
1227 741 1453 779 viftoriarum
1476 742 1640 778 memoris
1652 742 1841 780 stimulatus
1854 767 1866 787 ,
1885 754 1943 780 eas
1964 744 2188 790 adpromisit,
2210 745 2424 796 militemque

341 788 535 837 conscripsit
548 812 561 832 ,
587 801 628 825 ex
652 800 747 837 parte
764 791 958 834 Rurheniae,
969 791 1051 827 sines
1067 791 1224 829 Thraeiae
1234 791 1445 836 aggressurus
1457 818 1467 833 ‚
1491 790 1525 826 &
1539 801 1586 826 ex
1606 801 1695 837 parte
1710 791 1926 828 Boristhensis
1942 793 2097 830 Axiacas
2112 794 2170 830 seu
2182 794 2359 833 Cosachos
2379 798 2426 835 nd

340 849 484 888 pontum
498 837 682 874 Euximum
697 850 761 885 pro
772 840 1181 877 divertendisTurcarum
1197 840 1327 876 viribus
1340 839 1496 876 missurus
1522 840 1598 876 Rex
1613 849 1649 875 ut
1661 839 1837 876 consilium
1849 841 1986 878 felicibs
2001 843 2425 886 succederetffiranciscum

339 889 383 925 de
397 887 540 936 Magnis
556 912 569 931 ‚
593 887 769 923 Comitem
790 888 825 924 in
838 889 1008 925 Strasnitz
1020 913 1033 932 ,
1059 888 1234 925 Valeriani
1250 888 1399 925 Fratrem
1416 889 1459 924 ad
1475 890 1656 924 Summum
1684 888 1884 927 Pontificem
1896 913 1910 933 ,
1945 891 2196 928 serenissimam
2216 892 2432 939 Rempubli-·

340 948 412 974 cam
426 937 600 974 Venetam
612 958 627 979 ,
651 936 806 984 aliosque
823 937 927 974 ltaliae
942 936 1118 984 Principes
1143 937 1318 982 ablegavit
1335 960 1347 978 .
1368 937 1426 972 ubi
1452 937 1577 973 sortem
1603 937 1639 974 8(
1655 936 1774 974 statum
1789 940 1872 975 belli
1891 940 1946 975 ‚ea
1961 964 1971 981 ‚
1992 951 2059 986 qua
2084 941 2237 987 pollebat
2249 965 2262 985 ,
2287 941 2425 986 sagacia

321 985 525 1030 ’τι-ιέὶεινίε,
548 985 766 1022 Sereniffima
782 985 1004 1023 Venetorum
1033 986 1229 1033 Republica
1252 997 1412 1032 magnum
1446 987 1518 1022 auri
1542 987 1676 1032 pondus
1703 988 1840 1024 Polono
1859 988 1961 1023 militi
1984 989 2252 1034 adpromittente
2268 1014 2279 1022 .
2312 991 2431 1028 Laetus

334 1034 412 1071 inde
428 1036 472 1072 ad
487 1035 616 1071 Aulam
639 1034 787 1080 Regiam
806 1034 907 1071 rediit
920 1056 934 1079 ‚
958 1035 1018 1071 ubi
1031 1035 1112 1071 dum
1126 1046 1339 1071 communem
1353 1035 1557 1080 applausum
1573 1033 1720 1082 sperabat
1731 1059 1744 1080 ,
1769 1035 1954 1081 expeditio
1980 1037 2056 1085 ejus
2072 1038 2092 1072 a
2106 1038 2310 1075 Proceribus
2324 1062 2338 1083 ,
2362 1050 2428 1076 ceu

338 1082 447 1133 pastis
461 1082 570 1128 Regni
585 1083 757 1120 contraria
768 1082 939 1120 exsibilita
951 1082 1000 1120 est
1013 1106 1027 1127 ,
1052 1082 1181 1130 fuitque
1198 1083 1282 1130 lapis
1301 1082 1497 1121 offensionis
1515 1109 1526 1127 ,
1555 1085 1652 1132 quod
1667 1096 1760 1129 petra
1778 1085 1915 1121 virtutis
1927 1087 2130 1122 credebatur
2142 1110 2156 1122 .
2182 1088 2219 1123 ln
2235 1087 2308 1124 dies
2333 1088 2420 1124 Pro-

336 1144 449 1170 cerum
463 1130 575 1170 crevit
587 1131 746 1177 aversio,
767 1132 810 1168 ad
826 1131 1048 1169 Valerianum
1061 1131 1208 1168 extensa
1224 1154 1237 1173 ,
1263 1143 1364 1177 quem
1382 1133 1462 1168 dum
1479 1135 1576 1177 Regii
1606 1132 1736 1169 consilii
1750 1133 1937 1169 Austorem
1950 1145 2120 1170 noverant
2132 1159 2145 1179 ‚
2166 1135 2263 1171 illum
2289 1138 2309 1174 e
2334 1145 2415 1173 toto

338 1182 463 1227 Regno
474 1190 659 1219 extorrem
673 1182 859 1218 voluerunt
873 1205 887 1224 ‚
909 1179 948 1217 in
962 1180 1056 1228 pacis
1071 1179 1135 1216 suae
1155 1179 1298 1226 possessu
1314 1181 1486 1217 molestari
1520 1183 1694 1217 nolentes.
1722 1183 1884 1226 Iniuriam
1898 1204 1910 1224 ‚
1934 1185 2002 1229 qua
2028 1185 2154 1219 collata
2182 1185 2338 1222 Poloniae
2361 1185 2419 1221 be-

331 1231 453 1268 neficia
464 1228 673 1276 compensari
690 1230 793 1274 vidit,
807 1241 906 1276 aequo
920 1228 1039 1266 animo
1050 1229 1106 1267 hic
1120 1230 1216 1274 tulit,
1229 1229 1263 1264 &
1275 1229 1424 1265 funestos
1437 1228 1594 1273 effeetus,
1610 1230 1672 1277 qui
1686 1230 1817 1274 Regno
1835 1241 1879 1266 ex
1900 1230 2047 1267 subsidio
2060 1254 2074 1275 ‚
2094 1231 2308 1278 periclitanti
2321 1233 2426 1270 ltaliae

332 1278 369 1316 &
385 1281 434 1315 rei
449 1278 632 1316 christianae
648 1279 816 1324 denegato
838 1277 1081 1321 imminebant,
1104 1289 1174 1314 non
1185 1277 1263 1324 capi
1278 1278 1449 1314 indoluit.

432 1329 510 1365 Rex
525 1329 610 1364 Eum
628 1328 767 1375 quidem
780 1352 791 1370 ‚
813 1337 887 1364 utut
901 1329 920 1363 a
936 1327 1095 1374 pluribus
1108 1326 1195 1364 male
1208 1327 1317 1363 visum
1331 1351 1344 1371 ,
1357 1327 1390 1362 in
1407 1330 1484 1364 aula
1501 1327 1610 1364 tenuit
1624 1350 1637 1371 ,
1660 1326 1846 1364 colleaum
1858 1337 1971 1365 autem
1996 1336 2114 1365 contra
2127 1329 2262 1366 Turcas
2276 1329 2419 1367 militem

331 1376 455 1414 dimisit
470 1400 484 1420 ,
505 1379 541 1414 8(
554 1377 730 1413 Comitem
742 1376 1025 1419 Stral'nt'censem,
1051 1376 1086 1412 in
1098 1378 1174 1413 aula
1183 1377 1337 1413 Caesarea
1350 1376 1564 1413 infidelitatis
1577 1376 1801 1412 insimulatum
1813 1401 1826 1420 ,
1839 1376 1874 1411 in
1889 1378 1928 1414 Si
1938 1376 2047 1413 lesiam
2060 1400 2067 1414 .
2082 1378 2249 1424 oppAEae
2264 1378 2299 1415 8(
2319 1378 2420 1415 Rati·

329 1425 425 1463 boris
439 1426 594 1462 Ducatui
614 1427 727 1471 Regio
742 1426 895 1462 Nomine
919 1424 1149 1472 praefidentem
1167 1425 1369 1469 ablegavit.
1398 1427 1525 1462 Acrior
1540 1427 1613 1461 inte
1624 1425 1728 1462 reain
1753 1426 1828 1462 dies
1847 1425 1959 1462 soeviit
1985 1425 2020 1462 in
2044 1426 2264 1464 haereditariis
2275 1426 2422 1464 Caesaris

331 1473 630 1560 fIJreovinciisbeslli
648 1475 807 1522 strepitus
819 1499 830 1517 ,
848 1475 884 1512 &
902 1476 1095 1513 Svecorum
1107 1473 1223 1511 furore
1254 1474 1289 1509 in
1302 1473 1486 1519 Bohemia,
1516 1474 1682 1511 Moravia
1703 1498 1716 1520 ,
1740 1475 1883 1512 Austris
1907 1475 1974 1512 &c.
1995 1475 2114 1512 omnia
2137 1475 2256 1523 susque
2278 1476 2416 1524 deque,

346 1535 368 1560 υ
394 1534 427 1559 re
449 1533 577 1559 conver
593 1534 636 1557 a.

429 1570 636 1618 Dispositis,
660 1569 917 1616 quaediaorum
930 1571 1130 1608 Ducatuum
1149 1571 1306 1617 regimini
1323 1571 1478 1618 prodesse
1507 1581 1687 1621 poterant,
1713 1572 1890 1609 Comitem
1907 1572 2171 1610 Strasnicensem
2196 1574 2238 1609 ad
2268 1573 2420 1620 Regiam

327 1621 458 1657 Aulam
480 1619 614 1664 regredi
635 1619 819 1665 oportuit,
839 1622 899 1656 ubi
916 1644 929 1663 ,
953 1629 990 1655 ut
1006 1622 1050 1655 ad
1064 1630 1177 1666 partes
1189 1621 1302 1665 Regis
1318 1621 1517 1658 Galliarum
1541 1622 1719 1665 transiret,
1748 1622 1850 1671 hujus
1863 1624 1999 1658 Orator
2014 1623 2178 1664 tentavit,
2198 1623 2230 1658 ei
2246 1624 2419 1660 Ducatum

324 1669 449 1709 Silesiae
463 1668 641 1717 proprium
654 1690 667 1709 ,
694 1667 730 1703 &
743 1669 847 1705 Fratri
861 1670 1003 1706 rubeum
1019 1668 1189 1704 Galerum
1203 1693 1212 1709 ,
1226 1669 1333 1704 toties
1359 1671 1390 1706 ei
1405 1671 1629 1715 denegatum,
1644 1671 1812 1717 pollicens
1825 1694 1835 1705 .
1862 1670 2046 1716 Appendit
2075 1671 2112 1707 in
2137 1671 2272 1709 bilance
2285 1672 2417 1708 Comes

325 1729 399 1755 tum
412 1729 513 1754 aurea
525 1715 684 1765 promissa
699 1739 712 1760 ,
736 1727 808 1753 tum
818 1728 912 1754 certa
925 1741 937 1761 ‚
959 1715 1054 1753 dieto
1070 1717 1228 1753 transitui
1242 1728 1396 1753 connexa
1414 1718 1603 1754 discrimina
1623 1742 1637 1762 ,
1662 1728 1733 1753 tum
1756 1718 1910 1754 aversum
1935 1721 1954 1753 a
1981 1720 2013 1755 se
2036 1719 2207 1764 Caesaris,
2232 1721 2267 1756 8(
2292 1718 2414 1769 Regni

326 1768 517 1805 Procerum
534 1766 709 1809 animum,
732 1765 766 1802 &
788 1766 869 1802 dum
891 1777 1068 1803 nutantem
1091 1767 1244 1802 animum
1261 1764 1393 1802 firmare
1414 1779 1483 1801 non
1499 1766 1613 1813 potuit
1628 1791 1641 1811 ,
1663 1766 1779 1803 habita
1801 1766 1930 1814 abipso
1943 1771 2098 1806 Oratore
2111 1769 2212 1805 venia
2232 1768 2418 1807 Valeriani

328 1815 512 1853 consilium
525 1814 703 1862 requisivit
719 1839 728 1848 .
755 1815 938 1861 Corripuit
955 1815 1010 1851 hic
1037 1815 1196 1851 acerbius
1215 1815 1455 1851 inconstantem
1469 1816 1595 1851 Fratris
1619 1825 1710 1860 erga
1729 1817 1898 1852 Cas'arem
1912 1816 2027 1852 fidem
2043 1843 2052 1855 ‚
2077 1816 2113 1853 8(
2135 1827 2235 1865 turpe
2251 1817 2385 1855 facinus
2401 1839 2419 1863 ,

323 1876 397 1912 quo
409 1865 443 1901 &
458 1863 597 1911 propria
614 1886 626 1906 .
646 1864 680 1900 8(
690 1863 839 1900 Familia
853 1865 1014 1909 generosa
1025 1862 1112 1899 faeta
1124 1863 1359 1900 contaminare
1370 1865 1546 1908 cogitaret
1559 1887 1571 1907 ,
1593 1863 1717 1900 fusiore
1733 1867 1882 1901 sermone
1897 1865 1929 1900 ei
1943 1865 2177 1903 demonstrans
2188 1889 2202 1910 ,
2229 1869 2392 1913 partim.-
2402 1890 2415 1910 ,

351 1914 419 1951 uod
430 1914 506 1950 fatis
518 1923 711 1959 temporum
730 1912 976 1957 indulgendum
995 1911 1032 1948 sit
1042 1936 1055 1955 ,
1081 1923 1120 1948 ur
1138 1912 1296 1957 patientia
1314 1936 1326 1955 ,
1355 1921 1407 1947 tot
1424 1912 1597 1949 affaltibus
1615 1913 1777 1950 lacessita.
1802 1914 1930 1961 majore
1950 1916 2067 1958 gloria
2089 1925 2281 1951 coronetur
2296 1938 2310 1958 ,
2330 1925 2411 1963 par·

321 1973 384 1998 tim
399 1987 411 2006 ‚
425 1964 535 2010 ·quod
553 1962 769 2009 Principatus
782 1960 899 1998 infami
912 1961 1015 1998 titulo
1027 1960 1179 2007 acquisiti
1192 1962 1251 2004 ,&
1273 1972 1425 2007 purpura
1440 1987 1449 2002 ,
1474 1961 1584 1997 venali
1601 1962 1742 2010 perfidia
1757 1965 1944 1999 maculata¹
1963 1974 2034 1998 non
2052 1963 2114 1999 sint
2132 1963 2190 1998 nisi
2214 1963 2414 2008 ignominiae

318 2010 470 2098 ¹¹³2&ss?
480 2009 1875 2108 ‘122³‘21s33²0⁶;.2232“33i212¹3353⁰:3²2sssserimslssff‘szlssffizssisssssri⁶253?
1891 2011 2416 2097 &52'2‘332'122'53‘32225‘
2464 2031 2470 2038 '

322 2120 426 2155 quem
439 2119 553 2146 tamen
564 2133 578 2152 ,
597 2109 708 2152 gratis
719 2108 863 2145 Caesaris
877 2108 912 2144 in
924 2107 1075 2145 furorem
1096 2110 1194 2146 versa
1209 2132 1222 2153 ,
1246 2107 1431 2155 repudium
1445 2107 1596 2145 Gallicae
1610 2108 1729 2154 gratiae
1741 2131 1754 2152 ,
1764 2107 1820 2144 illi
1839 2110 1860 2143 'a
1879 2109 2031 2155 quodam
2044 2107 2204 2156 Principe
2225 2084 2414 2157 exprobra:

323 2168 396 2195 tum
409 2183 422 2202 ,
450 2158 562 2194 diriits
590 2157 626 2193 8(
638 2157 770 2193 diutins
781 2157 928 2202 agitavit
943 2185 952 2194 .

411 2206 573 2244 Confuso
584 2204 650 2242 hoc
675 2209 710 2242 in
727 2206 873 2243 Polonia
888 2217 1003 2243 rerum
1024 2206 1109 2245 statu
1123 2232 1135 2251 ‚
1150 2206 1351 2244 Valerianus
1371 2205 1516 2242 Litteris
1536 2207 1573 2243 S.
1586 2204 1882 2251 Congregationis
1900 2207 1944 2243 ad
1960 2205 2207 2243 Mislionarium
2229 2205 2324 2243 Fidei
2338 2206 2412 2243 Ca-

312 2256 806 2294 tholicaecultum.Danti¹'cum
827 2255 980 2292 secedere
991 2255 1100 2303 jussus
1111 2257 1158 2294 est
1170 2281 1183 2302 ,
1207 2256 1268 2292 ubi
1284 2264 1400 2291 autem
1412 2253 1560 2291 fruftum
1574 2279 1585 2294 ,
1611 2266 1714 2302 quem
1739 2256 1890 2301 speravit
1914 2255 2092 2300 copiosum
2107 2281 2117 2294 ‚
2143 2255 2327 2302 impedivit
2342 2256 2412 2293 dis·-

311 2304 433 2343 scesius
445 2308 465 2340 ὲ
477 2305 567 2343 diaa
583 2305 693 2347 Urbe,
711 2303 765 2340 illi
781 2305 801 2339 a
816 2304 1008 2341 Catholicis
1021 2307 1116 2343 illico
1129 2307 1162 2342 in
1177 2305 1322 2352 appulsu
1337 2303 1486 2342 indictus
1500 2327 1510 2338 .
1538 2303 1681 2340 Litteras
1696 2304 2038 2348 S.Congregationis
2052 2304 2194 2339 exhibet
2214 2303 2412 2349 legitimas,

309 2353 546 2392 Mislionarios
559 2353 783 2401 Apostolicos
795 2353 814 2390 ὃ
840 2351 927 2389 locis
943 2354 1008 2390 suae
1024 2355 1192 2392 Miffionis
1210 2357 1229 2390 Ta
1249 2350 1447 2390 Catholicis
1471 2352 1553 2399 ejici
1575 2363 1647 2388 non
1662 2351 1754 2399 posse
1770 2353 1894 2397 allegat
1908 2376 1922 2395 ,
1946 2351 1982 2387 8(
2003 2352 2096 2388 Fidei
2114 2353 2278 2388 nocivum
2293 2352 2411 2390 simul-

311 2403 395 2441 tatis
410 2403 594 2440 artificium
615 2403 750 2447 ingenia
765 2402 903 2450 spiritus
916 2402 1072 2441 libertate
1087 2403 1273 2452 objurgat,
1297 2403 1382 2449 quin
1407 2402 1450 2439 ad
1464 2401 1594 2438 saniora
1617 2403 1817 2445 reduceret,
1841 2402 1902 2450 qui
1928 2401 2052 2438 dolose
2074 2411 2196 2437 contra
2219 2412 2300 2436 eum
2323 2412 2410 2446 ages

311 2453 393 2490 bant
408 2480 416 2490 .
444 2451 642 2488 Humaniits
657 2451 756 2486 illum
774 2452 968 2488 Acatholt'ci
987 2452 1035 2488 ibi
1047 2461 1257 2499 exceperunt
1271 2477 1282 2493 ,
1311 2452 1348 2488 &
1362 2451 1449 2489 ficut
1471 2451 1519 2487 ob
1532 2450 1646 2486 vivam
1658 2450 1808 2487 nominis
1822 2451 1916 2487 illius
1932 2473 1943 2491 ‚
1969 2449 2003 2486 8(
2019 2449 2138 2486 habitae
2152 2461 2233 2487 cum
2250 2450 2411 2498 Nigrino

309 2501 551 2548 disputationis
564 2501 760 2536 memoriam
784 2499 844 2536 fibi
861 2499 903 2536 de
923 2499 1019 2537 illius
1033 2502 1185 2538 adventu
1195 2500 1474 2546 gratulabantur,
1500 2500 1548 2536 ita
1560 2522 1575 2543 ‚
1600 2500 1644 2535 ad
1665 2512 1745 2536 eum
1770 2500 1813 2535 de
1829 2499 2078 2544 philosophicis
2092 2523 2104 2542 ,
2130 2499 2381 2536 Mathematicis
2393 2523 2408 2544 ,

309 2562 352 2588 ac
368 2549 549 2587 Polemicis
561 2548 710 2586 scientiis
719 2548 931 2586 differentem
955 2551 1162 2586 audiendum
1180 2551 1350 2586 turmatim
1367 2549 1609 2586 confluxerunt
1628 2573 1641 2589 ,
1665 2561 1812 2596 eumque
1831 2547 1892 2584 sibi
1914 2548 2133 2592 Magistratus
2149 2548 2346 2584 conciliavit
2356 2548 2397 2585 as
2406 2567 2410 2575 ·

305 2596 435 2637 sectum
448 2622 461 2643 ,
487 2608 524 2634 ut
538 2599 579 2634 de
592 2597 800 2634 instituendo
808 2596 986 2641 congressu
1000 2623 1009 2638 ‚
1031 2598 1064 2633 in
1076 2611 1147 2646 quo
1160 2599 1315 2643 articuli,
1334 2598 1622 2635 Acatholicorum
1634 2599 1677 2634 ad
1689 2598 1806 2635 fidem
1826 2599 2019 2633 Romanum
2034 2596 2213 2642 regressum
2224 2596 2407 2643 impedien.

309 2658 372 2691 tes,
390 2647 534 2684 concitis
545 2658 590 2683 ex
602 2656 748 2693 utraque
767 2657 862 2693 parte
877 2645 1072 2692 Theologis
1085 2647 1337 2685 discuterentur
1348 2670 1361 2690 ,
1376 2647 1611 2684 decretorium
1624 2645 1819 2684 consensum
1837 2647 2048 2693 praestiterit,
2072 2647 2107 2682 8(
2121 2647 2268 2690 joannes
2283 2645 2406 2683 ssotsa-

304 2709 366 2734 cus
381 2697 623 2744 preliminarem
632 2693 706 2742 jam
716 2695 877 2731 habuerit
888 2706 965 2731 cum
977 2707 1022 2732 eo
1035 2695 1221 2733 discursum
1230 2695 1382 2744 inspecta
1395 2707 1507 2734 tamen
1517 2706 1712 2744 temporum
1722 2695 1795 2733 crisi
1805 2696 1930 2732 dutum
1944 2694 2002 2731 fibi
2018 2695 2184 2735 iudicavit
2200 2695 2235 2729 in
2250 2705 2408 2737 arenam,

306 2745 343 2783 in
355 2758 424 2794 qua
438 2745 639 2781 Catholicos
654 2742 748 2789 ipsos
762 2766 775 2786 ,
801 2744 953 2791 potiores
966 2743 1080 2782 hostes
1098 2744 1163 2782 esse
1184 2746 1343 2792 pra-,vidit
1357 2770 1370 2790 ,
1391 2745 1619 2783 conscendere
1634 2769 1647 2789 ‚
1671 2747 1749 2781 inde
1769 2746 1904 2781 elevata
1929 2745 1972 2779 ad
1985 2743 2127 2779 Coelum
2143 2743 2227 2779 facie
2241 2743 2406 2791 deplora·

306 2796 362 2833 vit
375 2794 517 2840 inopina
529 2792 596 2828 fata
610 2819 620 2834 ‚
644 2792 681 2829 8(
697 2802 790 2828 anno
804 2791 988 2828 millesimo
999 2793 1252 2832 sexcentesimo
1267 2794 1530 2842 quadragesimo
1542 2793 1673 2831 οᾶὶανο
1685 2794 1857 2830 Viennam
1876 2791 2005 2828 receffit
2017 2817 2026 2828 .

409 2840 477 2879 Vix
499 2842 554 2878 hic
569 2842 761 2890 jucundum
776 2839 965 2878 studiorum
981 2843 1120 2878 suornm
1136 2843 1288 2879 laborem
1300 2844 1453 2891 incepit,
1480 2842 1611 2879 felicior
1623 2841 1807 2879 exercendi
1835 2842 1903 2878 zeli
1928 2841 1995 2877 sese
2017 2841 2144 2877 obtulit
2156 2840 2210 2877 illi
2234 2839 2368 2878 occafio
2382 2863 2398 2885 ,

303 2892 488 2933 conversio
503 2891 663 2927 videlicet
674 2889 879 2927 Sereniflimi
892 2889 1061 2937 Principis
1077 2891 1203 2928 Ernesti
1217 2916 1231 2936 ‚
1259 2893 1381 2928 l-lasliae
1391 2892 1600 2936 landgravii
1609 2914 1622 2934 ,
1649 2891 1789 2927 Calvini
1804 2889 1891 2926 ίὲὸὶέι
1906 2890 2060 2937 polluti,
2078 2901 2207 2927 aeternae
2227 2890 2399 2927 memorio

306 2942 407 2980 laude
420 2941 524 2988 digna
540 2967 548 2975 .
576 2941 608 2975 A
625 2938 784 2976 veritatis
805 2937 940 2975 tramite
949 2950 990 2974 ne
1000 2940 1034 2975 in
1046 2939 1141 2976 illius
1150 2940 1310 2977 relatione
1323 2940 1523 2983 deflectam,
1549 2951 1625 2976 eam
1642 2939 1718 2984 ipsis
1733 2939 1850 2976 verbis
1865 2964 1877 2982 ,
1902 2940 2030 2988 quibus
2042 2939 2086 2975 ad
2100 2939 2303 2976 Amicorum
2319 2949 2402 2985 pre·

305 3003 364 3030 ces
378 2989 449 3038 ipse
477 2990 515 3025 P.
531 2987 733 3023 Valerianus
754 2987 956 3033 descriptam
974 2987 1035 3023 reli
1063 2988 1136 3031 uir,
1159 3000 1312 3032 enarro,
1338 3001 1376 3025 ur
1386 2988 1564 3037 sequitur:

404 3038 527 3076 vinno
543 3036 698 3072 ‘Domini
717 3038 816 3083 1650.
839 3048 899 3084 ego
912 3033 971 3072 Fr.
989 3000 1202 3074 Valerianus
1225 3036 1488 3087 Mediolanensi}
1508 3037 1648 3085 agebam
1668 3034 1810 3074 Viennae
1837 3037 1992 3073 omnibus
2011 3034 2136 3084 procul
2160 3035 2306 3083 negotiis
2319 3058 2333 3079 ,
2357 3035 2401 3078 ὁ·

304 3088 366 3128 Mi
387 3088 518 3125 ionibus
535 3083 752 3135 Apostolicis,
779 3097 855 3121 cum
869 3084 1036 3135 Princeps
1050 3086 1317 3124 Piccolomineur
1329 3086 1436 3145 mense
1449 3085 1608 3123 OHobrir
1631 3085 1685 3134 (fi
1694 3086 1780 3123 bene
1794 3086 1952 3130 memini)
1967 3083 2179 3134 fignificavit
2189 3084 2274 3121 mihi·
2286 3083 2399 3134 adesse

304 3138 345 3174 in
407 3137 501 3184 saris
523 3133 604 3170 aula
618 3133 814 3182 Principem
825 3134 994 3181 quendam
1006 3158 1019 3178 ‚
1047 3135 1181 3185 Hassiae
1196 3135 1461 3184 Landgravmm
1479 3159 1491 3178 ,
1516 3134 1713 3171 haereticum
1726 3156 1740 3176 ,
1769 3134 1832 3181 qui
1845 3145 1971 3170 mecum
1990 3144 2052 3170 con
2068 3145 2145 3170 erre
2168 3132 2372 3183 desideraret
2385 3157 2398 3178 ‚

304 3186 415 3224 dubia
428 3184 579 3233 quaedam
592 3208 605 3228 ,
634 3181 846 3230 Religionem
858 3185 1098 3221 concernentia
1115 3193 1178 3233 pro
1201 3186 1344 3235 ofiturur
1357 3207 1371 3228 ,
1404 3182 1550 3227 proinde
1567 3194 1617 3219 me
1630 3182 1776 3231 rogabat
1787 3205 1800 3227 ,
1825 3183 1918 3220 utin
1939 3193 2013 3219 eum
2061 3193 2134 3219 nem
2151 3182 2265 3230 secum
2281 3180 2400 3220 vellem

300 3234 491 3285 prandium
508 3233 645 3282 sumere
658 3256 671 3276 ,
695 3230 904 3279 eundemque
917 3232 1116 3282 Principem
1134 3193 1263 3282 allgqua·
1277 3257 1291 3278 ,
1317 3235 1374 3271 uti
1388 3232 1519 3281 faffiem
1538 3230 1581 3282 est
1594 3230 1714 3268 multis
1737 3242 1779 3269 ex
1796 3230 2021 3280 Magnalibur
2028 3232 2253 3281 praesentibus
2266 3256 2280 3275 ,
2304 3232 2399 3268 inter

330 3294 391 3321 nor
405 3283 501 3321 ‘DD-
519 3283 635 3320 Comes
656 3279 919 3322 montecucoli
934 3305 946 3324 ,
971 3282 1088 3320 Comes
1102 3284 1288 3321 Strozzius
1311 3282 1355 3324 ὼ·
1365 3282 1456 3319 alii.
1481 3281 1753 3329 Argumentatio
1765 3293 1838 3318 mea
1853 3292 1929 3318 cnm
1945 3280 2090 3329 praefato
2105 3280 2279 3328 Principe
2291 3288 2398 3317 tran-

294 3295 358 3383 flit
371 3343 447 3369 cum
457 3331 619 3381 applausu
636 3331 741 3369 totius
760 3327 862 3367 Aula
873 3329 993 3379 ,cujus
1004 3331 1100 3381 tester
1125 3330 1186 3384 effe
1204 3328 1339 3382 poffunt
1357 3342 1469 3368 omnes
1483 3352 1496 3374 ,
1519 3331 1582 3379 qui
1596 3329 1765 3368 aderant.
1790 3330 1867 3380 Post
1885 3329 1963 3366 illas
1975 3328 2204 3378 conferentias
2217 3329 2264 3366 D.
2280 3328 2398 3366 Comes

305 3382 489 3422 Strozzius
499 3393 549 3418 me
561 3380 737 3417 invitavit
747 3380 786 3415 in
797 3377 962 3430 posterum
972 3379 1060 3416 diem
1075 3381 1121 3417 ad
1126 3380 1356 3430 pranAEquni
1365 3378 1676 3422 mibi'renuenti,eo
1687 3378 1778 3427 qnod
1789 3390 1858 3415 non
1867 3377 1946 3430 effic
1956 3379 2022 3415 mei
2031 3374 2208 3422 moris-,vel
2215 3376 2307 3426 apud
2314 3376 2399 3424 ipsos

306 3441 391 3469 meos
403 3431 590 3467 Germanos
602 3428 743 3467 Fratres
757 3437 858 3465 extra
874 3428 1119 3478 Monasterium
1136 3431 1306 3469 comedere
1320 3454 1332 3474 ‚
1355 3427 1496 3477 confidit
1506 3428 1576 3478 sub
1589 3427 1662 3476 rofiz
1674 3451 1687 3471 ,
1698 3427 1935 3477 requist'tumse
1946 3428 2007 3476 fui
2031 3438 2049 3462 e
2070 3425 2092 3462 ἃ
2106 3427 2264 3463 ‘Domino
2276 3424 2396 3462 Land-

350 3481 430 3517 avt'o
442 3480 488 3515 ad
506 3492 556 3517 me
576 3478 803 3517 invitandum
818 3503 828 3515 η
843 3477 1010 3526 fiqm'dem
1032 3480 1075 3519 ὼ·
1094 3481 1162 3529 ipse
1184 3476 1342 3531 intereſje
1359 3478 1463 3517 vellet
1477 3502 1490 3522 ‚
1515 3487 1557 3514 nt
1584 3477 1650 3514 tali
1675 3483 1715 3523 op
1738 3476 1931 3512 ortunitare
1963 3486 1988 3526 p
2002 3486 2069 3512 nra
2089 3486 2217 3511 mecum
2237 3473 2394 3523 conferre

298 3526 423 3580 pfft-
451 3529 504 3566 Ita
511 3529 640 3577 faiium
658 3527 701 3578 est
714 3555 722 3565 .
748 3527 916 3577 Absoluta
925 3527 1077 3574 prandio
1088 3552 1100 3572 ‚
1118 3530 1284 3578 Princeps
1296 3531 1336 3565 in
1346 3528 1506 3566 conclave
1520 3525 1688 3574 quoddam
1716 3533 1859 3560 emotum
1872 3523 2043 3572 mecumse
2059 3523 2206 3573 recepit,
2230 3522 2395 3579 abisam·

302 3589 358 3614 ma
371 3577 586 3624 cumfiducia
597 3577 762 3627 patefecit
782 3578 936 3613 animum
940 3575 1045 3625 suum
1057 3600 1070 3619 ‚
1085 3577 1124 3626 se
1157 3577 1273 3615 cilicet
1285 3600 1299 3621 ,
1323 3578 1437 3626 quoad
1449 3574 1635 3614 doctrinam
1653 3571 1912 3622 &alvinisticam
1926 3585 1993 3609 non
2007 3567 2068 3623 effe
2084 3573 2123 3607 in
2137 3572 2206 3622 sua
2219 3573 2395 3620 conscien-

303 3627 357 3664 tia
369 3628 522 3676 quietum
535 3652 548 3670 ,
571 3627 707 3676 iamque
730 3625 751 3663 ὰ
770 3624 890 3663 multis
909 3626 1013 3662 annis
1035 3625 1123 3674 adfi
1145 3638 1195 3664 em
1217 3627 1430 3665 catholicam
1456 3623 1558 3662 valde
1576 3620 1774 3672 propensum
1796 3619 1863 3673 effe
1884 3634 1897 3662 ;
1922 3620 2093 3668 recensuit
2107 3645 2121 3665 ,
2142 3620 2297 3670 qualiter
2313 3620 2395 3658 dm

300 3687 321 3714 e
345 3686 380 3715 et
390 3677 431 3713 in
439 3675 597 3726 potestate
610 3676 882 3725 Caesarianorum
893 3685 935 3711 ex
973 3674 1065 3711 raelio
1077 3678 1236 3726 capn'vus
1252 3700 1264 3720 ‚
1280 3676 1488 3725 frequenter
1515 3683 1591 3710 cum
1615 3670 1802 3718 Capacinir
1823 3673 1863 3706 in
1881 3669 2071 3723 Refeffiorio
2090 3669 2207 3718 faerit
2221 3669 2394 3719 pransus,

360 3723 541 3763 detestatus
553 3735 594 3762 ex
608 3736 722 3762 eorum
735 3725 780 3761 ad
793 3725 933 3774 mensem
960 3723 1085 3767 cisione
1100 3749 1110 3760 .
1137 3725 1190 3762 Ex
1204 3725 1330 3774 quibus
1344 3723 1522 3774 colloquiis
1549 3719 1810 3763 animadverti,
1837 3717 1875 3756 V
1871 3721 1965 3757 irum
1978 3718 2038 3770 eſje
2049 3720 2187 3767 ingenio
2196 3719 2393 3767 preditum,

302 3775 415 3815 Deum
436 3775 635 3818 timentem,
660 3775 786 3861 gaique
803 3774 845 3811 de
866 3773 1092 3823 praesentibus
1110 3774 1346 3823 controversiis
1364 3771 1535 3826 audrffer,
1560 3770 1604 3812 (δ’
1622 3765 1750 3818 legtffit
1774 3767 1918 3805 multum
1933 3793 1945 3805 .
1972 3768 2048 3816 Post
2071 3768 2162 3804 hunc
2186 3765 2392 3818 congreffum

646 3833 661 3861 ἰ

292 3823 484 3875 [εσιιηόιιηι
496 3835 547 3861 me
547 3823 644 3874 secre
700 3824 863 3861 convenit
876 3823 971 3872 apud
984 3823 1046 3862 D.
1061 3823 1224 3863 Comitem
1241 3821 1420 3875 Truxseff,
1445 3822 1508 3871 qui
1520 3830 1556 3857 eo
1572 3819 1640 3868 ipso
1664 3825 1811 3866 tempore
1835 3830 1962 3856 mecam
1975 3817 2098 3867 agebat
2111 3817 2154 3854 de
2167 3815 2390 3902 amplegssreada
