2638 4204
401 225 562 336 198
1123 215 1637 303 Provincia

335 355 445 393 b‘Deo
461 381 474 400 ,
498 354 668 393 mediante
679 365 740 395 me,
743 352 869 401 fatiam
882 351 1043 389 marmori
1060 352 1171 387 incidi
1190 353 1312 402 jubere
1326 377 1339 396 ‚
1356 351 1555 401 scripsitque
1575 351 1622 388 D.
1639 348 1766 387 Comiri
1786 347 2025 386 Montecuculi
2045 374 2059 394 2
2087 353 2125 388 in
2141 355 2237 392 Aula
2252 356 2404 405 Caesarea

335 406 579 448 commoranti,
607 412 774 451 quatenus
787 403 921 452 effigiem
934 412 1009 437 meae
1029 400 1182 449 Persona
1194 426 1205 441 ‚
1232 413 1332 450 quam
1345 411 1444 449 penes
1460 401 1499 449 se
1507 400 1653 436 habebat
1665 423 1678 442 ‚
1704 397 1844 446 depingi
1862 400 2062 442 curaret,in
2071 403 2223 447 pradifiio
2238 405 2409 442 Oratorio,

336 451 562 489 collocandam
576 453 621 488 ad
628 459 827 499 perpetuam
840 454 892 487 rei
905 450 1094 487 memoriam
1112 474 1122 484 .
1149 448 1228 487 Nec
1242 451 1383 487 dubium
1400 450 1503 486 habeo
1517 474 1529 492 ,
1558 450 1645 497 quin
1659 449 1706 484 D.
1724 446 1973 493 Landgravius
1982 447 2086 496 juxta
2102 453 2292 498 generosam
2304 454 2407 490 indo.

336 501 400 539 lem
408 501 509 549 suam
528 513 609 548 erga
623 510 673 536 me
685 499 950 547 munificentiam
970 494 1164 548 declarasset
1176 522 1188 540 ‚
1200 499 1231 547 fi
1242 510 1312 535 mea
1327 510 1393 534 non
1415 497 1591 558 obstitisset
1613 496 1764 533 conditio
1781 507 1792 535 ;
1812 495 1901 542 fecit
1915 505 2029 532 tamen
2041 520 2054 539 ,
2070 496 2254 543 »φωτί-βοή
2271 504 2403 548 potuit.

334 551 498 586 nimirum
508 549 601 599 juffit
626 547 709 583 mihi
724 548 899 585 Habitum
923 559 997 584 cum
1015 546 1118 594 pallio
1142 546 1288 594 confici,
1313 546 1491 595 voluitque
1516 559 1538 583 a
1561 558 1610 582 me
1624 545 1688 593 fibi
1709 544 1866 591 promitti
1886 566 1900 588 2
1920 554 1971 581 me
1993 554 2034 582 ex
2054 545 2161 581 Sacro
2174 544 2402 598 ‘Baptismus

327 599 428 647 fonte
440 598 678 646 safiepturum
688 598 836 644 primum
850 622 859 636 ,
888 608 983 644 quem
997 595 1224 642 Landgravia
1237 598 1389 633 enixura
1400 598 1485 645 eret
1496 619 1508 640 ‚
1534 593 1659 630 Filium
1672 593 1745 634 &c-

431 647 518 683 Haec
534 646 577 696 est
595 644 751 694 historica
764 648 922 682 narratio
935 656 1049 680 eorum
1064 669 1075 687 ,
1088 655 1160 692 qua
1180 655 1392 683 concernunt
1413 644 1656 693 coaverfionem
1668 640 1832 678 ditiorum
1863 640 2069 691 Principum
2084 666 2097 686 ‚
2119 642 2230 690 quoad
2240 655 2311 681 eam
2318 653 2401 693 par.

332 705 399 732 tem
411 719 422 737 ‚
445 706 545 741 quam
567 706 626 741 ego
641 693 699 731 Fr.
714 691 922 731 Valerianus
948 701 1104 740 operatus
1114 694 1193 741 sum
1212 723 1219 731 .
1254 693 1307 730 Ita
1319 706 1368 731 me
1389 694 1484 731 Deus
1506 701 1595 729 amet
1608 717 1618 733 ,
1653 699 1695 727 ut
1707 690 2066 738 inconferentiarmea
2083 692 2230 739 nesciam
2252 704 2302 730 me
2321 695 2404 741 quid

330 743 455 791 dixisse
468 768 482 786 2
508 743 597 791 quod
611 755 722 779 coram
733 743 805 779 Deo
819 754 885 778 non
902 742 1035 777 credam
1049 743 1197 779 veritati
1211 742 1407 791 consonum.

428 791 492 827 Rei
509 793 647 827 veritati
671 792 718 827 ita
745 790 868 827 sincere
894 791 937 826 ab
956 790 1027 837 spso
1041 791 1092 827 Fr.
1115 790 1302 827 Valeriano
1325 789 1572 838 compendiatae
1585 790 1649 826 alia
1660 788 1888 835 superaddere
1901 790 1947 827 εὸ
1959 790 2034 836 ipso
2047 790 2127 826 mibi
2149 801 2218 826 non
2231 789 2379 827 occurrit
2397 800 2410 835 ,·

328 852 406 877 eum
419 839 513 876 illius
533 840 643 877 aetatis
657 840 807 876 historici
820 839 926 875 effusa
949 839 1049 874 laude
1061 839 1096 874 id
1112 840 1203 876 varie
1216 841 1476 882 commendent,
1501 839 1648 875 rationes
1673 847 1788 874 tamen
1803 862 1815 880 ,
1839 838 1873 874 &
1892 840 2030 874 modum
2055 839 2188 875 indictae
2206 839 2413 885 disputatio-

330 889 386 924 nis
400 888 501 924 latiits
527 889 676 932 adduci,
701 889 771 934 ipsa
797 888 905 933 exigit
931 887 1075 923 historiae
1096 888 1266 933 dignitas.
1298 888 1385 925 Sciri
1413 895 1581 933 oportet,
1604 887 1700 935 quod
1717 888 1761 921 l).
1775 887 2034 932 Landgravius,
2062 900 2106 924 ne
2126 887 2162 924 in
2175 888 2271 923 suoa
2287 888 2413 924 nativa

324 936 412 972 sefia
424 936 576 973 declivio
589 937 624 973 St
649 937 795 980 recessu,
821 935 968 972 levitatis
980 937 1296 980 argueretur‚dubia
1311 960 1324 980 ,
1351 949 1427 984 quae
1439 937 1586 972 animum
1595 937 1669 984 ejus
1679 935 1788 972 adhuc
1803 938 2065 981 implicaverant
2083 962 2096 981 ,
2123 936 2263 983 publica
2273 935 2412 972 censura

325 985 416 1021 solvi
429 1009 443 1028 ,
467 985 502 1021 &
517 985 598 1021 ideo
607 984 816 1030 congressum
828 985 1001 1032 utriusque
1018 985 1120 1030 partis
1131 985 1260 1021 institui
1274 985 1438 1021 voluerit:
1453 985 1530 1021 inde
1543 988 1563 1020 a
1582 985 1739 1022 Ducibus
1752 983 1862 1020 Brutis
1862 985 1980 1021 vicensi
1993 986 2027 1021 8(
2048 985 2287 1032 Luneburgico
2299 983 2411 1022 Geor·

325 1034 421 1078 gium
433 1033 791 1074 Calixtum‚celebrem
805 1044 904 1069 novae
920 1032 1095 1069 Doctrina
1111 1035 1337 1077 Theologum
1350 1057 1362 1076 ‚
1387 1034 1422 1069 &
1441 1034 1640 1070 l-lelmstadii
1658 1030 1878 1070 Profefforem
1894 1035 2120 1071 Lutheranum
2135 1036 2173 1073 ,it
2190 1033 2409 1077 Landgravio

324 1082 691 1130 Caffellensrjoannem
707 1081 1119 1126 Crocium,Calvinistam
1134 1105 1146 1125 ,
1172 1093 1211 1117 ac
1231 1084 1250 1116 a
1263 1083 1487 1126 Landgravio
1505 1083 1765 1118 Darmstadlano
1788 1082 1925 1118 Petrum
1950 1083 2231 1119 Haberkornium
2246 1082 2288 1118 ad
2302 1082 2412 1118 discu-

325 1131 458 1167 tiendas
469 1143 547 1168 cum
572 1133 610 1169 Ρ.
628 1130 811 1167 Valeriano
826 1154 838 1173 ‚
863 1129 1002 1178 ejusque
1019 1129 1130 1166 Sociis
1154 1131 1393 1177 proponendas
1418 1130 1477 1166 ase
1495 1130 1802 1177 Fideiquaeuiones
1826 1131 1985 1176 deputari
2011 1132 2190 1167 obtinuit.
2215 1130 2409 1166 Calixto&

325 1179 456 1215 Crocio
471 1179 706 1224 francofurti,
719 1179 778 1215 ubi
791 1178 873 1214 alias
886 1188 1052 1215 certamen
1068 1177 1144 1213 fidei
1158 1181 1178 1214 a
1191 1179 1412 1223 Landgravio
1424 1178 1603 1221 Indicium,
1617 1189 1687 1215 erat
1698 1203 1710 1222 ,
1735 1190 1935 1224 comparere
1959 1180 2176 1216 renuentibus
2191 1202 2203 1218 ‚
2228 1180 2314 1214 inter
2332 1190 2410 1225 par-

325 1238 377 1264 tes
389 1240 596 1265 conventum
610 1228 656 1266 est
671 1252 685 1273 ,
709 1236 747 1263 ut
761 1227 910 1275 quilibet
934 1225 969 1260 in
981 1226 1108 1262 aedibus
1132 1226 1198 1263 suis
1211 1239 1414 1273 argumenta
1436 1228 1469 1263 8(
1491 1228 1645 1274 responsa
1660 1227 1866 1270 conficeret,
1890 1226 1926 1262 8(
1955 1238 2015 1274 per
2036 1228 2187 1264 actiones
2208 1226 2377 1273 imprefl‘as
2390 1249 2404 1271 ,

324 1288 470 1322 quarum
484 1276 645 1324 quaelibet
666 1278 751 1313 duas
765 1275 914 1323 philyras
926 1285 995 1310 non
1013 1274 1218 1318 excederet,
1247 1288 1305 1322 per
1324 1277 1542 1313 Tabellarios
1556 1276 1712 1321 publicos
1730 1277 1763 1312 &
1776 1275 1965 1310 ordinarios
1979 1276 2067 1321 parti
2081 1288 2119 1313 ea
2133 1275 2411 1312 communicaret.

324 1325 473 1361 Modum
491 1326 701 1374 formamque
723 1325 809 1361 hanc
839 1323 1085 1369 disputationis
1105 1323 1229 1361 servari
1253 1324 1349 1361 suasit
1374 1336 1446 1360 tum
1471 1335 1602 1360 attenta
1628 1324 1822 1371 Principum
1837 1346 1851 1367 ‚
1875 1324 2087 1372 aliorumque
2110 1323 2317 1366 curialitas,
2340 1325 2409 1371 qua

322 1373 439 1410 merita
453 1375 598 1421 partium
615 1374 837 1411 diffidentium
856 1371 974 1408 rescire
989 1371 1193 1418 cupiebant,
1217 1384 1288 1409 tum
1303 1373 1523 1410 commodum
1547 1374 1695 1419 ipsorum
1710 1372 1969 1419 Disputantium
1985 1397 1999 1416 ‚
2016 1385 2093 1410 cum
2113 1384 2184 1408 non
2196 1373 2300 1408 libros
2316 1399 2326 1415 ,
2352 1373 2410 1408 led

322 1421 473 1460 actiones
487 1433 597 1460 curtas
611 1424 724 1468 legere
739 1433 800 1458 eos
811 1431 989 1467 oporteret
1003 1446 1013 1462 ‚
1039 1421 1074 1457 &
1088 1424 1168 1457 ideo
1183 1423 1225 1458 ad
1238 1433 1295 1459 eas
1311 1422 1513 1468 respondere
1531 1422 1622 1459 facili
1637 1422 1778 1466 negotio
1795 1421 1937 1467 poffent,
1953 1431 2024 1458 tum
2040 1423 2170 1458 cautela
2181 1445 2194 1464 ,
2221 1432 2261 1456 ut
2278 1445 2287 1459 ‚
2313 1420 2410 1468 quod

320 1471 378 1506 vel
390 1471 592 1519 obijceretur
603 1495 617 1516 ,
641 1473 697 1507 vel
710 1470 979 1517 responderetur,
993 1470 1111 1518 negari
1125 1472 1274 1517 amplius
1291 1470 1380 1507 haud
1396 1469 1503 1517 posset
1518 1495 1530 1513 ,
1540 1471 1687 1517 alialoue
1702 1484 1743 1507 ex
1757 1470 1870 1507 littera
1885 1470 2049 1516 impressa
2061 1470 2201 1517 effugiis
2217 1470 2272 1506 via
2285 1471 2405 1507 occluq

320 1518 461 1555 deretur
474 1542 488 1563 ‚
511 1521 547 1556 &
563 1531 608 1556 ex
623 1518 737 1566 paucis
765 1518 900 1564 replicis
912 1540 925 1560 ,
950 1518 1050 1565 cujus
1069 1519 1174 1566 partis
1186 1520 1340 1555 doeh-ina
1363 1521 1582 1565 praevaleret,
1612 1520 1875 1563 cognosceretur
1895 1547 1903 1554 .
1930 1519 2039 1557 Ne&
2054 1531 2122 1556 una
2135 1530 2179 1555 ex
2193 1518 2346 1566 partibus
2359 1519 2404 1556 ad

320 1567 516 1613 responsum
528 1568 676 1605 dandum
701 1567 732 1602 se
747 1565 908 1603 arEIatam
932 1564 1026 1602 fuisse
1040 1568 1208 1613 conqueri
1222 1567 1328 1615 poli'et
1340 1592 1358 1612 ,
1380 1570 1516 1604 nullum
1531 1579 1602 1604 erat
1618 1567 1842 1615 respondendi
1857 1578 1992 1615 tempus
2012 1568 2189 1615 praefixum
2215 1568 2250 1604 8(
2263 1567 2408 1604 cuicun-

322 1626 389 1662 que
402 1615 494 1653 sensa
517 1617 575 1653 sua
591 1614 742 1652 adhibito
757 1615 901 1650 aliorum
913 1613 1058 1649 confilio
1074 1616 1228 1659 digerere
1246 1616 1437 1662 permiss'um
1451 1641 1462 1652 .

423 1665 593 1702 Methodo
614 1663 728 1700 taliter
754 1662 900 1698 stabilita
912 1685 924 1704 ,
949 1662 1067 1698 datum
1093 1664 1139 1699 est
1153 1663 1367 1702 Rhenoselsae
1382 1666 1478 1702 sacrae
1499 1677 1623 1712 pugnae
1645 1665 1780 1701 initium
1795 1691 1809 1711 ‚
1837 1667 1877 1703 P.
1892 1665 2083 1702 Valeriano
2098 1665 2285 1713 Herbipoli
2308 1663 2405 1712 apud

317 1711 514 1750 Electorem
530 1712 793 1758 Moguntinuw,
806 1712 841 1748 8(
854 1710 1099 1746 Haberkornio
1112 1711 1146 1746 in
1158 1711 1225 1748 suis
1237 1713 1366 1749 aedibus
1378 1725 1595 1759 permanente
1611 1740 1618 1748 .
1632 1714 1710 1749 Fuit
1723 1715 1757 1749 &
1771 1727 1828 1762 per
1843 1716 1994 1759 integros
2009 1714 2138 1750 menses
2153 1713 2337 1762 produsta,
2357 1714 2403 1749 D.

316 1760 539 1807 Landgravio
550 1761 749 1810 quaestiones
762 1767 970 1806 proponente
989 1783 1001 1795 .
1031 1760 1103 1795 Has
1117 1772 1193 1795 cum
1206 1762 1259 1797 hic
1273 1762 1439 1798 adducere
1453 1771 1557 1807 grave
1575 1762 1663 1797 foret
1677 1785 1689 1804 ‚
1714 1764 1807 1799 omni
1825 1763 1904 1799 licet
1918 1775 1960 1798 ex
1976 1775 2072 1809 parte
2086 1763 2291 1809 dignifflmas
2305 1786 2316 1806 ,
2343 1763 2410 1798 Le-

316 1808 447 1846 storem
461 1810 502 1846 ad
515 1822 631 1847 earum
644 1818 763 1856 typum
783 1810 803 1844 a
817 1819 869 1843 me
897 1807 1025 1844 remitti
1043 1807 1168 1844 necesse
1182 1811 1231 1845 est
1248 1834 1259 1845 .
1284 1811 1398 1847 Unice
1424 1809 1723 1857 meminissejuoar
1740 1835 1753 1854 ‚
1781 1811 1896 1848 acrius
1911 1811 2073 1857 agitatam
2093 1810 2192 1852 ,fuiffe
2213 1813 2258 1847 de
2271 1809 2406 1849 Summi

317 1858 498 1895 Pontificis
511 1858 752 1896 infallibilitate
765 1856 984 1904 quaestionem
998 1879 1012 1898 ‚
1037 1867 1140 1903 quam
1157 1857 1366 1894 Valerianus
1381 1858 1478 1895 Sacri
1500 1858 1616 1894 texitis
1631 1883 1642 1901 ‚
1667 1859 1912 1896 Conciliorum
1938 1860 2002 1896 &c.
2014 1858 2213 1896 invincibili
2237 1858 2406 1896 conclusit

316 1904 457 1944 ERGO
469 1905 646 1945 Romanus
659 1905 822 1954 Pontifex
835 1928 847 1948 ,
871 1915 946 1941 cum
966 1903 1088 1951 definit
1100 1915 1142 1941 ex
1157 1906 1320 1942 cathedra
1332 1907 1528 1957 quaestiones
1547 1907 1587 1942 de
1593 1905 1665 1953 fide
1688 1930 1700 1949 ‚
1725 1920 1846 1945 errare
1861 1920 1924 1944 non
1943 1907 2044 1958 potest
2055 1931 2065 1943 .
2226 1901 2234 1906 ”

409 1956 484 2003 Jam
499 1967 543 1992 ex
559 1955 665 2003 prima
679 1954 851 1991 Valeriani
867 1952 1002 1989 actione
1016 1954 1158 1990 callidus
1174 1954 1338 1993 Calixtus
1352 1955 1442 1992 suam
1458 1968 1494 1992 ut
1514 1955 1691 2001 ignaviam
1707 1957 1859 2003 palliaret
1877 1983 1886 1998 ‚
1911 1958 2007 1993 vario
2029 1957 2177 1994 artificio
2199 1957 2406 2004 disputatio-

314 2004 374 2042 υἷε
400 2006 497 2041 filum
510 2003 667 2051 abrupit,
694 2004 914 2041 Valerianum
938 2003 1084 2049 superbo
1107 2002 1291 2051 supercilio
1307 2005 1504 2051 contempsit
1521 2027 1534 2046 ‚
1557 2004 1711 2041 Leoni-15
1727 2008 1817 2051 pelle
1842 2007 1860 2052 (
1875 2018 1912 2041 ut
1926 2006 2008 2041 olim
2033 2007 2074 2042 de
2093 2007 2197 2042 Asino
2217 2007 2405 2043 fabulatum

314 2053 393 2103 est)
420 2054 478 2090 libi
499 2055 638 2100 aptata,
665 2063 704 2090 ut
725 2049 936 2089 confusionis
950 2050 1105 2087 timorem
1119 2074 1132 2095 ‚
1155 2063 1226 2100 quo
1241 2056 1540 2100 praeoccupabatur
1556 2080 1564 2094 ,
1590 2054 1828 2090 absconderet:
1856 2055 1967 2101 Qd
1980 2053 2061 2089 vafri
2086 2056 2266 2100 praetextus
2280 2067 2405 2092 exem·

312 2103 412 2148 plum
424 2103 459 2140 8(
472 2103 532 2145 alii
548 2103 619 2139 duo
632 2113 677 2138 ex
691 2101 812 2138 eodem
825 2100 894 2136 fine
907 2099 1026 2138 scauri
1047 2100 1236 2138 consultum
1250 2103 1424 2138 duxerunt
1439 2130 1447 2138 .
1475 2103 1527 2137 Ex
1544 2100 1659 2137 relicta
1674 2114 1783 2140 tamen
1805 2113 1901 2138 arena
1916 2115 1986 2138 nor·
2002 2103 2110 2138 defuit
2130 2104 2268 2139 veritati
2282 2105 2409 2140 trium·

314 2150 403 2195 pilus
417 2175 430 2195 ‚
455 2163 500 2188 ex
513 2151 682 2199 subsequo
695 2149 906 2194 Landgravii
918 2161 996 2186 cum
1009 2149 1223 2187 Sereniffima
1236 2151 1398 2199 Conjuge
1416 2151 1510 2187 Fidei
1523 2151 1708 2187 catholicae
1721 2153 1882 2198 amplexu
1898 2151 2107 2199 conspicuus
2120 2176 2133 2194 ,
2157 2163 2258 2199 quem
2279 2163 2318 2189 ut
2333 2152 2406 2188 Va-

314 2200 464 2238 lerianus
489 2202 619 2237 mundo
643 2200 795 2236 redderet
810 2198 1055 2242 illustriorem,
1079 2199 1237 2234 Colouire
1255 2198 1328 2235 abita
1347 2199 1595 2246 Disputationis
1626 2201 1718 2246 typis
1744 2200 1877 2244 vulgari
1904 2199 2058 2236 curavit.
2083 2202 2205 2237 Sathan
2225 2213 2262 2237 ut
2287 2200 2406 2250 operis

314 2249 459 2293 gloriam
484 2248 690 2297 impediret,
714 2247 875 2283 famulum
892 2247 1126 2296 Typographi
1139 2246 1306 2284 nosteros
1319 2247 1474 2284 inufione
1489 2247 1646 2283 turbavit
1659 2271 1671 2289 ‚
1686 2260 1775 2287 nam,
1788 2250 1868 2284 dum
1883 2249 1987 2284 alium
2000 2250 2034 2284 in
2051 2249 2165 2284 vicino
2178 2251 2283 2286 cubili
2300 2251 2404 2297 praelo

312 2300 443 2341 pariter
462 2300 625 2346 occupati
649 2295 794 2336 credidit
807 2318 820 2341 ,
845 2295 972 2332 lumine
985 2297 1203 2344 apprehenso
1217 2298 1382 2334 neminem
1396 2297 1485 2333 vidit
1500 2320 1513 2341 ‚
1536 2300 1568 2333 δι
1600 2307 1647 2333 ex
1674 2297 1797 2333 technis
1811 2297 1957 2345 Stygiis
1970 2297 2114 2335 detec'tis
2125 2320 2139 2340 ‚
2167 2299 2338 2336 alacrioris
2353 2301 2403 2336 la·

311 2345 409 2383 boris
422 2347 570 2383 animum
589 2348 726 2396 sumpfit
742 2372 752 2383 .

409 2395 576 2431 Absoluti
593 2397 666 2443 typi
679 2395 912 2443 exemplaria,
937 2396 1103 2436 novitatis
1130 2399 1232 2437 avida
1245 2397 1374 2445 cupido
1395 2398 1430 2434 in
1444 2408 1583 2434 omnem
1606 2396 1759 2433 distraxit
1784 2406 1931 2440 terram,
1954 2397 1989 2433 8(
2003 2395 2297 2434 diversaecensum
2324 2407 2401 2445 pat·

312 2456 386 2482 tum
401 2444 587 2491 progenuit
598 2467 614 2488 ,
638 2447 728 2482 haud
741 2445 840 2483 aliter
852 2470 862 2486 ‚
873 2457 913 2481 ac
924 2447 1010 2482 olim
1022 2448 1064 2483 de
1077 2449 1235 2486 doctrina
1249 2448 1429 2490 Christi‚in
1441 2459 1513 2495 quo
1526 2457 1642 2482 omnes
1656 2446 1798 2482 thesauri
1812 2446 1999 2492 Sapientia
2011 2445 2045 2481 &
2059 2446 2221 2483 Scientiae
2238 2447 2304 2482 Dei
2317 2458 2401 2482 con·

311 2493 400 2540 gesti
419 2493 589 2534 latebant,
613 2493 734 2530 accidit
752 2516 765 2539 ,
789 2494 869 2530 dum
884 2505 1038 2530 murmur
1060 2497 1204 2533 multum
1223 2504 1300 2532 erat
1313 2496 1352 2530 in
1363 2496 1467 2531 rurba
1491 2494 1531 2531 de
1547 2505 1582 2531 eo
1594 2518 1607 2537 ,
1632 2495 1769 2542 quidem
1780 2496 1869 2532 enim
1885 2494 2046 2531 dicebant
2062 2518 2076 2538 ,
2098 2497 2180 2542 quia
2195 2497 2303 2531 bonus
2328 2494 2396 2545 est,

310 2541 378 2579 alii
389 2550 503 2578 autem
520 2541 681 2578 dicebant
690 2553 758 2577 non
772 2566 786 2585 ‚
801 2542 865 2590 sed
868 2541 1009 2589 seducit
1027 2546 1148 2581 turbas
1164 2557 1173 2580 =
1201 2546 1318 2581 eadem
1333 2544 1502 2591 opinandi
1521 2545 1742 2581 contrarietas
1758 2544 1872 2580 audita
1891 2544 1938 2579 est
1953 2544 1995 2579 de
2018 2543 2196 2580 Valeriani
2209 2543 2401 2588 doctrina,

309 2592 346 2628 8(
361 2591 528 2636 evulgato
548 2590 678 2627 exafiiae
691 2590 936 2637 disputationis
951 2601 1055 2636 opere
1070 2604 1083 2633 ς
1108 2594 1190 2629 dum
1202 2594 1291 2630 enim
1317 2594 1376 2629 alii
1391 2594 1480 2629 illud
1502 2606 1544 2629 ex
1559 2591 1672 2628 fructu
1687 2591 1924 2630 conversionis
1939 2592 2149 2636 Landgravii
2163 2593 2295 2629 bonum
2319 2604 2401 2641 pro-

310 2640 437 2675 barunt
449 2662 462 2682 ‚
487 2637 546 2676 alii
568 2650 710 2675 econtra
723 2639 757 2674 in
772 2652 814 2677 eo
829 2639 967 2676 scrutati
981 2640 1055 2675 sunt
1067 2642 1267 2689 iniquitates
1282 2652 1292 2675 ε
1322 2652 1369 2678 ex
1380 2641 1503 2678 codem
1518 2642 1616 2687 proin
1635 2642 1718 2677 flore
1734 2643 1834 2687 Apes
1855 2643 1921 2678 mel
1937 2641 2102 2676 suxerunt
2115 2666 2124 2677 ,
2149 2642 2184 2677 8(
2199 2652 2327 2677 araneae
2339 2652 2403 2677 ve·

310 2698 438 2723 uenum
464 2686 683 2723 confecerunt
696 2714 705 2723 .
730 2688 914 2724 Severiore
934 2698 1049 2724 tamen
1077 2690 1186 2725 morsu
1203 2713 1215 2733 ‚
1239 2691 1314 2726 acta
1339 2692 1382 2727 de
1403 2690 1579 2726 pontificis
1600 2688 1849 2727 infallibilitate
1883 2689 2046 2727 convulsa
2065 2690 2138 2725 sunt
2153 2713 2166 2733 ,
2192 2690 2227 2725 &
2241 2689 2338 2737 quod
2351 2699 2402 2725 ex

307 2736 351 2773 iis
364 2746 432 2770 non
450 2738 523 2773 leve
539 2735 693 2771 Eccleliae
709 2737 942 2783 praejudicium
966 2736 1104 2773 illatum
1119 2739 1157 2775 fit
1170 2764 1183 2783 ‚
1208 2740 1302 2776 varii:
1325 2739 1372 2775 est
1394 2739 1564 2785 sparsum.
1595 2739 1740 2776 lncaluir
1767 2738 1916 2775 dissonus
1938 2749 2053 2773 rumor
2074 2739 2108 2773 in
2136 2737 2215 2784 iplis
2231 2737 2400 2774 Comitiis

310 2783 622 2821 Ratisbonaeanno
642 2785 728 2830 1653
754 2785 789 2820 &
811 2796 868 2830 per
886 2786 1206 2831 imperiiCivitates
1219 2786 1381 2828 diffusus,
1407 2789 1523 2824 Romae
1543 2787 1669 2823 infelici
1686 2788 1781 2824 Echo
1803 2786 2001 2833 personuit.
2027 2786 2234 2823 Clamarunt
2252 2797 2399 2823 contra..-

310 2831 536 2869 Valerianum
547 2856 558 2876 ‚
584 2841 741 2879 tanquam
756 2831 836 2868 laesae
850 2834 1039 2875 Ma1etlatis
1058 2845 1150 2872 reum
1162 2860 1175 2880 ‚
1200 2837 1234 2872 8(
1249 2836 1527 2873 Acatholicorum
1543 2836 1725 2878 fautorem,
1737 2847 1814 2872 cum
1831 2836 1882 2871 his
1897 2843 2020 2871 contra
2038 2837 2136 2882 Papae
2150 2836 2333 2882 privilegia
2347 2845 2402 2871 ar-

315 2893 368 2917 ma
385 2881 572 2927 praebuiffet
584 2905 596 2924 ,
623 2885 655 2916 &
671 2881 883 2927 triumphum
898 2882 1040 2928 parasset
1055 2894 1064 2918 =
1090 2886 1274 2921 clamarunt
1293 2898 1336 2922 eo
1351 2885 1425 2930 ipso
1441 2895 1594 2931 tempore
1614 2909 1628 2928 ,
1653 2895 1725 2930 quo
1740 2884 1948 2920 Valerianus
1961 2894 2034 2919 tum
2049 2886 2068 2919 a
2082 2886 2185 2921 Sacra
2196 2886 2401 2929 Congrege-

312 2931 406 2966 tione
418 2954 430 2972 ,
458 2941 530 2965 tum
551 2930 593 2966 ab
607 2930 679 2977 ipso
692 2931 836 2968 Summo
854 2931 1046 2975 pontifice,
1077 2933 1276 2970 innocentio
1291 2936 1332 2969 X.
1351 2935 1481 2970 litteras
1493 2957 1506 2976 ,
1530 2933 1639 2969 eidem
1651 2933 1694 2969 de
1714 2932 1940 2970 conversione
1956 2933 2163 2977 Landgravii
2175 2934 2293 2979 amplo
2315 2943 2401 2979 pras-

311 2978 418 3015 conio
441 2979 652 3023 gratulantes
663 2979 698 3014 in
714 2979 870 3015 manibus
885 2981 1014 3015 terebat
1030 2990 1180 3019 recentes
1193 3007 1204 3018 .
1231 2982 1367 3019 Gloriae
1393 2979 1494 3029 proin
1506 2983 1638 3024 Sceua,
1661 2981 1697 3017 in
1710 2993 1776 3029 qua
1797 2982 1967 3028 hucusque
1985 2979 2185 3017 Valerianus
2197 2991 2400 3027 comparue-

311 3038 366 3063 rat
377 3050 392 3071 ,
416 3027 514 3063 illico
525 3028 736 3064 convertitur
750 3028 783 3064 in
794 3028 1027 3074 catastrophen
1039 3053 1052 3074 ,
1071 3031 1268 3076 proceditur
1282 3042 1399 3068 contra
1420 3042 1497 3066 eum
1512 3031 1586 3076 ipso
1599 3028 1690 3066 fafio
1703 3054 1715 3074 ,
1741 3029 1854 3066 omnis
1868 3041 1945 3066 cum
1966 3028 2127 3065 haerericis
2145 3028 2334 3076 disputatio
2354 3028 2399 3065 ab

311 3075 520 3120 Apostolico
537 3077 677 3112 Nuntio
692 3077 724 3113 ei
738 3076 950 3113 interdicitur
963 3102 976 3121 ,
1005 3078 1153 3116 mittitur
1172 3080 1393 3118 Ratisbonam
1416 3079 1566 3116 Libellus
1588 3078 1741 3116 auctoris
1770 3078 1964 3126 Anonymi,
1993 3077 2111 3113 formis
2125 3076 2395 3115 Colonienstbus

309 3123 411 3161 cusus
425 3148 436 3167 ,
464 3136 535 3172 quo
551 3137 666 3162 contra
679 3125 850 3162 haereticos
863 3125 955 3161 edito
969 3153 979 3168 ‚
1005 3126 1212 3166 Valerianus
1227 3154 1237 3171 ‚
1263 3128 1357 3178 quali
1375 3128 1563 3165 Primatum
1589 3126 1740 3163 Romani
1763 3126 2007 3163 Pontificisex
2032 3126 2142 3162 Libris
2157 3126 2296 3163 Divinis
2314 3137 2397 3172 pro-

311 3173 384 3208 bari
405 3184 472 3209 non
487 3174 576 3218 poffe
602 3177 637 3212 in
655 3174 890 3220 disputatione
907 3175 1125 3213 Rhenofelsae
1137 3177 1311 3222 statuisset,
1322 3177 1445 3222 argute
1464 3177 1498 3212 &
1510 3189 1554 3212 eo
1566 3175 1640 3221 ipso
1652 3174 1739 3212 falso
1751 3175 1917 3224 carpitur,
1926 3186 2003 3213 cum
2015 3173 2063 3210 ibi
2078 3175 2120 3211 de
2138 3176 2292 3212 Primatu
2309 3185 2400 3211 nun-

313 3233 418 3269 quam
436 3252 441 3260 .
469 3223 524 3259 sed
535 3224 576 3259 de
593 3224 667 3272 ejus
688 3222 813 3261 effestu
827 3246 841 3267 ‚
866 3223 1029 3261 videlicet
1046 3224 1292 3263 lnfallibilitate
1312 3251 1321 3266 ‚
1346 3226 1447 3263 fuerit
1463 3225 1687 3271 disceptatum
1701 3251 1712 3262 .

417 3273 504 3307 Non
522 3274 642 3309 terruit
662 3284 757 3310 mota
771 3273 949 3317 tempestas
964 3274 1220 3319 magnanimum
1235 3275 1459 3312 Valerianum
1474 3299 1486 3319 ,
1500 3275 1562 3321 qui
1574 3273 1766 3310 doflrinam
1782 3273 1876 3309 suam
1888 3285 2009 3321 puram
2023 3273 2057 3310 &
2070 3273 2181 3310 sanam
2197 3273 2313 3317 sciens,
2325 3272 2400 3309 ani·

314 3322 438 3361 mosior
460 3322 502 3357 ad
518 3320 592 3368 ejus
610 3321 766 3370 procellis
784 3320 1010 3358 defenfionem
1023 3346 1036 3365 ‚
1063 3324 1232 3360 exaltavit
1246 3324 1280 3360 in
1299 3322 1500 3361 fortitudine
1515 3336 1636 3360 vocem
1651 3322 1743 3360 suam
1755 3347 1770 3367 ‚
1793 3333 1912 3359 contra
1925 3335 1987 3360 eos
2002 3347 2014 3366 ‚
2038 3323 2097 3370 qui
2112 3331 2272 3358 acuerant
2284 3331 2399 3358 contra

312 3385 390 3409 cum
404 3373 526 3408 dentes
547 3380 622 3407 tuos
636 3395 646 3410 ,
670 3382 843 3407 venenum
864 3369 1018 3416 aspidum
1031 3393 1043 3414 ‚
1066 3373 1162 3419 quod
1189 3373 1250 3411 sub
1276 3371 1374 3411 labiis
1389 3383 1510 3409 eorum
1533 3374 1663 3410 latebat
1684 3396 1698 3415 ‚
1723 3371 1952 3417 exspuentes:
1978 3370 2124 3417 Sumplit
2143 3372 2308 3407 calamum
2323 3393 2337 3414 ‚
2361 3369 2400 3406 &

311 3422 481 3458 velociter
504 3420 675 3462 scribens,
701 3417 881 3468 Anonymi
894 3419 1105 3457 Colonienfis
1128 3423 1320 3459 adulteram
1345 3420 1537 3458 doctrinam
1563 3432 1636 3458 non
1653 3420 1767 3456 solum
1785 3420 1927 3466 epistola
1944 3419 2176 3467 Apologetica
2191 3444 2201 3459 ‚
2230 3420 2270 3455 Ρ.
2286 3419 2401 3454 Bona-

314 3481 471 3507 venturae
489 3468 649 3506 Ruthenli
663 3468 850 3516 Capucino
864 3467 1025 3516 inscripta
1044 3470 1230 3509 solidisiime
1244 3471 1439 3509 confutavit
1452 3495 1464 3514 ‚
1492 3470 1545 3507 sed
1558 3470 1663 3507 etiam
1678 3479 1723 3504 ex
1739 3467 1877 3504 confusa
1893 3468 2060 3504 Primatus
2072 3467 2107 3503 &
2130 3465 2395 3503 lnfallibilitatis

313 3531 390 3566 quae
407 3517 495 3553 ¹'ione
514 3531 592 3555 eum
606 3518 650 3554 de
662 3517 803 3555 crimine
822 3517 891 3554 falsi
906 3518 1015 3554 libere
1027 3519 1139 3563 arguit
1151 3542 1161 3553 .
1181 3520 1373 3568 Junfiturus
1387 3520 1498 3568 majus
1515 3516 1738 3565 disputationi
1756 3516 2009 3553 Rhenofelsenli
2024 3518 2128 3552 robur
2142 3539 2156 3559 ‚
2179 3516 2254 3552 atita
2276 3515 2400 3562 dispu-

312 3566 457 3603 tationis
475 3578 532 3613 per
550 3567 605 3604 sex
620 3566 749 3604 menses
763 3578 843 3604 curn
856 3567 1103 3603 Haberkornio
1114 3570 1328 3606 continuatas
1340 3568 1429 3615 typis
1441 3569 1495 3604 edi
1510 3567 1649 3609 voluit,
1675 3564 1886 3601 laudantibus
1901 3565 1983 3612 ‚qui
1996 3564 2148 3601 veritatis
2162 3565 2262 3601 amici
2282 3575 2395 3608 erant,

317 3615 600 3665 typum,passione
620 3627 727 3653 tamen
741 3616 938 3664 eorum,qui
952 3614 1089 3653 occulte
1105 3617 1235 3664 semper
1246 3629 1364 3656 contra
1381 3629 1458 3653 eum
1475 3615 1764 3657 machinabantur,
1775 3614 1874 3649 illum
1889 3613 2102 3659 impediente
2116 3637 2128 3649 .
2155 3613 2300 3651 Sedatus
2312 3614 2396 3653 dum

311 3665 469 3702 nonnihil
485 3677 598 3703 motus
611 3666 808 3703 credebatur
822 3689 835 3709 ,
860 3664 989 3712 prodiit
1003 3664 1038 3700 in
1053 3667 1166 3703 lucem
1179 3668 1267 3704 alius
1279 3667 1443 3710 Libellus,
1463 3665 1522 3701 sub
1535 3663 1618 3699 fisto
1636 3663 1687 3699 M.
1709 3661 1815 3699 locoli
1836 3663 1959 3699 Severi
1980 3662 2093 3698 Medii
2106 3663 2240 3698 nomine
2260 3686 2273 3706 ,
2295 3662 2396 3710 cujus

271 3757 274 3762 ,
315 3725 431 3751 tamen
445 3726 567 3750 vetum
581 3713 770 3751 Austorem
784 3714 1000 3751 Catholicum
1017 3713 1111 3750 fuiffe
1136 3715 1251 3752 Roma
1266 3716 1459 3753 Valeriano
1481 3711 1597 3749 retulit
1610 3736 1623 3755 ‚
1649 3712 1710 3760 qui
1723 3735 1734 3754 ,
1763 3721 1801 3746 ut
1814 3710 2035 3747 Valerianum
2053 3711 2209 3747 liberiore
2223 3712 2313 3759 ssylo
2327 3711 2394 3746 im-

314 3771 470 3810 peteret,
495 3763 641 3800 haeretici
661 3764 836 3799 Personam
852 3762 1012 3799 ementiri
1031 3775 1099 3799 non
1112 3765 1270 3801 erubuit.
1296 3760 1554 3802 Commentario
1571 3760 1663 3808 typis
1677 3760 1798 3802 edito,
1822 3763 1854 3795 &
1876 3759 1909 3796 in
1931 3758 2073 3795 secunda
2089 3760 2240 3796 editione
2263 3770 2392 3806 appen-

310 3812 388 3851 dice
401 3815 434 3850 ὅ(
448 3812 675 3862 appendicula
689 3812 918 3851 adauctos-lic
930 3814 962 3849 se
977 3812 1011 3847 8(
1026 3813 1227 3860 Capucinos
1245 3825 1363 3853 contra
1377 3816 1504 3851 larvam
1516 3809 1701 3857 impietatis
1714 3808 1884 3856 protexit.
1900 3809 1948 3845 At
1959 3831 1969 3849 ‚
1981 3810 2054 3855 quo
2064 3807 2189 3846 fortius
2200 3809 2257 3892 iuti
2271 3818 2392 3893 ‘lienam

2255 3868 2275 3892 ο
