2638 4204
396 303 570 390 254

340 406 565 450 liberaliter
592 399 734 443 volens
749 429 762 452 ,
792 398 961 457 aliquam
977 399 1150 453 pecuniae
1164 397 1352 439 summam

339 466 382 508 in
396 467 480 522 pios
497 460 802 511 usus‚videlicet
817 461 856 501 in
873 457 1091 500 medicinas
1105 486 1118 508 ,
1132 458 1171 497 &
1185 455 1352 497 alimen-

338 534 381 567 ta
404 524 578 566 Militum
591 543 605 566 2
631 519 669 559 in
685 519 756 559 hac
785 518 925 560 eadem
939 515 1191 571 expeditione
1207 514 1353 557 vulne-

338 584 450 627 ribus
464 576 805 623 conficiendorum
821 605 835 629 ,
868 576 933 618 vel
964 573 1238 617 fatiscentibus
1255 574 1351 615 viri-

340 644 414 685 bus
438 642 476 682 in
497 637 624 678 varios
639 637 800 678 morbos
827 634 1087 676 incidentium
1109 643 1351 675 converten-

339 703 432 744 dam
447 696 665 751 ,quantum
684 695 721 735 in
740 693 915 736 Domino
936 692 1088 747 potest,
1115 691 1273 747 elargiri
1291 694 1349 733 in-

340 757 511 806 tendat3
531 762 572 794 ut
594 750 731 794 sanctae
746 749 969 808 hujusmodi
985 751 1198 793 intentioni
1212 749 1349 793 debite

339 813 498 861 satisfiat
513 840 526 862 ‚
555 814 639 853 Nos
657 811 707 852 de
722 810 850 853 vestro
865 811 902 851 in
922 810 1149 864 proximum
1168 810 1260 853 zelo
1274 840 1289 861 ,
1310 811 1350 850 &

339 877 380 918 in
409 877 447 917 S.
463 869 610 914 §edem
635 867 886 911 observantia
910 867 1125 923 plurimum
1151 868 1189 909 in
1209 868 1348 910 Domi-

339 947 393 976 no
406 927 539 973 confisi
556 957 569 980 ,
584 928 669 970 Vos
683 930 720 969 δι
737 925 907 969 vestium
923 925 1091 980 fingulos
1105 956 1119 977 ,
1136 938 1178 968 ut
1202 927 1240 967 in
1260 930 1346 969 Ho-

340 988 546 1047 spitalibus
571 987 801 1029 Castrorum
828 985 1097 1027 Caefareorum
1123 986 1162 1026 in
1183 986 1351 1040 Hunga-

338 1050 427 1100 ria,
453 1046 706 1102 pestetamen
723 1057 800 1085 non
817 1041 990 1090 infeftis,
1013 1043 1050 1086 in
1072 1041 1252 1099 praesenti
1281 1057 1350 1085 ex·

339 1107 572 1165 peditione2
595 1112 676 1145 tam
705 1115 842 1143 curam
870 1101 1106 1144 Animarum
1127 1101 1258 1156 quoad
1282 1101 1351 1143 ad-

337 1164 669 1208 ministrationem
697 1163 1050 1203 sacramentorum
1069 1161 1321 1202 Poenitentiae
1334 1188 1348 1211 ,

338 1223 623 1270 Eucharistiae,
649 1221 685 1261 &
712 1221 909 1261 Extrema:
943 1219 1153 1261 Unffionis
1178 1233 1351 1274 gerere,

339 1284 459 1339 quam
474 1281 596 1323 etiam
612 1278 894 1334 inspefitionem
907 1305 921 1327 ,
936 1287 982 1319 ut
998 1275 1165 1319 infirmis
1181 1278 1349 1320 alimen-

342 1353 383 1384 ta
402 1371 414 1391 ‚
427 1343 466 1382 δι
482 1342 697 1395 pharmaca
710 1335 788 1378 rite
806 1337 1075 1389 praebeantur,
1091 1335 1244 1379 habere
1258 1338 1347 1392 pos-

334 1400 416 1442 fitis
433 1427 447 1449 ,
460 1401 500 1440 ἃ.
516 1397 685 1439 valeatis
698 1423 712 1445 ,
731 1396 986 1437 AuCtoritate
1004 1393 1347 1450 Apostolica,No-

334 1459 397 1501 bis
429 1458 450 1498 a
474 1453 718 1500 Sanfflffimo
748 1453 978 1509 specialiter
1002 1451 1183 1495 conceffa
1199 1483 1215 1504 ‚
1243 1467 1341 1495 con·

336 1516 533 1558 sentiente
562 1543 577 1564 ,
627 1513 706 1554 imo
737 1511 1054 1554 sollicitudinem
1083 1510 1339 1555 Pontificiam

336 1575 586 1630 approbante
622 1570 898 1626 Augustiffimo
929 1568 1085 1613 Caesare
1102 1599 1116 1621 ,
1145 1584 1219 1626 per
1252 1584 1348 1626 prae·

336 1633 470 1676 sentes
499 1631 777 1673 constituimus
791 1656 805 1678 ,
835 1629 875 1669 δι
899 1626 1138 1683 deputamus
1152 1656 1166 1680 ,
1200 1631 1253 1670 ita
1271 1657 1284 1679 ,
1302 1637 1345 1669 ut

336 1692 390 1734 de
424 1689 580 1740 modo,
606 1687 804 1731 fidelitate
821 1715 835 1738 ,
863 1687 903 1727 δι
930 1687 1172 1742 vigilantia,
1203 1687 1348 1742 quibus

335 1750 508 1808 praesatae
523 1747 676 1789 militiae
692 1748 729 1787 in
747 1743 1015 1799 hospitalibus
1028 1773 1041 1795 ,
1063 1757 1107 1787 ut
1124 1743 1256 1798 supra,
1273 1746 1347 1787 de-

335 1818 462 1851 tentae
476 1835 491 1858 ,
520 1806 572 1847 de
590 1804 802 1847 medicinis
822 1804 861 1843 δι
876 1801 1081 1844 alimentis
1099 1802 1353 1857 prospetflum

334 1863 486 1913 fuerit,
515 1867 600 1907 Nos
622 1861 789 1917 singulis
811 1861 1005 1903 menfibus
1023 1891 1038 1912 ,
1072 1861 1169 1901 dum
1186 1862 1348 1904 ratioci-

334 1926 401 1970 nia
417 1924 492 1965 una
513 1925 536 1966 ὲ
553 1922 681 1964 Vobis
697 1918 975 1962 subscribenda
989 1948 1003 1970 ,
1016 1919 1065 1960 ad
1082 1922 1182 1961 hanc
1200 1920 1348 1962 Aulam

334 1984 507 2037 desuper
524 1980 741 2023 mittentur
754 2007 768 2030 ,
787 1979 987 2021 certiores
1004 1978 1179 2021 reddere
1194 1980 1347 2021 debea—

335 2043 418 2091 tis,
444 2043 483 2083 δι
508 2053 587 2082 non
602 2039 743 2081 aliter.
775 2038 946 2080 Interim
971 2051 1046 2093 pro
1064 2038 1204 2080 vestro
1233 2037 1344 2092 spiri-

334 2100 437 2144 tuali
461 2099 606 2142 solatio
623 2125 638 2148 ,
665 2111 709 2138 ac
725 2096 806 2151 quo
834 2096 1092 2139 commodius
1108 2093 1274 2138 infirmis
1288 2094 1348 2137 as-

329 2160 464 2202 sistere
480 2187 495 2211 ,
525 2157 773 2210 vestramque
804 2155 1089 2198 valetudinem
1110 2169 1256 2198 curare
1276 2168 1346 2196 va·

331 2217 454 2261 leatis
470 2246 484 2267 ,
515 2215 657 2259 eadem
690 2215 927 2256 auctoritate
952 2243 968 2265 ,
1002 2223 1046 2256 ut
1077 2212 1194 2269 super
1230 2213 1347 2255 altari

333 2276 517 2332 portatili
538 2277 575 2317 in
590 2274 735 2317 itinere
764 2273 1002 2323 celebrare,
1033 2274 1072 2313 &
1088 2271 1279 2323 indufiis,
1299 2287 1345 2314 ac

333 2332 614 2376 foi-:moralibus
628 2346 703 2388 pro
717 2342 906 2387 tempore
921 2330 1243 2374 commiffiVobis
1257 2345 1345 2374 mu·

335 2392 446 2436 neris
474 2393 566 2442 uti,
595 2404 668 2432 nec
692 2404 769 2432 non
784 2392 999 2447 pecuniam
1013 2405 1089 2445 pro
1114 2390 1346 2446 indigentiis

335 2449 477 2494 vestris
506 2451 784 2496 contret‘tare,
813 2449 1003 2498 servare,
1042 2451 1082 2490 δι
1110 2449 1346 2503 expendere

333 2508 504 2552 valeatis
519 2536 534 2558 ,
549 2506 676 2549 Vobis
691 2506 897 2548 licentiam
911 2506 1205 2558 concedimus,
1220 2509 1259 2548 δι
1274 2509 1348 2548 im-

334 2570 538 2624 pertimur
557 2594 569 2606 .

399 2629 556 2668 Datum
581 2623 750 2665 Viennae
771 2621 934 2664 Austriae
958 2635 1008 2664 ex
1037 2618 1197 2665 Palatio
1224 2622 1346 2666 solita!

333 2684 568 2728 refidentiae
582 2682 722 2725 uostrae
735 2680 804 2724 die
820 2679 976 2724 decima
990 2682 1112 2725 tertia
1124 2681 1263 2725 meniis
1273 2685 1345 2740 Ju-

335 2744 521 2800 1i11739.

475 2858 818 2925 Archiepisbopus
857 2854 1074 2928 Iconietfis
1109 2860 1302 2911 Nuncius

610 2928 876 2996 Apoflolicus
892 2966 905 2979 .

395 3097 644 3156 Autograph.
670 3096 713 3140 in
725 3096 897 3143 Archivo
916 3097 1128 3151 Provincia·
1141 3126 1154 3139 .

1111 265 1645 352 Provincia

1414 401 1576 449 Altare
1596 398 1823 464 Capellae,
1855 396 1899 444 in
1922 412 2007 462 qua
2037 398 2406 463 Imperatorum*

1482 471 1741 535 Principum
1760 465 1808 517 &
1835 465 2199 532 Principiffarum
2225 486 2281 519 ex
2307 475 2401 521 Do·

1479 557 1559 589 mo
1596 537 1834 588 Austriaca
1850 535 1940 589 ἃς.
1972 534 2247 604 sepeliuntur
2270 574 2286 597 ,
2313 543 2400 608 pri·

1426 657 1429 660 .
1477 612 1696 680 vilegiat.

1411 740 1979 793 BENEDICTUS
2021 740 2226 788 PAPA
2263 741 2408 789 XIV.

1594 866 1861 926 Adfaturam
1885 871 1944 910 rei
1973 869 2197 909 memoriam
2212 894 2224 907 .

1551 985 1705 1028 Mnium
1721 984 1832 1028 saluti
1849 985 2014 1040 paterna
2029 985 2227 1027 charitate
2241 984 2406 1037 intenti,

1566 1051 1683 1087 Sacra
1711 1044 1914 1085 interdum
1934 1045 2020 1086 loca
2050 1043 2318 1098 spiritualibus
2337 1046 2405 1098 1n7

1410 1103 1716 1158 dulgentiarum
1740 1103 1977 1144 muneribus
1992 1101 2253 1152 decoramus,
2287 1113 2329 1142 ut
2345 1102 2404 1144 in—

1409 1161 1460 1203 de
1491 1161 1689 1203 Fidelium
1720 1160 2010 1202 Desunc'torum
2044 1160 2205 1210 animae,
2239 1161 2407 1203 Domini

1409 1220 1533 1262 nostri
1550 1217 1643 1274 Jesu
1668 1217 1844 1268 Christi,
1877 1218 2037 1274 ejusque
2064 1220 2299 1259 Sanctorum
2314 1218 2407 1261 Sus-

1410 1275 1537 1333 fragia
1569 1276 1810 1318 meritorum
1834 1276 2022 1333 consequi
2047 1304 2062 1326 ,
2094 1276 2133 1316 &
2160 1274 2240 1317 illis
2267 1276 2413 1333 adjuta:

1408 1351 1458 1380 ex
1475 1334 1696 1391 purgatorii
1720 1336 1852 1390 poenis
1877 1336 1925 1378 ad
1941 1343 2128 1377 aeternam
2151 1332 2319 1376 salutem
2333 1349 2407 1392 per

1409 1396 1485 1438 Dei
1502 1392 1815 1437 misericordiam
1840 1393 2004 1449 perduci
2021 1392 2179 1434 valeant
2194 1421 2206 1433 .
2351 1401 2353 1403 ’

1459 1457 1567 1496 Cum
1585 1454 1748 1507 itaque,
1773 1453 1869 1494 ficut
1883 1452 2139 1507 accepimus,
2169 1451 2303 1494 subtus
2321 1453 2399 1494 Ec·

1401 1511 1562 1554 clefiam
1590 1509 1829 1554 Conventus
1857 1514 2043 1554 Fratrum
2066 1510 2230 1552 Ordinis
2263 1512 2398 1553 Mino-

1406 1584 1497 1613 rum
1523 1572 1563 1611 S.
1587 1570 1789 1614 francisci
1818 1570 2119 1624 Capucinorum
2150 1574 2408 1623 nuncupato?

1405 1643 1511 1680 rum,
1528 1630 1716 1673 Civitatis
1731 1628 1984 1680 Viennensis,
1996 1627 2175 1684 quaedam
2198 1627 2367 1683 Capella
2381 1637 2402 1679 ²,

1411 1688 1449 1729 in
1467 1702 1544 1742 qua
1561 1687 1772 1729 Cadavera
1791 1691 2087 1743 Imperatorum
2101 1715 2114 1737 ,
2133 1685 2200 1728 seu
2213 1686 2252 1727 in
2271 1689 2408 1742 Impe-

1408 1756 1565 1788 ratores
1581 1745 1813 1787 Electorum
1828 1775 1841 1797 ,
1869 1759 2092 1801 eorumque
2111 1745 2291 1786 Uxorum
2306 1773 2320 1796 ,
2338 1758 2413 1787 nec

1413 1818 1493 1847 non
1520 1806 1691 1847 aliorum
1721 1805 1984 1859 Principum,
2015 1806 2050 1845 δι
2081 1802 2409 1857 Principiffarum

1411 1877 1460 1905 ex
1487 1863 1639 1917 inclyta
1659 1866 1792 1906 Domo
1808 1864 2006 1906 Austriaca
2021 1891 2034 1914 ‚
2061 1862 2124 1904 seu
2139 1863 2179 1904 in
2199 1876 2284 1903 eam
2301 1865 2417 1916 Nup-

1410 1932 1542 1964 tarum
1559 1920 1714 1976 sepulta
1729 1921 1818 1963 sunt
1833 1949 1847 1971 ,
1878 1924 2104 1977 reperiatur
2116 1949 2132 1971 ,
2161 1924 2243 1962 Nos
2260 1919 2412 1975 Capel-

1409 1980 1488 2022 lam
1518 1980 1741 2035 hujusmodi
1768 1982 1845 2023 hoc
1861 1980 2020 2036 speciali
2050 1980 2159 2021 dono
2178 1979 2415 2023 illustraro

1407 2039 1590 2080 volentes
1607 2068 1623 2089 ,
1647 2039 1896 2081 authoritate
1926 2039 2061 2081 Nobis
2091 2040 2113 2080 a
2141 2039 2317 2078 Domino
2334 2048 2418 2078 tra—

1406 2094 1520 2143 dita,
1546 2111 1591 2139 ac
1616 2097 1667 2139 de
1697 2098 1997 2152 omnipotentis
2018 2097 2092 2139 Dei
2113 2094 2413 2146 misericordia,

1409 2170 1454 2198 ac
1471 2158 1682 2197 Beatorum
1700 2157 1810 2198 Petri
1835 2158 1874 2198 δι
1892 2156 2005 2198 Pauli
2022 2154 2314 2209 Apostolorum
2331 2153 2419 2207 ejus

1408 2214 1656 2259 authoritate
1671 2212 1805 2256 confisi
1822 2243 1833 2264 ,
1850 2225 1916 2263 ut,
1934 2215 2258 2270 quandocunque
2273 2218 2415 2255 bacer-

1407 2274 1480 2316 dos
1507 2272 1650 2327 aliquis
1677 2272 1882 2313 Saecularis
1909 2300 1922 2320 ,
1950 2273 2012 2313 vel
2046 2270 2222 2327 cujusvis
2252 2270 2415 2313 Ordinis

1411 2330 1628 2386 Regularis
1655 2326 1807 2371 Missam
1839 2329 2131 2371 Defunctorum
2160 2342 2234 2383 pro
2250 2329 2412 2371 anima.»

1409 2389 1679 2447 cujuscunque
1694 2388 1956 2443 Imperatoris
1972 2388 2086 2430 electi
2102 2417 2116 2437 ,
2144 2385 2278 2442 ejusve
2297 2390 2412 2428 Con-

1406 2451 1538 2505 iugis,
1566 2446 1764 2502 Principis
1791 2456 1860 2489 aut
1881 2445 2116 2502 Principissae
2140 2458 2190 2485 ex
2211 2446 2411 2488 Familia...

1405 2507 1567 2564 praefata
1583 2533 1596 2556 ,
1627 2505 1691 2547 vel
1707 2504 1945 2560 Principiffae
1958 2507 1997 2547 in
2014 2503 2182 2547 eandem
2200 2505 2412 2547 Familiam

1407 2576 1566 2622 nuptae,
1601 2578 1687 2619 quae
1717 2567 1805 2606 Deo
1833 2566 1870 2606 in
1896 2564 2091 2606 charitate
2111 2562 2325 2618 conjuncta
2355 2562 2406 2603 ab

1405 2627 1478 2668 hac
1493 2623 1584 2666 luce
1602 2621 1837 2679 migraverit
1853 2651 1866 2674 ,
1891 2623 1939 2663 ad
1957 2623 2180 2677 praedit‘tam
2197 2619 2410 2674 Capellam

1406 2682 1655 2732 celebrabit,
1683 2682 1812 2723 anima
1839 2682 1917 2735 ipsa
1937 2684 1989 2722 de
2021 2678 2209 2723 thesauro
2223 2677 2412 2721 Ecclefiae

1403 2757 1478 2799 per
1491 2742 1653 2784 modum
1669 2741 1851 2794 Suffragii
1879 2740 2174 2793 indulgentiam
2188 2735 2413 2791 consequa-

1403 2813 1471 2844 tur
1487 2802 1574 2851 ,ita
1587 2828 1601 2850 ,
1613 2810 1655 2841 ut
1670 2799 1847 2853 ejusdem
1868 2798 2029 2839 Domini
2045 2796 2268 2852 nostrijesu
2284 2796 2411 2838 Chri-

1403 2860 1448 2902 sti
1472 2889 1486 2910 ,
1515 2860 1554 2900 &
1580 2857 1810 2899 Beatiffimae
1838 2855 2015 2910 Virginis
2044 2857 2204 2906 Mariae,
2243 2856 2410 2898 Sancto·

1405 2930 1575 2972 rumque
1589 2917 1767 2957 omnium
1796 2916 1949 2957 meritis
1973 2916 2043 2958 sibi
2064 2914 2368 2968 suffragantibus
2382 2909 2407 2954 ὁ

1403 2975 1634 3033 purgatorii
1649 2975 1779 3030 poenis
1795 2974 2019 3024 liberetur,
2051 2972 2335 3022 concedimus,
2367 2973 2408 3013 δε

1402 3036 1658 3089 indulgemus
1673 3063 1687 3085 ,
1701 3034 1739 3075 in
1764 3035 2008 3075 contrarium
2034 3031 2276 3074 facientibus
2293 3045 2407 3073 non...

1402 3093 1648 3139 obstantibus
1686 3090 1982 3147 quibuscunque
2010 3119 2024 3142 ,
2063 3091 2320 3145 praesentibus
2353 3088 2407 3146 ad

1402 3152 1642 3196 decennium
1656 3149 1811 3193 tantum
1841 3148 2023 3192 valituris
2036 3180 2049 3191 .

1462 3213 1612 3253 Datum
1627 3211 1764 3252 Romae
1779 3209 1881 3265 apud
1897 3211 2079 3253 sanciam
2095 3208 2264 3253 Mariam
2281 3206 2408 3260 Majo-

1404 3284 1489 3313 rem
1531 3269 1599 3310 sub
1635 3268 1786 3310 annulo
1824 3268 2035 3310 Piscatoris
2074 3269 2142 3310 die
2171 3282 2211 3310 v.
2251 3263 2398 3320 Aprilis

1406 3341 1596 3373 Moccxtt
1611 3341 1647 3371 t.
1669 3325 1937 3371 Pontificatus
1951 3327 2072 3370 nostri
2094 3341 2197 3370 anno
2211 3322 2399 3368 secundo.

1718 3505 1770 3546 D.
1792 3500 2023 3546 Cardinalis
2039 3499 2293 3544 Paffioneus;

1459 3681 1816 3741 Brevefhrmatum
1838 3678 1881 3723 in
1898 3678 2071 3723 Arctho
2087 3678 2304 3722 Conventa&
2320 3704 2332 3717 .

2245 3912 2346 3959 Nof
