2658 4256
936 201 1586 323 'Ap-ostonem

2224 247 2278 324 7

738 377 1056 446 Eminentiffi'mi
1074 415 1091 440 ,
1129 399 1176 429 ac
1210 379 1569 446 Reverendffmi
1604 375 1809 427 Domini.
1876 374 1881 378 ³

319 493 406 532 Cum
418 494 512 532 inter
531 494 616 532 alias
632 495 820 545 facultates
842 498 886 533 ab
908 495 1011 554 isthac
1031 499 1073 535 S.
1098 498 1369 546 Congregatione
1390 496 1429 534 S.
1446 494 1560 545 Officii
1583 492 1810 542 ,Mtffionariis
1835 495 2024 544 Capacinis
2042 497 2179 533 concedi
2191 499 2335 547 solitas,

218 550 291 596 fena
303 541 348 591 fit
362 543 591 593 subsequens:
615 545 767 589 Singulis
793 545 946 582 secundis
969 544 1060 582 feriis
1087 557 1156 582 non
1175 546 1350 592 Impeditis
1365 544 1470 582 Festis
1496 554 1621 580 novem
1638 543 1822 578 lectionum
1837 565 1850 586 ‚
1876 546 1932 580 vel
1955 544 2004 580 eis
2031 544 2204 592 impeditis
2234 572 2247 591 ‚
2282 552 2337 588 die

217 591 412 629 immediate
436 592 614 640 sequenti,
640 594 845 630 celebrando
863 593 997 630 Miffam
1020 594 1062 630 de
1085 597 1240 642 requiem
1264 620 1275 636 ,
1295 593 1333 628 in
1356 603 1565 638 quocunque
1591 591 1708 627 Altari
1728 591 1831 626 etiam
1855 592 2037 637 porrarssi,
2065 594 2231 630 liberandi
2249 598 2336 632 Ani-

215 655 307 680 mam
338 644 522 680 secundum
546 642 622 690 ejus
649 639 867 679 intentionem
886 643 906 677 a
932 641 1128 685 Purgatorii
1145 642 1255 687 poenis
1273 652 1333 687 per
1360 639 1499 675 modum
1526 637 1693 684 suffragii.
1724 638 1785 687 Ipsi
1797 648 1908 676 autem
1933 640 2139 690 Mtffionarii
2168 642 2337 690 Capacint

215 691 276 728 vel
303 692 382 729 raro
401 718 413 737 ‚
439 691 496 730 vel
509 689 586 739 fere
609 698 784 735 uunquam
804 690 946 736 praefato
981 688 1102 726 utendi
1127 687 1330 736 'Privilegio
1349 686 1457 723 locum
1487 687 1660 729 habeant,
1686 697 1725 722 ea
1745 687 1786 724 de
1807 686 1907 735 causa
1921 712 1935 731 ,
1959 688 2048 736 quad
2071 689 2115 725 ab
2143 694 2338 727 occurrenti

213 740 415 781 Sanfiiorum
459 736 685 786 uamplurium
699 736 849 772 Ordinis
865 737 1140 785 suifrequentid
1153 737 1241 786 saepe
1254 736 1379 785 saepius
1401 746 1469 770 non
1484 734 1593 782 solum
1612 734 1710 782 feria
1724 735 1879 782 secunda
1894 760 1908 779 ‚
1920 736 1983 782 sed
1997 738 2040 777 ἐς*
2060 737 2132 774 dies
2147 738 2338 775 immediate

204 793 351 841 sequens
376 790 398 827 ὰ
444 789 504 839 esto
526 784 655 834 duplica·
675 784 718 831 fit
739 783 900 831 impedita
918 797 928 820 τ
955 786 1018 821 imo
1040 798 1100 824 nec
1122 797 1194 822 una
1216 785 1350 833 quidem
1373 783 1446 818 dies
1465 795 1506 819 ex
1528 786 1668 829 integra
1687 783 1891 819 hebdomada
1905 785 2109 833 frequenter
2125 786 2269 836 superfit
2296 787 2342 822 li-

211 843 294 879 bera
310 867 320 878 .
347 839 532 887 Eapropter
552 835 762 873 Procurator
787 831 996 873 Generalis,
1023 846 1064 869 ne
1097 833 1305 881 Miffionarii
1326 832 1389 878 sui
1415 830 1567 867 Ordinis
1594 840 1692 868 tanto
1708 831 1904 881 frustentur
1925 831 2118 881 Privilegio
2135 857 2148 877 ,
2169 845 2338 882 tamque)

209 893 311 935 uberi
327 895 515 938 purgantes
532 882 664 919 Animae
682 879 899 928 fraudentur
911 880 1079 930 suffiagio
1097 904 1110 924 ‚
1138 880 1208 918 ΒΕ.
1224 878 1304 917 W.
1325 878 1509 916 humillimi
1525 877 1726 926 supplicat,
1751 889 1922 927 quatenus
1935 880 2125 927 dignentur
2142 884 2338 927 concedere,

210 940 300 991 quod
322 948 388 973 non
410 933 555 983 obstante
576 930 776 967 continuata
801 929 904 965 etiam
923 938 987 977 per
1013 939 1118 966 totam
1139 928 1376 964 hebdomadam
1402 928 1621 964 occurrentia
1636 926 1750 976 Officii
1773 927 1920 975 duplicis
1934 950 1947 969 ‚
1972 928 2133 977 ejusmodi
2150 930 2338 978 privilegio

205 988 358 1040 gaudere
379 981 519 1019 valeant
530 975 636 1028 semel
653 978 692 1011 in
704 975 850 1024 fingulis
878 977 1116 1020 hebdomadis,
1144 975 1341 1014 celebrando
1362 974 1501 1026 Mtffitm
1523 985 1719 1012 currentem
1737 975 1843 1024 juxta
1868 975 2132 1014 declarationem
2144 980 2225 1028 san.
2238 991 2334 1017 mem.

210 1035 392 1079 Clementis
413 1027 479 1067 ιΧ.
501 1037 564 1079 per
579 1026 683 1076 suum
705 1024 819 1061 Breve
840 1025 897 1062 die
919 1036 977 1074 23.
1001 1026 1170 1075 Septemb.
1189 1023 1279 1062 «An.
1303 1025 1403 1073 1669.
1429 1024 1548 1075 Qm
1573 1023 1737 1063 Gratiam
1751 1023 1847 1061 Deus
1871 1025 1945 1067 ὢν.

880 1162 883 1164 Α
921 1120 1023 1161 feria
1046 1130 1173 1175 quarta
1198 1121 1255 1159 die
1279 1134 1313 1159 2.
1339 1121 1497 1162 Ossiobris
1515 1131 1618 1172 1737.

302 1230 343 1268 ln
364 1223 636 1275 congregatione
659 1220 824 1260 Generali
843 1220 975 1268 Sant'iae
990 1220 1151 1257 Romana
1164 1244 1177 1264 ‚
1202 1220 1246 1260 ἐπ’
1259 1221 1477 1269 vniversalis
1490 1219 1721 1271 Inquisitienis
1732 1243 1745 1264 ,
1759 1221 1880 1258 habita
1898 1221 1939 1257 in
1954 1222 2138 1261 Conventa
2160 1221 2198 1259 S.
2213 1221 2340 1259 Maria

199 1281 308 1332 supra
323 1278 523 1316 Minervam
545 1283 658 1309 coram
683 1271 804 1315 Emis,
828 1270 871 1311 ὠ·
890 1268 991 1306 Κῆᾶἱς
1015 1270 1098 1306 DD.
1119 1270 1160 1305 S.
1184 1268 1234 1304 R.
1247 1269 1287 1304 E.
1312 1268 1563 1307 Cardinalibus
1576 1294 1590 1313 ‚
1616 1271 1654 1305 in
1677 1277 1751 1305 tota
1773 1269 1964 1318 Republica
1996 1271 2194 1320 Christiana
2218 1281 2339 1307 contra

207 1329 398 1368 haereticam
418 1323 630 1372 pravitatem
653 1319 905 1368 Inquisitorihos
927 1316 1155 1355 Generalibus
1170 1339 1182 1357 ,
1209 1316 1230 1352 ἃ
1249 1317 1375 1355 Sancta
1399 1318 1488 1356 Sede
1512 1316 1702 1366 Apostolica
1717 1318 1916 1365 specialiter
1938 1320 2112 1369 deputatis
2125 1343 2134 1354 .

303 1373 399 1412 Lefio
412 1369 645 1419 suprascripto
662 1366 860 1405 Memoriali
874 1389 887 1410 ,
913 1366 991 1402 Eam
1005 1389 1019 1408 ‚
1044 1366 1088 1407 ἶς’
1106 1363 1191 1401 Rriii
1210 1364 1293 1402 DD.
1315 1365 1521 1405 Gardinales
1539 1367 1754 1415 Inquisitores
1768 1365 1953 1405 Generales
1969 1367 2124 1416 praedifii

578 1418 675 1453 ribus
696 1416 842 1462 petitam
864 1414 1115 1462 ampliationem
1131 1412 1342 1461 facultatum
1364 1415 1410 1451 ad
1425 1415 1573 1463 formam
1599 1415 1826 1451 Decretorum
1851 1427 1877 1451 s.
1901 1428 1946 1452 m.
1973 1414 2170 1455 Alexandri
2193 1413 2272 1451 Vll.
2297 1416 2341 1456 &¹

206 1424 344 1465 concedi
363 1419 445 1471 poffe
464 1419 519 1456 Or

2150 1356 2318 1403 dixerunt
2326 1391 2342 1411 ‚

207 1472 390 1513 Clementis
415 1465 500 1510 lX.,
535 1479 547 1500 1
567 1463 770 1512 Sant‘tiffimo
791 1461 964 1509 placuerit
979 1489 989 1499 .
1015 1462 1061 1499 Et
1085 1461 1187 1499 Feria
1210 1472 1338 1510 quarta
1362 1463 1418 1498 die
1446 1464 1500 1499 16.
1523 1461 1668 1510 eJusdem
1690 1463 1803 1510 mensis
1824 1463 1863 1496 in
1880 1463 1987 1510 solita
2011 1463 2191 1498 audientia
2211 1462 2341 1509 satia.»

138 1516 145 1524 .
202 1532 264 1573 per
282 1520 329 1557 R·
347 1519 387 1558 p,
401 1517 447 1554 D.
461 1511 653 1567 Affi’ſjorem
665 1515 705 1549 S.
721 1511 834 1561 Officii
851 1510 1017 1548 relatione
1032 1510 1235 1558 Sanfiiffimo
1257 1510 1405 1546 Domino
1422 1509 1550 1559 Nostro
1573 1508 1741 1546 Clementi
1760 1509 1900 1545 Divina
1915 1510 2148 1548 Providentia
2165 1510 2240 1549 PP.
2256 1511 2341 1547 XII.

204 1569 379 1612 Sanfiiitas
401 1567 476 1605 sua
499 1561 643 1611 benigne
665 1562 816 1603 annuit,
839 1569 880 1598 ut
900 1560 1033 1607 supra.

1013 1629 1153 1696 Paulus
1181 1656 1376 1720 flntonius
1403 1655 1632 1708 Capellonus
1648 1652 1801 1698 santtae
1815 1657 1998 1700 Romanae
2020 1657 2074 1707 ἐν
2101 1657 2337 1715 Univerfizlis

1007 1712 1272 1770 Inquisittonis
1297 1713 1487 1757 Notarius
1504 1741 1516 1755 .

217 1856 679 1878 ffl——-

147 1970 152 1973 '
206 1967 277 2015 Ex
307 1957 560 2011 Provinciis
596 1954 855 2006 Germaniae
885 1966 995 2002 tunc
1029 1952 1239 2002 dividen-

274 2032 343 2081 dis
367 2065 383 2088 ‚
418 2030 501 2080 -vel
529 2025 685 2077 divifis
711 2062 727 2085 ,
768 2041 858 2074 non
889 2022 970 2072 nifi
1001 2022 1238 2074 Ministros

279 2100 583 2151 Provinciales
600 2114 710 2148 curn
730 2113 821 2156 uno
839 2093 1043 2145 Custode
1060 2129 1076 2152 ,
1109 2095 1237 2143 alter⁴

274 2172 420 2220 natirn
432 2167 643 2238 eligendo
657 2204 674 2227 ,
686 2167 890 2218 Comitia
907 2166 1149 2214 Gener-alia
1165 2182 1237 2213 ac-

274 2240 434 2290 cedere
452 2238 615 2298 debere
642 2237 799 2287 statuit
814 2271 831 2294 ‚
867 2232 916 2285 ὅτ
940 2235 987 2283 in
1003 2236 1070 2304 iis*
1087 2251 1234 2283 novos

251 2363 256 2368 ,
277 2315 552 2362 Conventus
574 2305 664 2361 fine
692 2304 888 2375 expreffa
916 2305 1089 2355 Sanstae
1107 2306 1235 2356 Sedis

276 2382 457 2431 licentia
472 2396 550 2447 per
566 2379 737 2428 litteras
760 2379 807 2426 in
823 2375 972 2437 forma
987 2378 1146 2427 Brevis
1162 2393 1235 2426 ex.

277 2450 494 2520 pedienda
509 2448 702 2499 construi
725 2445 934 2517 prohibet
950 2482 962 2495 .

245 2581 281 2623 A
311 2588 452 2634 tergo:
485 2578 643 2621 Dilecto
674 2576 777 2620 Filio
801 2574 989 2632 Ministro
1023 2576 1212 2619 Generali

330 2638 488 2681 Ordinis
511 2640 596 2681 FF.
614 2639 816 2680 Minorum
834 2634 1121 2690 Capucinorum

556 2704 865 2750 nuncupatorum
876 2721 889 2734 .

209 2814 719 2892 CLEMENS
802 2814 1044 2862 PAPA
1130 2813 1233 2862 I-X.

307 2934 463 2980 Dilecie
494 2937 577 2979 Pili
597 2935 773 2991 sc'zlutem
804 2935 852 2981 Θ·
883 2935 1138 2990 Apostolicam

555 2993 857 3036 Benedic‘iionem
881 3020 893 3031 .

324 3123 458 3179 Xponi
473 3123 602 3166 Nobis
629 3133 756 3175 nuper
784 3117 968 3162 fecerunt
989 3118 1124 3162 dilee'ti
1143 3116 1234 3161 Filii

210 3128 308 3240 E
341 3185 502 3226 Fratres
518 3179 739 3232 Provinciae
756 3181 809 3220 N.
833 3180 891 3220 tui
913 3178 1081 3220 Ordinis
1097 3178 1232 3220 Mino-

209 3254 301 3287 rum
318 3239 557 3283 §.Francisci
569 3234 874 3290 Capucinoium
893 3247 1232 3292 nuncupatorum,

209 3299 318 3356 quod
334 3301 371 3340 in
388 3298 581 3354 Capitulo
595 3295 785 3339 Generali
807 3294 902 3337 dieti
916 3294 1078 3336 Ordinis
1101 3293 1232 3337 novis-

211 3357 305 3402 fime
320 3358 358 3399 in
375 3359 447 3398 hac
463 3356 567 3398 alma
587 3354 696 3399 Urbe
710 3351 1134 3404 celebratomefinitio
1148 3356 1236 3395 Ge-

212 3415 359 3468 neralis
372 3415 474 3457 bene
490 3413 728 3471 perspec'tam
745 3413 892 3455 habens
905 3412 1126 3460 Provinciae
1140 3426 1237 3466 prae-

214 3477 330 3518 diuae
354 3474 606 3525 vastitatem,
628 3473 683 3514 ob
706 3486 826 3526 quarn
854 3471 921 3513 uni
953 3469 1022 3512 soli
1049 3470 1232 3513 Ministro

207 3532 466 3575 :Provinciali'
497 3533 656 3589 penitus
689 3531 744 3572 est
785 3528 1027 3585 impoffibilis
1059 3530 1234 3572 visitatio

217 3590 403 3632 consueta
418 3620 433 3641 ,
447 3590 584 3646 vigore
609 3590 775 3644 Regulae
796 3617 810 3639 ,
838 3590 878 3629 δι
891 3588 1243 3632 Constitutionum'

217 3648 476 3690 Generalium
510 3649 676 3692 omnino
713 3647 895 3703 requifita
919 3646 968 3688 ad
995 3645 1234 3690 conservan-

216 3707 307 3748 dam
343 3705 586 3763 disciplinam
616 3707 839 3761 regularem
865 3733 880 3757 ,
917 3703 1081 3761 aliisque
1108 3706 1233 3749 caufis

214 3761 445 3820 gravissimis
472 3767 728 3824 confideretis
753 3794 767 3818 ,
798 3766 947 3815 censuit
974 3765 1106 3807 eidem
1135 3769 1230 3810 Pro.

1032 1853 1376 1870 ——*

1611 1856 1727 1868 —
2224 1853 2341 1871 ⁸—-

1301 1953 1444 1997 vinciae
1469 1948 1795 1994 subveniendum
1825 1949 1902 1993 effe
1928 1965 1999 2007 per
2025 1952 2338 1997 convenientem

1301 2012 1535 2055 divisionem
1560 2010 1612 2053 de
1639 2008 1758 2066 hujus
1789 2012 1935 2055 Sandtae
1967 2009 2079 2054 Sedis
2099 2011 2340 2067 Apostolicae

1300 2070 1465 2114 licentii
1479 2067 1704 2112 faciendam
1718 2100 1730 2110 .
1747 2071 1888 2127 Qare
1903 2068 1969 2125 ipfi
1984 2081 2230 2126 exponentes
2246 2074 2339 2113 No‘-

1298 2131 1356 2173 bis
1386 2128 1591 2172 humiliter
1616 2125 1831 2183 supplicari
1860 2128 2045 2171 fecerunt
2070 2157 2084 2181 ,
2125 2139 2168 2171 ut
2196 2129 2265 2171 fibi
2295 2130 2337 2172 in

1295 2187 1492 2246 praemiffis
1508 2190 1736 2245 opportune
1751 2187 1966 2244 providere
1981 2217 1994 2237 ‚
2008 2190 2071 2237 δι,
2086 2197 2131 2230 ut
2147 2188 2336 2238 infra,in-

1295 2247 1469 2303 dulgere
1507 2246 1559 2291 de
1592 2246 1842 2302 benignitate
1876 2245 2107 2303 Apostolica
2138 2245 2336 2300 dignare-

1298 2322 1388 2351 mur
1401 2338 1412 2350 .
1434 2311 1518 2352 Nos
1532 2308 1657 2364 igitur
1673 2305 1802 2348 dictos
1820 2307 2081 2360 Exponentes
2095 2301 2337 2359 specialibus

1302 2366 1506 2409 favoribus
1520 2394 1536 2417 ,
1562 2369 1602 2408 &
1617 2365 1754 2420 gratiis
1779 2362 1962 2421 prosequi
1984 2362 2171 2406 volentes
2186 2388 2199 2410 a
2214 2363 2253 2404 &
2268 2377 2337 2405 eo-

1302 2438 1392 2467 rum
1406 2425 1623 2480 singulares
1640 2422 1831 2464 Personas
1854 2422 1874 2463 ei
1888 2419 2088 2478 quibusvis
2102 2435 2332 2473 excommun

1303 2484 1542 2534 nicationis,
1573 2479 1855 2537 suspensionis,
1885 2482 1924 2522 &
1954 2480 2192 2531 interdicti,
2223 2480 2333 2522 aliis-

1283 2558 1374 2600 .que
1391 2541 1667 2585 Ecclefiasticis
1685 2539 1917 2590 sententiis,
1947 2538 2149 2588 censuris,
2180 2539 2220 2580 &
2241 2553 2332 2593 poe-

1295 2604 1358 2646 nis
1380 2607 1403 2646 a
1429 2601 1549 2657 jure,
1579 2600 1645 2653 vel
1674 2602 1723 2643 ab
1751 2599 1919 2642 homine
1941 2599 2076 2656 quavis
2093 2597 2331 2650 occasione,

1296 2660 1362 2703 vel
1389 2661 1504 2703 causa
1526 2661 1618 2703 latis
1633 2659 1695 2709 ,si
1724 2658 1867 2713 quibus
1894 2656 2204 2714 quomodolibet
2218 2657 2331 2697 inno-

1293 2719 1397 2762 datae
1411 2716 1582 2762 existunt
1597 2750 1613 2771 ,
1640 2719 1688 2761 ad
1705 2717 1888 2761 effectum
1914 2716 2165 2770 praesentium
2180 2713 2328 2755 dunta-

1295 2790 1363 2821 xat
1390 2777 1719 2835 consequendum
1747 2779 1888 2820 harum
1912 2775 2014 2817 serie
2041 2769 2325 2823 absolventes,

1294 2841 1335 2881 δε
1349 2837 1547 2882 absolutas
1561 2837 1650 2880 fore
1663 2834 1867 2878 censentes
1881 2857 1896 2876 ‚
1924 2826 2150 2885 hujusmodi
2172 2828 2326 2885 suppli-

1296 2898 1526 2942 cationibus
1554 2893 1769 2938 inclinati,
1793 2901 1837 2927 ac
1865 2884 1916 2928 de
1933 2896 2000 2943 tua
2016 2885 2095 2929 fide
2111 2914 2125 2937 ,
2148 2890 2328 2943 pruden-

1295 2957 1354 2996 tia
1373 2984 1388 3005 ,
1420 2952 1646 2996 charitate,
1675 2943 1908 2998 vigilantia,
1933 2946 2112 3000 pietate,
2142 2959 2187 2985 ac
2212 2948 2327 2989 Reli-

1297 3010 1430 3063 gionis
1445 3013 1539 3053 zelo
1554 3003 1772 3060 plurimum
1789 3004 1828 3045 in
1842 3003 2016 3045 Domino
2030 3000 2163 3045 confisi
2177 3031 2190 3054 ,
2203 3007 2322 3057 Tibi,

1295 3076 1342 3109 ut
1369 3067 1406 3106 in
1433 3069 1524 3108 astu
1547 3062 1783 3114 visitationis
1818 3071 2044 3102 memoratae
2060 3061 2282 3105 Provinciae
2299 3066 2325 3108 ὲ

1297 3127 1358 3167 Te
1372 3153 1385 3174 ,
1399 3123 1668 3167 benedicente
1693 3121 1864 3164 Domino
1876 3146 1890 3170 2
1915 3118 2101 3161 faciendae
2113 3148 2129 3170 ,
2142 3123 2322 3164 'eandem

1295 3182 1551 3227 Provinciam
1585 3183 1624 3223 in
1657 3179 1755 3224 duas
1776 3207 1791 3231 ,
1820 3192 1938 3220 unam
1964 3177 2131 3231 quidem
2157 3183 2210 3221 N.
2229 3185 2322 3232 N·‚

1295 3242 1465 3285 alteram
1503 3254 1601 3281 vero
1643 3243 1698 3282 N.
1731 3243 1792 3282 N.
1831 3235 2050 3292 respective
2087 3251 2321 3293 nuncupan-

1294 3299 1368 3342 das
1394 3330 1409 3353 ,
1445 3299 1698 3341 Auctoritate
1738 3295 1866 3339 nostra
1904 3294 2130 3349 Apostolica
2163 3295 2324 3338 divide-

1295 3373 1337 3402 re
1351 3387 1365 3408 ‚
1395 3373 1440 3401 ac
1467 3359 1631 3412 utrique
1647 3353 1869 3400 Provinciae
1891 3352 2115 3406 hujusmodi
2130 3358 2319 3397 Conven-

1295 3427 1389 3468 tus,
1419 3419 1572 3459 nomos
1589 3442 1603 3464 a
1627 3417 1665 3458 ὃς
1692 3411 1875 3464 Hospitia
1903 3412 2124 3469 Provinciae
2145 3415 2195 3455 fic
2218 3414 2321 3456 divi-

1293 3475 1432 3517 dendae
1450 3473 1668 3530 respective
1683 3472 1871 3526 affignare
1889 3498 1902 3520 a
1924 3479 2141 3526 caeteraque
2165 3473 2205 3513 in
2221 3486 2320 3526 prae·

1295 3533 1437 3585 miffis,
1469 3535 1511 3576 δε,
1537 3534 1642 3575 circa
1670 3545 1716 3573 ea
1741 3526 2048 3586 quomodolibet
2073 3530 2317 3582 necessaria,

1291 3594 1332 3633 δι
1359 3600 1590 3648 opportuna.
1609 3589 1775 3639 facere,
1797 3590 1836 3629 &
1856 3590 2001 3641 exequi
2025 3589 2152 3630 libere
2176 3589 2316 3643 poffis,

1292 3652 1330 3692 &
1346 3651 1475 3693 valeas
1489 3678 1503 3700 ‚
1533 3648 1768 3691 facultatem
1782 3672 1795 3694 a
1816 3644 2074 3688 &licentiam
2096 3645 2315 3689 auetorita-

1292 3719 1332 3750 te
1358 3710 1538 3764 praedista
1555 3737 1568 3759 ,
1583 3719 1728 3749 tenore
1751 3701 1999 3759 praesentium
2010 3705 2220 3748 tribuimus
2235 3735 2249 3755 ‚
2273 3706 2314 3745 δε

1293 3768 1572 3825 impet-timum
1605 3764 1652 3808 ei
1666 3773 1798 3808 tamen
1814 3762 1929 3818 lege,
1959 3773 2006 3807 ut
2032 3779 2103 3822 per
2119 3762 2318 3862 1]υῇυὲφο-

2250 3835 2261 3861 Ι
