2638 4204
477 183 641 300 33‘6
1188 175 1728 287 Custodia

414 317 567 367 stabit,
596 313 959 371 expofitifuerint,
989 312 1231 355 saecularium
1247 309 1416 353 Confes-
1477 314 1645 354 sentium
1669 308 1984 358 confirmamus,
2013 311 2054 350 δε
2081 314 2344 365 approbamus
2361 342 2376 364 ,
2404 313 2486 355 illi.

411 375 538 419 {iones
557 376 744 428 excipere
762 374 953 424 valeant,
969 370 1226 428 quoadusque
1249 385 1318 425 per
1334 372 1416 411 Re·
1476 385 1555 427 que
1590 369 1836 411 inviolabilis
1872 368 2107 422 Apostolicae
2130 367 2330 414 firmitatis
2358 373 2482 413 robur

413 435 602 489 Hgionem
627 431 745 487 ipsam
777 433 815 473 in
829 433 1023 487 Capitulo
1038 430 1229 472 Generali
1254 429 1304 469 ad
1320 442 1418 483 prae-

413 493 603 549 scriptum
627 490 749 532 Bullae
777 489 968 534 Clemens
985 491 1100 531 V111.
1129 486 1199 530 fel.
1213 501 1301 530 rec.
1319 500 1421 528 con·

412 551 525 594 sueto
540 547 658 592 modo
680 548 798 603 super
821 550 899 592 hoc
920 548 1210 604 provideatur,
1244 548 1298 587 Et
1316 544 1421 586 insu·-

415 625 490 667 per
505 607 762 650 concedimus
774 636 790 658 ,
817 609 914 650 utin
931 621 1008 649 uno
1025 605 1223 647 dictorum
1237 609 1425 647 Conven-

412 681 527 713 tuum
554 665 835 720 praedictorum
851 664 1063 708 Generalis
1078 677 1152 719 per
1169 661 1206 705 se
1222 689 1236 712 ‚
1270 661 1333 705 vel
1349 675 1423 718 pet·

412 728 534 770 alium
560 725 819 766 Novitiatum
844 724 1053 766 instituere
1081 749 1096 772 ‚
1134 724 1174 763 δι
1201 720 1418 764 duodecim

413 784 605 828 Novitlos
631 782 679 824 ad
694 783 918 827 Habitum,
948 782 988 821 &
1003 779 1291 822 Profeffionem
1313 779 1420 821 reci·

414 857 511 900 pere
538 839 652 896 poffit
674 869 689 891 ,
721 838 996 882 servataSacr.
1014 838 1336 895 congregationi
1359 835 1418 880 fa-

413 901 569 944 cultate
586 899 754 953 augendi
771 909 850 939 tam
864 896 1153 948 -Novitiorum,
1178 900 1298 953 quam
1313 899 1420 938 Con.

412 969 609 1004 ventuum
633 970 843 998 numerum
865 985 880 1008 ‚
909 955 1073 1012 quando
1109 955 1420 998 benedicente-a

415 1017 622 1066 Domino,
656 1016 800 1058 horum
815 1043 829 1066 ‚
859 1014 928 1070 qui
951 1015 1067 1069 primi
1085 1012 1422 1061 Novitiifuerint,

417 1077 577 1121 bonitas
603 1103 618 1125 ,
651 1076 691 1115 δε
716 1074 891 1117 omnium
922 1086 1109 1115 numerus
1132 1073 1182 1116 ad
1215 1070 1422 1128 praedidtos

416 1137 521 1180 duos
534 1135 770 1177 Conventus
787 1131 1111 1174 manutenendos
1127 1161 1141 1183 ‚
1164 1133 1203 1173 &
1218 1131 1320 1172 alios
1338 1129 1376 1172 fu
1384 1143 1422 1171 n-

416 1195 599 1241 dandos,
630 1188 855 1242 sufficiens,
885 1190 1133 1246 experientia
1173 1190 1272 1233 teste
1295 1215 1310 1237 a
1353 1203 1424 1231 co-

418 1251 686 1310 gnoscentur.
717 1249 1048 1309 Qibuscumque
1075 1264 1152 1292 non
1177 1247 1423 1291 obstantibus

417 1315 498 1354 δίε.
526 1312 675 1352 Datum
704 1310 844 1352 Romae
870 1322 919 1351 ex
947 1310 1114 1351 AEdibus
1140 1307 1282 1350 nostris
1305 1334 1319 1357 ,
1351 1307 1424 1347 hac

419 1371 488 1414 die
504 1381 578 1412 xvr
594 1381 605 1408 ι
619 1382 653 1410 r.
672 1367 917 1410 Novembris
939 1369 1058 1423 1691.
1084 1382 1139 1408 =
1165 1370 1217 1409 N.
1233 1364 1426 1408 Cardine,-

418 1430 468 1473 lis
490 1424 723 1480 Acciaiolus
740 1426 950 1467 Protector
977 1441 1032 1467 =
1066 1428 1176 1469 Loco
1192 1425 1249 1480 ᾧ
1269 1422 1400 1478 sigilli
1415 1448 1425 1460 .

476 1489 580 1529 Cum
597 1494 746 1533 autem,
761 1485 857 1527 sicut
873 1484 999 1526 dietus
1015 1485 1193 1526 Minister
1212 1480 1427 1525 Generalis

419 1545 553 1591 Nobis
568 1543 732 1586 subinde
760 1543 906 1599 exponi
933 1542 1030 1586 secit
1053 1544 1218 1587 denuo,
1251 1541 1328 1594 ipse
1345 1543 1428 1581 De-

418 1611 579 1646 cretum
595 1601 849 1659 hujusmodi,
878 1604 961 1657 quo
984 1600 1132 1644 firmius
1161 1598 1361 1648 subfistat,
1388 1598 1428 1639 &

418 1660 600 1704 servetur
629 1661 804 1703 exactius
829 1687 844 1707 2,
882 1660 1122 1715 Apostolicae
1153 1657 1426 1702 confirmatio—

420 1720 478 1762 nis
505 1719 643 1763 nostrae
659 1719 888 1775 patrocinio
916 1719 1156 1761 communiri
1178 1716 1426 1770 summopere

418 1777 622 1820 desideret
645 1805 660 1827 ,
693 1781 778 1819 Nos
804 1776 981 1831 ejusdem
1010 1776 1179 1819 Ministri
1209 1773 1428 1817 Generalis

421 1836 529 1878 votis
547 1836 619 1877 hac
645 1836 687 1875 in
703 1848 744 1875 re
763 1861 777 1883 ,
807 1833 999 1888 quantum
1028 1847 1119 1874 cum
1140 1833 1314 1873 Domino
1342 1829 1425 1882 pos-

420 1893 550 1935 sumus
564 1921 579 1943 2
596 1890 873 1934 favorabiliter
894 1904 1072 1933 annuere
1089 1891 1274 1933 volentes
1290 1919 1303 1939 ,
1317 1902 1430 1930 eum·

420 1967 498 2007 que
517 1952 537 1993 εἰ
551 1950 754 2006 quibusvis
782 1950 1210 1992 excommunicationis
1226 1977 1240 1998 ,
1271 1946 1429 2003 suspen·

418 2010 562 2060 fionis,
574 2010 614 2050 &
628 2008 848 2059 interdicti,
865 2007 1028 2063 aliisque
1044 2007 1329 2051 Ecclefiasticis
1345 2004 1431 2048 sen-

422 2068 587 2118 tentiis,
618 2068 825 2117 censuris,
862 2067 901 2106 ἃ.
928 2067 1060 2122 poenis
1089 2069 1112 2110 ὲ
1140 2066 1254 2123 jure,
1286 2066 1352 2107 vel
1379 2063 1428 2105 ab

419 2128 599 2172 Homine
613 2126 754 2181 quavis
772 2124 979 2167 occasione
994 2153 1008 2176 ‚
1040 2125 1105 2168 vel
1121 2123 1230 2167 causa
1249 2124 1340 2165 latis
1354 2149 1368 2171 ,
1400 2120 1426 2161 fi

420 2186 565 2242 quibus
591 2184 899 2240 quomodolibet
928 2183 1144 2226 innodatus
1171 2182 1301 2225 existit
1330 2211 1344 2233 ‚
1375 2177 1427 2222 ad

422 2244 609 2288 effectum
649 2243 897 2298 praesentium
937 2242 1145 2284 dumtaxat
1181 2241 1428 2296 consequen·

423 2305 522 2346 dum
537 2330 551 2353 ‚
583 2302 719 2343 harum
736 2301 836 2344 serie
853 2299 1106 2343 absolventes
1120 2327 1134 2348 a
1148 2301 1187 2341 δε
1202 2300 1427 2343 absolutum

422 2361 513 2405 sore
526 2360 732 2402 censentes
744 2386 759 2406 ‚
791 2358 1147 2414 supplicationibus
1163 2358 1250 2414 ejus
1266 2358 1429 2401 nomine

426 2419 558 2462 Nobis
590 2418 704 2472 super
718 2418 794 2459 hoc
819 2418 1026 2460 humiliter
1041 2418 1231 2474 porrectis
1265 2418 1429 2460 inclina·

421 2478 486 2529 ti,
517 2478 741 2517 Decretum
769 2476 1041 2531 praeinsertum
1066 2479 1089 2520 a
1114 2487 1339 2520 memorato
1355 2474 1429 2518 Ni-

422 2535 544 2578 colao
556 2533 781 2577 Cardinale
805 2537 1040 2577 protectore
1062 2534 1218 2577 editum
1233 2563 1248 2586 ,
1278 2545 1322 2577 ut
1337 2547 1432 2591 prae-

427 2593 588 2644 fertur,
613 2605 707 2636 cum
733 2593 950 2640 omnibus,
980 2593 1191 2650 &singulis
1220 2595 1258 2635 in
1273 2607 1324 2636 eo
1337 2606 1432 2634 con-

426 2653 552 2696 tentis
571 2679 585 2702 ,
614 2650 870 2696 Αυὲὶοτίῐειῑε
884 2651 1115 2707 Apostolica
1130 2680 1144 2703 ³
1175 2663 1317 2695 tenore
1333 2664 1434 2708 prae-

1182 2805 1403 2869 ΝΟ

1479 429 1716 484 adjicimu83
1747 430 1786 469 δι
1804 442 1941 470 omnes
1956 455 1969 476 ‚
1993 428 2033 470 &
2046 428 2217 480 singulos
2231 429 2324 482 juris
2342 459 2354 481 ‚
2380 433 2417 471 &
2431 428 2486 470 fa-

1480 489 1531 529 eti
1547 484 1769 536 defectus,fi
1785 488 1852 542 qui
1868 484 2040 542 desuper
2052 487 2358 541 quomodolibet
2374 490 2492 530 inter-

1484 548 1669 589 venerint
1688 573 1702 595 ,
1723 545 1949 600 supplemus
1970 574 1979 585 .
2021 547 2303 587 Decet-nentes
2334 547 2490 589 easdem

1485 607 1697 662 praesentes
1725 603 1884 644 litteras
1901 602 2032 644 firmas
2049 630 2063 654 ‚
2093 601 2249 645 validas
2265 631 2281 653 ,
2307 607 2345 646 &
2359 605 2492 648 effica-

1482 679 1547 707 ces
1563 663 1734 707 existere
1750 689 1763 712 ,
1791 663 1829 703 &
1855 659 1970 708 fore,
1996 658 2159 716 suosque
2188 660 2392 715 plenarios
2410 691 2423 714 ‚
2453 666 2492 705 δι

1482 725 1661 780 integros
1674 719 1836 763 effefims
1852 718 1986 762 sortiri
2002 749 2015 771 ‚
2039 720 2077 759 &
2095 719 2283 764 obtinere
2296 750 2310 772 ,
2327 734 2374 762 ac
2389 721 2489 769 inis,

1477 781 1527 824 ad
1542 794 1648 840 quos
1658 779 1804 837 speetat
1818 806 1833 829 2
1857 780 1897 820 δι
1911 793 1984 835 pro
1999 789 2184 833 tempore
2209 779 2399 834 spectabit
2415 808 2428 830 ‚
2453 779 2492 820 in

1482 841 1669 884 omnibus
1683 866 1697 889 ‚
1721 839 1761 879 &
1781 852 1852 894 per
1866 838 2001 879 omnia
2017 837 2234 892 plenissime
2256 836 2491 893 suffragari,

1483 901 1587 944 &ab
1613 900 1670 941 eis
1690 895 1908 953 respective
1933 895 2231 938 inviolabiliter
2259 896 2492 948 observari3

1480 963 1678 1016 sicque‚ut
1693 955 2042 1013 praemittitur‚per
2056 954 2329 1010 quoscumque
2341 954 2496 1013 judices

1481 1015 1705 1062 ordinarios
1721 1042 1736 1067 ,
1748 1015 1788 1057 δι
1800 1013 2012 1070 delegatos
2027 1042 2041 1064 ‚
2063 1016 2185 1056 etiam
2202 1013 2407 1057 causarum
2424 1013 2497 1054 Pa-

1485 1077 1570 1121 latii
1586 1074 1807 1131 Apostolici
1827 1073 2048 1115 Auditores
2064 1071 2234 1129 judicari
2249 1102 2264 1123 ‚
2288 1075 2328 1115 δι
2350 1070 2500 1114 defini·

1484 1138 1517 1180 ri
1535 1135 1688 1177 debere
1705 1162 1721 1184 ,
1735 1145 1778 1174 ac
1795 1132 1953 1173 irritum
1971 1159 1984 1181 ,
2011 1133 2048 1172 &
2062 1133 2197 1183 inane,
2213 1131 2237 1173 fi
2255 1130 2364 1175 secus
2384 1132 2518 1186 super*

1485 1195 1545 1238 his
1568 1195 1591 1236 ὲ
1612 1202 1814 1247 quoquam
1853 1188 1991 1245 quavis
2021 1191 2263 1231 auctoritate
2288 1191 2459 1232 scienter
2478 1217 2494 1239 ,

1487 1252 1551 1295 vel
1569 1253 1805 1305 ignoranter
1830 1247 2048 1302 contigerit
2063 1248 2278 1290 attentari.
2306 1252 2399 1289 Non
2419 1248 2495 1289 ob-

1486 1310 1678 1355 stantibus
1704 1304 1905 1363 praemiffis
1924 1333 1938 1355 .,
1961 1319 2005 1346 ac
2034 1305 2428 1353 Constitutionibus‚
2453 1306 2494 1356 ὃς,

1485 1366 1820 1413 Ordinationibus
1836 1363 2081 1418 Apostolicis
2095 1393 2109 1416 ,
2127 1378 2199 1405 ncc
2216 1378 2293 1405 non
2309 1363 2401 1404 dic‘ti
2417 1365 2498 1405 Or-

1487 1427 1591 1471 dinis
1608 1455 1623 1478 ,
1649 1423 1811 1480 aliisque
1841 1421 2072 1478 quibusvis,
2100 1423 2223 1464 etiam
2247 1421 2500 1478 juramento,

1488 1483 1798 1529 confirmatione
1821 1481 2053 1537 Apostolica
2068 1510 2082 1532 ‚
2120 1481 2184 1523 vel
2201 1482 2346 1536 quavis
2371 1480 2500 1522 firmi-

1489 1557 1573 1589 tate
1603 1544 1679 1585 alia
1695 1542 1894 1584 roboratis
1920 1541 2105 1591 statutis,
2131 1542 2167 1581 δέ
2190 1538 2498 1582 consuetudini·

1490 1607 1589 1653 bus,
1617 1601 1841 1657 privilegiis
1868 1613 2030 1656 quoque
2060 1598 2255 1647 indultis,
2280 1599 2321 1639 &
2347 1597 2493 1640 litteris

1488 1660 1730 1719 Apostolicis
1760 1661 1799 1700 in
1820 1661 2070 1701 contrarium
2093 1654 2374 1712 praemilsorum
2396 1670 2498 1712 quo-

1487 1720 1715 1764 modolibet
1729 1716 1943 1767 concessis,
1968 1714 2217 1759 confirmatis
2232 1744 2245 1766 ‚
2271 1717 2311 1756 δι
2327 1715 2500 1756 innova-

1489 1782 1538 1822 tis
1554 1809 1565 1819 .
1591 1777 1749 1837 Qibus
1763 1776 1948 1818 omnibus
1964 1803 1977 1825 ,
1992 1777 2031 1816 δι
2045 1773 2207 1828 fingulis
2222 1801 2236 1823 ,
2252 1772 2416 1816 illorum
2439 1783 2503 1816 te-

1491 1850 1613 1881 nores
1640 1835 1898 1888 praesentibus
1929 1848 2003 1887 pro
2020 1833 2167 1888 plene,
2195 1834 2233 1873 &
2259 1830 2501 1876 sufficienter

1491 1891 1680 1950 expreffis
1707 1922 1721 1944 ‚
1749 1895 1789 1934 &
1812 1891 1860 1935 ad
1888 1893 2055 1934 verbum
2089 1892 2250 1933 insertis
2278 1891 2502 1940 habentes,

1492 1955 1570 1997 illis
1585 1953 1681 1995 alias
1704 1953 1742 1994 in
1759 1952 1828 1993 suo
1845 1954 1990 1994 robore
2014 1949 2302 2006 permansuris,
2338 1951 2386 1992 ad
2404 1960 2504 2003 prae·

1491 2010 1694 2056 mifforum
1720 2009 1933 2060 effectum,
1963 2012 2036 2050 hac
2067 2010 2154 2049 vice
2182 2008 2393 2050 dumtaxat
2419 2006 2504 2062 spe-

1489 2070 1652 2114 cialiter
1668 2097 1681 2119 ,
1709 2071 1749 2111 &
1764 2066 1949 2123 expresse
1964 2068 2204 2122 derogamus
2224 2095 2240 2116 ,
2267 2062 2503 2121 exterisque

1488 2126 1698 2172 contrariis
1719 2123 2035 2181 quibuscumque
2050 2154 2062 2166 .

1547 2190 1698 2230 Datum
1724 2188 1862 2228 Roma:
1888 2185 1993 2239 apud
2017 2186 2198 2226 Sanctam
2217 2185 2387 2225 Mariam
2412 2183 2504 2223 Ma-

1488 2247 1615 2304 jorem
1638 2245 1705 2287 sub
1733 2243 1902 2286 Annulo
1930 2242 2143 2287 piscatoris
2171 2242 2238 2286 die
2269 2243 2393 2297 prima
2422 2243 2499 2282 De.

1488 2304 1660 2347 cembris
1685 2318 1718 2346 M
1733 2320 1761 2346 n
1775 2316 1867 2344 cxc
1889 2315 1922 2343 1.
1943 2300 2210 2345 Pontificatus
2234 2301 2357 2345 nostri
2378 2301 2500 2342 Anno

1489 2375 1646 2422 pr1m0.

1832 2481 1867 2520 1.
1884 2479 1928 2521 F.
1942 2475 2173 2520 cardinalis
2191 2476 2388 2520 Albanus.

1550 2604 1675 2642 Breve
1676 2597 1902 2654 formatum
1913 2598 1958 2637 in
1973 2595 2145 2639 Archivo
2160 2598 2256 2638 Gen.
2276 2593 2371 2639 ord.
2389 2593 2503 2637 Arm.

1610 2657 1801 2701 Custodia
1814 2656 1996 2698 Poloniae
2011 2684 2023 2697 .

1498 2811 1556 2874 T
1649 2772 1749 2872 A}

532 2964 686 3001 Andium
706 2964 742 3000 &
760 2962 939 3008 solatium,
964 2966 1060 3013 quod
1077 2968 1157 3004 Rex
1172 2967 1213 3004 de
1226 2967 1376 3004 adventu
1389 2981 1427 3007 ac
1446 2970 1581 3018 sumpto
1600 2971 1621 3007 'a
1637 2970 1794 3007 Patribus
1816 2968 1938 3007 nostris
1957 2968 2080 3006 horum
2094 2971 2342 3008 Conventuum
2360 2961 2505 3015 poffettu

542 3011 701 3059 concepit
716 3035 730 3056 ,
754 3011 986 3050 manifestavit
1016 3015 1137 3054 litteris
1151 3015 1369 3065 sequentibus
1386 3043 1397 3054 .

876 3133 1069 3201 ‘Joannes
1101 3135 1199 3188 III.
1230 3136 1408 3190 Divina
1429 3137 1576 3207 grati&
1615 3140 1719 3190 Rex
1755 3139 1950 3190 ‘Poloniae
1981 3141 2073 3190 (Tc.

1281 3269 1500 3311 Reverendo
1528 3270 1645 3310 Pater
1658 3296 1670 3308 .

527 3377 616 3415 Cum
630 3377 858 3438 consol-atione
877 3382 1158 3439 extraordinaricz
1180 3383 1409 3424 intelleximus
1434 3397 1476 3424 ex
1487 3385 1619 3424 ultimis
1635 3384 1789 3430 litteris,
1817 3385 1996 3423 Cracoviae
2009 3387 2100 3424 datis
2118 3395 2204 3430 ,non
2218 3382 2326 3434 solum
2337 3375 2502 3419 Pomm·

431 3426 639 3486 tatemsuam
646 3426 801 3486 filum-er
820 3428 993 3487 advemffe·
1010 3432 1050 3466 t'n
1075 3432 1170 3468 illam
1184 3434 1376 3472 Civitatem
1392 3459 1405 3478 ‚
1428 3437 1547 3473 verum
1558 3436 1664 3473 etiam
1675 3431 1838 3486 sumpfiffe
1850 3435 2115 3473 commoditatem
2128 3445 2223 3483 aquae
2246 3433 2292 3468 ad
2304 3426 2506 3479 prosequen-

428 3476 505 3511 dam
518 3475 716 3514 alteram-em
727 3489 822 3514 vtum
843 3475 1047 3563 Vayavtam
1058 3481 1162 3529 usque
1176 3506 1187 3518 .
1215 3482 1372 3521 Extremo
1387 3483 1502 3523 Nobis
1523 3483 1695 3534 displicet,
1720 3485 1812 3531 quod
1832 3485 1972 3521 vicinas
1983 3484 2090 3534 noster
2101 3484 2217 3520 abitus
2241 3479 2286 3517 ad
2304 3475 2425 3512 bellum
2444 3485 2500 3510 '¹⁰5

918 3539 939 3562 a

431 3525 593 3571 restrieios
604 3534 720 3564 teneat
747 3526 792 3562 ad
804 3526 894 3574 quod

517 3574 525 3582 η
940 3540 972 3563 m
992 3537 1122 3576 tempus
1135 3555 1144 3571 ,
1171 3540 1212 3568 ut
1229 3543 1298 3567 non
1311 3533 1459 3582 poffimus
1486 3534 1573 3570 viva
1600 3545 1682 3570 voce
1698 3532 1953 3570 Paterninum
1967 3533 2069 3582 suam
2093 3532 2168 3570 cxci
2246 3527 2307 3561 ·c'n
2332 3524 2391 3574 isla
2417 3521 2503 3572 Resi-

430 3571 547 3610 dssntta
562 3586 576 3615 3
594 3574 771 3623 speramus
790 3585 905 3612 tamen
918 3600 931 3619 ‚
955 3579 1045 3625 quod
1061 3578 1149 3628 istud
1162 3581 1375 3628 principium
1383 3582 1606 3630 fundationis
1621 3582 1695 3629 suae
1713 3581 1929 3621 paternitati
1943 3593 2011 3618 non
2024 3533 2245 3631 disput-eff

2223 3603 2230 3612 .
2259 3574 2298 3610 ln
2314 3573 2377 3610 hac
2393 3570 2502 3621 nostra

429 3619 530 3656 brevi
544 3623 696 3679 aasentia
724 3623 745 3661 ὰ
758 3621 797 3662 V
792 3625 946 3682 arsavia·
959 3639 1027 3663 non
1047 3627 1282 3676 intermisimus
1305 3629 1390 3667 dare
1407 3632 1570 3669 mandata
1586 3640 1772 3679 opportuna
1785 3656 1799 3676 ,
1822 3639 1864 3670 ut
1875 3627 2059 3668 Fratribus
2073 3625 2299 3678 provideatur
2321 3622 2412 3658 omns·
2437 3631 2472 3656 eo
2488 3643 2502 3664 ,

431 3667 528 3725 quod·
543 3681 595 3728 eas·
599 3671 701 3722 potest
714 3671 773 3724 effe
787 3671 1003 3723 neceffartum
1015 3702 1025 3712 .
1051 3676 1150 3712 vnde
1161 3675 1259 3713 aliud
1283 3679 1380 3714 nobis
1392 3691 1459 3715 non
1472 3679 1621 3730 superest
1631 3704 1642 3723 ,
1669 3678 1769 3728 qudm
1782 3679 2051 3718 recommendare
2076 3686 2134 3712 nos
2163 3675 2200 3709 ὶη
2212 3674 2289 3721 pias
2310 3680 2425 3721 precer
2436 3668 2504 3706 Pa·

433 3724 611 3754 ter-natatu
623 3732 665 3758 ve
692 3734 737 3759 να
749 3747 763 3767 ,
789 3722 982 3772 εοηῘιιηῖίας
991 3726 1150 3774 precibus
1163 3726 1310 3761 omm'um
1322 3725 1571 3778 Religiofirum
1582 3753 1596 3774 ,
1620 3730 1682 3777 qui
1694 3727 2049 3776 Paternitatemsuam
2066 3723 2261 3775 sequuntur
2273 3746 2284 3759 .
2310 3721 2363 3758 De
2376 3715 2502 3765 relique

433 3767 642 3816 obsecramus
655 3722 767 3809 geum
779 3771 987 3810 benedictum
998 3800 1010 3818 ‚
1033 3784 1076 3812 ut
1087 3774 1336 3813 paternitatem
1366 3777 1454 3807 θῆκε
1467 3779 1643 3828 construet
1655 3803 1667 3816 .
1693 3775 1898 3828 Javorovl‘ae
1916 3786 1971 3825 31·
1985 3772 2083 3824 &ulii
2104 3777 2203 3820 ¹⁶92·

2396 3817 2457 3852 Pa-
