2658 4256
678 235 1188 353 Provincia
1225 234 1770 349 leodiensis.
2039 269 2186 351 113

222 386 374 427 eorum
393 368 581 421 Ordinis
598 406 614 429 ,
650 368 698 421 δε
724 371 931 419 boccum
958 367 1289 420 conditionibus
1321 365 1549 433 suprafatis
1568 400 1582 422 ,
1618 365 1666 415 ὅτ
1696 382 1774 430 per
1803 382 1959 416 eorum
1987 372 2255 437 Capitulum

222 432 497 508 acceptatis,
527 438 827 490 catechizandi
854 473 870 496 ,
906 436 1198 487 confeffiones
1231 437 1513 493 excipiendi,
1552 435 1877 492 concionandi,
1913 439 2084 505 aliaque
2115 442 2256 490 neces-

219 509 331 561 saria
360 508 409 561 ὃ(
427 510 705 561 rationabilia
721 507 958 578 peragendi
975 525 990 564 ;
1027 506 1082 554 ad
1111 524 1242 570 quem
1271 504 1483 555 effestum
1503 507 1634 561 illos,
1677 503 1914 570 omnesque
1932 510 2069 556 Cives
2083 509 2254 559 distum

214 579 495 631 Suburbium
538 571 862 634 inhabitantes.
898 575 1146 642 Operatios
1177 609 1193 630 ‚
1229 574 1425 639 al-iosque
1462 574 1517 622 ad
1546 573 1817 625 ereitionem
1850 581 1956 624 novi
1991 578 2255 628 Conventfis

213 643 542 699 contribuentes
560 684 576 706 ‚
602 649 647 696 in
675 645 942 715 singularem
959 642 1284 711 protestionem
1312 643 1508 694 nostram
1538 643 1822 695 assumimuS.
1864 648 2033 695 Datum
2063 651 2106 697 in
2132 650 2256 698 Pala-

212 720 279 768 tio
310 718 561 787 Episcopali
589 714 817 774 Leodienfi
850 718 896 762 8.
919 711 1115 782 Augusti
1150 721 1295 762 1661.

346 789 459 856 ‘Jam
469 790 588 853 prius
617 799 751 832 autem
769 818 785 841 ,
823 789 875 832 &5
900 785 1058 850 quidem
1085 799 1186 829 anno
1221 789 1368 830 1606.
1397 782 1490 829 dum
1517 781 1797 847 Principatum
1826 784 2051 849 contagiosa
2073 786 2158 834 lues
2187 806 2257 850 un·-

209 857 414 926 dequaque
438 853 623 919 concuffit
641 888 656 910 ,
670 855 723 902 (J
732 853 855 918 plura
880 853 1015 900 millia
1027 854 1229 902 bominum
1245 851 1351 899 malo
1359 851 1565 917 graffimte
1578 867 1760 916 correpta
1775 886 1790 907 ,
1803 851 1906 901 alios
1923 870 1998 899 non
2014 854 2256 915 habuerunt,

210 930 282 995 qui
305 932 362 976 iis
383 942 525 993 panem
541 923 804 990 spiritualem
813 920 1062 988 frangerent
1074 955 1090 977 ,
1114 934 1265 985 praeter
1282 920 1519 985 Capucinos‚
1535 925 1709 968 animam
1731 921 1853 987 fitam
1874 936 1952 986 pro
1968 926 2108 971 amicis
2131 930 2255 973 intre·

201 996 300 1062 pide
323 1010 513 1062 ponentes
526 1011 601 1051 ,ac
619 1009 741 1058 egros
755 991 976 1056 spirituali
998 992 1052 1038 (⁸9¹
1069 991 1269 1054 corporali
1296 989 1521 1039 minifferio
1537 989 1737 1056 foventes
1752 1026 1768 1048 ,
1803 991 1894 1039 aliae
1915 1010 2066 1058 quoque
2078 993 2258 1042 Commu-

209 1071 362 1115 nitates
388 1062 617 1115 Domicilia
639 1063 707 1109 his
736 1058 956 1110 decrevire
982 1094 994 1107 .
1032 1059 1152 1107 Fecit
1179 1061 1263 1108 haec
1288 1060 1574 1110 Conventuum
1605 1062 1899 1125 multiplicatio
1920 1095 1934 1116 ‚
1972 1064 2025 1109 &¹
2056 1061 2257 1111 Nationis

207 1154 256 1184 nc
289 1133 476 1182 Dominit'
505 1130 732 1199 diverfitas
756 1166 770 1189 ,
806 1145 853 1177 ut
879 1147 980 1178 anno
1012 1128 1223 1194 millefimo
1233 1130 1590 1200 septingentefimo
1620 1146 1765 1198 quarto
1793 1131 1850 1179 ad
1872 1129 2095 1179 instantias
2120 1132 2256 1182 ‘Prin-

208 1209 368 1270 cipum,
404 1206 476 1271 qui
496 1206 708 1268 proprium
738 1204 991 1257 territorium
1019 1196 1046 1247 ἃ
1079 1197 1282 1247 Nationis
1309 1200 1529 1249 Fratribus
1554 1202 1680 1252 incoli
1710 1200 1885 1252 voluere
1897 1237 1914 1261 ‚
1938 1203 2082 1270 ficata
2107 1201 2160 1270 (it
2195 1203 2257 1262 ulff

204 1279 312 1324 tima
334 1275 512 1340 partitio
525 1307 541 1329 ,
576 1273 631 1321 (Y
654 1271 889 1337 Leodiense's
907 1270 1108 1336 fiparatae
1139 1270 1375 1319 Provinciae
1394 1271 1692 1338 acquistverint
1705 1275 1814 1336 jura
1832 1308 1845 1325 ·.
2244 1326 2246 1329 ⁸

347 1342 399 1393 In
425 1344 501 1391 hac
519 1340 728 1406 Principes
757 1339 941 1406 Episi⁴0pi
950 1339 1129 1404 speciali
1154 1359 1218 1386 eos
1232 1341 1397 1406 fimper
1423 1340 1585 1410 dignati
1597 1343 1697 1409 sient
1723 1360 1857 1390 amore
1874 1378 1888 1399 ‚
1927 1344 1981 1391 ἔγ
2003 1343 2096 1391 dum
2116 1343 2258 1407 plures

208 1431 263 1460 ex
290 1417 344 1461 iis
372 1417 418 1459 in
433 1413 521 1480 site
535 1411 778 1477 conscientia:
798 1409 995 1458 Arbitros
1020 1408 1259 1475 affitmpsire
1275 1446 1290 1468 ,
1326 1413 1431 1459 alios
1458 1412 1773 1462 Examinatores
1790 1411 1825 1460 S
1825 1414 2015 1478 ynodales
2044 1413 2261 1461 constitui—

207 1501 253 1533 re
269 1517 281 1530 .
319 1481 560 1546 Principum
581 1480 871 1531 benevolentia
895 1493 1020 1546 grata
1041 1480 1202 1545 semper
1235 1482 1504 1547 correspondit
1523 1518 1538 1539 ,
1561 1483 1773 1549 subditum
1800 1501 1933 1530 eorum
1952 1485 2145 1546 populum
2172 1501 2261 1535 tum

201 1551 413 1618 probioris
441 1554 549 1602 vitae
568 1585 583 1607 ,
617 1557 670 1599 &³
688 1550 1012 1615 conversationis
1030 1551 1214 1614 exemplo
1226 1586 1242 1607 ,
1276 1566 1364 1598 tum
1379 1553 1607 1600 miniHerio
1622 1551 1846 1614 Spirituali
1868 1552 2015 1618 ubique
2033 1552 2260 1616 adjuvans.

347 1622 449 1671 Cum
480 1620 662 1668 Flandro
679 1647 696 1682 γ-
721 1620 904 1685 Belgicis
919 1654 935 1676 ,
970 1622 1080 1667 inter
1092 1619 1193 1683 sitos
1224 1639 1379 1687 quoque
1416 1620 1537 1669 Viros
1562 1621 1738 1684 illustres
1763 1637 1946 1669 numerat
1979 1622 2170 1671 Carolum
2207 1643 2260 1671 ex

209 1690 468 1757 Principibus
494 1681 544 1739 de
563 1689 704 1738 Horna
717 1726 732 1747 ‚
770 1690 960 1736 Ditionis
989 1687 1222 1754 Leodietgfi's
1247 1689 1411 1754 Oppido
1429 1724 1446 1747 ,
1481 1708 1596 1757 quem
1629 1689 1687 1737 ad
1711 1689 1991 1755 Epifiopatum
2020 1692 2262 1760 Brugenfi’m

202 1765 371 1811 ‘virtute
396 1761 494 1809 duce
521 1759 759 1825 affitmptum
772 1758 906 1824 suff
920 1791 936 1814 ‚
964 1758 1051 1804 cum
1094 1760 1283 1824 uperficie
1312 1762 1483 1820 meriti,
1512 1762 1556 1811 in
1580 1764 1714 1825 primo.
1743 1759 1945 1810 ‘Bullarii
1975 1779 2082 1812 tomo
2114 1783 2262 1813 memo-

208 1846 343 1880 ratum
370 1830 447 1896 est.
486 1834 488 1838 ’
1144 1847 1148 1849 “

338 1898 472 1948 Sumit
497 1904 549 1947 ἐς
559 1901 664 1963 jure
691 1900 836 1946 merito
859 1910 1019 1960 partem
1039 1897 1090 1946 de
1111 1898 1251 1964 gloria
1276 1898 1352 1947 Fr.
1371 1898 1580 1964 Francifti
1608 1898 1864 1951 Titelmanni
1880 1936 1898 1959 ‚
1937 1900 2066 1951 Tomo
2085 1903 2260 1969 secundo

187 1969 263 2038 jol
298 1986 374 2033 14.
397 1969 527 2018 obiter
543 1966 660 2017 taff&
677 2003 693 2026 ‚
733 1982 820 2016 cum
857 1966 1039 2033 Hcfflet
1055 2002 1071 2024 ,
1088 1968 1201 2035 Agri
1218 1967 1449 2036 Leodiensis
1479 1970 1684 2035 Oppidum
1705 2007 1721 2030 ,
1744 1973 1865 2020 illum
1883 1971 1993 2021 Orbi
2025 1975 2079 2021 ἐν
2110 1974 2263 2022 Ordini

202 2041 362 2091 dederit
391 2059 444 2088 ex
468 2038 701 2087 testimonio
731 2038 981 2087 Bellarmini
1016 2039 1184 2090 Virum
1209 2039 1423 2092 SanRum
1447 2039 1495 2091 &
1521 2039 1707 2090 dostum
1726 2078 1740 2091 .

347 2109 423 2158 Fr.
451 2107 692 2157 Benedic‘lus
726 2107 899 2157 Leodius
916 2105 1013 2173 fiait
1031 2107 1150 2156 illius
1177 2114 1347 2168 meriti,
1382 2126 1434 2158 ut
1462 2111 1550 2178 ipsa
1573 2114 1712 2175 prima
1740 2118 1794 2161 ἔθ’
1823 2112 1951 2161 Sacra
1969 2113 2092 2163 Sedes
2122 2114 2172 2163 id
2183 2128 2261 2180 per

204 2179 372 2228 litteras
389 2178 625 2248 Pontificias
639 2213 656 2236 ,
674 2197 772 2227 mox
798 2195 882 2226 cum
901 2175 1076 2243 si'ml’st
1097 2180 1148 2229 de
1181 2184 1268 2245 ejus
1294 2184 1398 2230 ‘vita
1425 2181 1630 2232 videndas
1655 2218 1671 2244 ‚
1710 2183 1897 2251 Regibus
1923 2185 1977 2234 ὑ·
2000 2183 2260 2249 Principibus

203 2248 490 2298 commendarit
503 2284 515 2297 .
1527 2275 1529 2277 ¹
2052 2307 2056 2310 ,
2140 2276 2142 2281 ·

341 2319 417 2367 Fr.
435 2319 632 2367 Claudius
660 2316 836 2367 Leodius
850 2351 865 2371 ‚
900 2334 1014 2383 quem
1037 2318 1199 2368 erudita
1219 2324 1353 2386 pietas
1376 2324 1587 2388 quinquies
1615 2323 1674 2372 ad
1685 2322 1981 2392 Magistratum
2005 2323 2258 2384 Pro-vinciae‚

201 2392 325 2437 etiam
350 2390 479 2438 adhuc
506 2387 741 2441 Wallonicae
777 2391 899 2435 unitae
915 2423 931 2444 ,
966 2392 1118 2436 evexit
1145 2424 1162 2447 ,
1200 2411 1275 2439 non
1302 2391 1457 2439 recedet
1498 2389 1526 2439 ἃ
1552 2398 1744 2444 memoria
1773 2400 1861 2460 ejus
1885 2430 1901 2452 ,
1932 2413 2020 2442 cum
2060 2395 2112 2442 ab
2138 2397 2258 2443 illius

205 2460 368 2525 Spiritu
380 2460 562 2526 baufirit
576 2460 701 2527 legem
729 2462 837 2509 'vitae
854 2458 907 2505 (Ὺ
935 2457 1157 2525 disciplinae
1169 2497 1185 2518 ,
1199 2462 1251 2510 &¹
1268 2466 1312 2510 in
1334 2462 1411 2510 illo
1439 2464 1609 2512 viderit
1626 2464 1838 2516 mirabilia
1844 2464 2034 2532 perfieHae
2055 2469 2257 2515 virtutis.

338 2529 499 2579 Laudes
515 2528 714 2595 Capucini
741 2530 912 2578 nominis.
931 2546 1007 2575 non
1019 2543 1164 2594 parum
1182 2533 1379 2600 adaugent
1407 2530 1471 2581 M
1468 2534 1617 2580 oniales
1633 2532 1842 2600 Capucinae
1858 2571 1875 2593 ,
1911 2533 1932 2581 ἓ
1950 2533 2100 2583 celebri
2117 2535 2161 2583 S.
2171 2538 2255 2585 Au-

200 2599 355 2648 domari
378 2601 492 2650 Fano
518 2599 713 2649 Leodium
753 2596 780 2647 ἃ
807 2597 1055 2664 Serenffmo
1092 2600 1282 2668 Principe
1313 2605 1366 2652 &²
1397 2599 1587 2669 Epistopo
1619 2603 1872 2655 Ferdinando
1889 2641 1906 2663 ,
1921 2619 2023 2653 anno
2045 2605 2256 2663 millesimo

188 2668 479 2732 sexcenteffmo
507 2669 705 2736 vigestmo
721 2668 847 2735 sexto
871 2669 1002 2734 ascitae
1019 2706 1034 2726 ,
1068 2671 1163 2719 dum
1192 2679 1297 2721 enim
1324 2675 1566 2722 meditantes
1588 2674 1659 2722 diu
1682 2676 1876 2743 noiluque
1900 2680 1944 2723 in
1956 2678 2044 2744 lege
2062 2677 2252 2735 Domini,

205 2754 291 2805 quae
304 2738 462 2804 βψω
480 2740 583 2804 fient
601 2774 617 2795 ,
651 2754 859 2807 quarunt,
896 2738 1080 2805 exemplo
1104 2760 1257 2810 quoque
1277 2743 1517 2792 austerioris
1533 2747 1668 2802 vim,
1699 2743 1893 2808 fallacem
1909 2747 2049 2794 mundi
2067 2750 2252 2812 gratiam

198 2806 409 2922 §lugentes
436 2812 615 2874 cogitant
629 2841 647 2866 ,
677 2825 765 2875 quae
778 2808 880 2873 fiant,
906 2808 994 2856 Dei
1011 2844 1028 2868 ,
1058 2814 1249 2877 quomodo.
1265 2814 1458 2879 placeant
1486 2814 1578 2879 Deo
1591 2847 1608 2872 ‚
1643 2830 1689 2863 ut
1700 2815 1795 2881 sint
1822 2814 1980 2864 SanHae
2007 2828 2167 2881 corpore
2193 2817 2248 2865 &¹

234 2890 369 2941 ptrttu
386 2914 401 2929 .

482 3005 644 3056 Praeter
672 2999 904 3050 Monaa‘ler.
935 2997 1188 3051 Monialium
1205 3040 1218 3052 .

619 3071 811 3140 Continet
837 3068 1076 3123 Conventus
1099 3072 1296 3125 Fratrum
1330 3091 1407 3129 1x.

318 3845 418 3885 Tous.
439 3843 460 3885 1
466 3843 503 3886 V.
1555 3849 1586 3889 P
2043 3850 2174 3892 PON->
