2658 4256
435 268 594 352 132
1111 232 1693 320 Provincia

751 407 1402 482 CLEMENS
1494 406 1813 478 PAPA
1908 405 2026 472 IX.

419 554 596 610 Dileaeste
613 552 703 604 ὅτε.
720 555 851 605 Alias
863 571 945 625 pro
959 566 1084 623 parte
1099 548 1388 600 Dileftorum
1405 551 1628 601 Filiorum
1644 550 1734 601 &c.
1751 548 1790 598 R
1799 547 1972 616 efiduum
1991 564 2037 595 ut
2041 546 2172 614 fisprei
2172 549 2306 616 fil.13
2314 570 2363 602 0.

459 692 562 732 Nost·
586 694 659 730 itur
681 689 740 728 Fr.
753 690 975 740 Hyacinthus
1001 688 1022 725 ὰ
1046 687 1160 737 Casali
1172 711 1185 731 ,
1213 688 1442 727 concionator
1470 688 1668 737 Capacinus
1684 710 1696 728 ,
1722 698 1761 722 ac
1790 685 1829 721 in
1851 682 1983 724 Veneta
2006 684 2197 723 Provincia·
2213 686 2414 735 Diffinitorj

366 755 423 779 nec
449 753 514 776 non
570 737 785 790 emmiffariut
804 741 846 782 (θ’
867 736 1027 788 Vifitator
1040 736 1275 787 Apostolicus‚
1297 735 1426 773 litteris
1441 737 1601 785 superius
1628 735 1780 771 exaratis
1794 758 1808 778 ,
1831 736 1871 771 ea
1886 760 1897 778 ‚
1920 737 1988 783 qud
2007 734 2178 782 potuimus
2194 756 2207 775 ,
2231 735 2334 771 animi
2357 739 2415 775 de-

362 792 405 828 mi
429 801 499 826 rone
523 800 562 825 ac
574 789 771 826 reverentia
788 788 976 836 susceptis,
1004 786 1135 824 Munus
1158 784 1273 824 Nobis
1295 785 1507 834 injustiam,
1533 783 1616 820 licit
1636 783 1776 819 viribus
1800 782 1917 832 nostris
1937 784 2068 831 impar,
2095 791 2247 818 attamen
2262 781 2332 829 stilo
2346 786 2413 822 Dei

363 837 493 876 auxilio
506 837 721 886 ,.·sanfiaeque
735 837 929 873 obedientia
947 837 1066 871 merito
1083 835 1194 881 freti,
1241 843 1367 881 rompto
1394 834 1505 869 animo
1529 833 1733 873 executuri,
1755 831 1902 879 majori,
1925 833 1994 879 qua
2015 831 2189 878 potuimus
2206 853 2219 875 ,
2244 829 2416 870 celeritate

358 889 404 929 ὼ·
415 886 650 936 sollicitudine
664 909 677 929 ,
702 883 780 923 Not
804 886 843 920 in
867 884 954 921 hauc
983 882 1193 967 Tyrolessfim
1239 883 1429 919 rovinciam
1453 881 1660 920 intulimus;
1684 880 1727 921 ὼ·
1743 879 1860 928 statim
1881 892 1921 915 ac
1936 878 2130 928 ‘Bulsanum
2156 877 2323 927 profem,
2347 878 2413 928 qua

358 935 578 973 Reverendas
593 933 746 972 Patres.
773 931 1027 970 Provincialem
1050 943 1089 967 ac
1138 930 1338 979 iffinitores,
1364 941 1426 965 nec
1450 941 1517 965 nan
1535 930 1578 971 ὠ·
1598 928 1682 964 alios
1695 928 1787 965 dista
1801 927 2006 964 ‘Provinciae
2019 928 2198 969 Seniores‚
2226 939 2267 963 ac
2291 928 2413 975 proba·

362 986 469 1022 tiores
489 993 793 1019 convocaveramus
810 1005 823 1024 ,
847 980 1030 1029 iisdemque
1057 979 1272 1026 congregatis
1293 1005 1302 1020 ‚
1324 976 1562 1026 praediffiarum
1590 979 1788 1014 litterarum
1801 977 1900 1063 ,βω
1924 975 2099 1012 ‘Brevium
2142 985 2295 1012 tenorem
2319 976 2412 1014 noti-

356 1032 565 1081 ficavimus,
590 1030 840 1078 Adventusque
861 1040 902 1064 no
929 1030 961 1064 ri
976 1027 1082 1077 finem
1098 1028 1141 1068 ῥ’
1158 1028 1329 1064 intentum
1338 1026 1556 1074 patefecimus
1571 1053 1580 1068 ,
1606 1024 1798 1074 Sigillaqae
1850 1025 2013 1062 rovinciae
2031 1023 2263 1073 suscepimu53
2289 1023 2411 1060 exinde

361 1092 437 1117 cnm
458 1079 572 1130 iisdem
593 1078 755 1116 Patribus
771 1103 782 1120 ,
806 1078 966 1113 divisone
987 1073 1146 1112 conclusa
1159 1099 1172 1118 ,
1197 1076 1240 1117 ὠ·
1258 1076 1349 1111 modo
1376 1074 1573 1123 ‘Divisionis
1587 1098 1599 1116 ‚
1620 1073 1701 1111 licet
1722 1086 1788 1109 non
1812 1074 1852 1109 in
1878 1074 2053 1115 omnibus,
2080 1081 2273 1109 concertata
2300 1093 2313 1111 2
2331 1072 2414 1121 sus·

360 1128 462 1178 pensis
477 1127 671 1176 quibusdam
697 1125 952 1176 difficultatibus
970 1126 1008 1161 in
1033 1122 1194 1171 Capitulo
1217 1121 1446 1160 ‘Provinciali
1469 1123 1692 1169 dikntiendis
1712 1134 1752 1158 ac
1784 1121 1991 1170 resolvendis
2015 1145 2029 1165 ‚
2053 1120 2245 1168 litterisque
2275 1119 2412 1157 Citato·

357 1178 426 1214 riis
440 1201 452 1220 ,
474 1185 537 1224 pro
562 1175 726 1223 Distsretis
748 1174 912 1222 eligendis
928 1198 941 1218 ,
967 1173 1012 1209 ad
1042 1171 1172 1220 angulos
1195 1170 1341 1209 locorum
1366 1170 1586 1208 Guardianos
1606 1171 1800 1208 Provincia
1819 1180 1901 1208 tran
1917 1171 1962 1205 mi
1984 1181 2010 1205 rs
2033 1193 2046 1212 ,
2073 1177 2145 1218 prae
2161 1179 2224 1206 atae
2248 1168 2410 1207 Provin-

362 1225 423 1261 cia
453 1224 672 1274 visitationem
698 1234 721 1268 ,’
743 1226 878 1260 virtute
901 1233 1006 1258 eorun
1033 1232 1082 1257 em
1109 1220 1283 1258 ‘Brevium
1316 1243 1329 1263 ,
1362 1217 1476 1257 Nobis
1503 1219 1740 1256 demandatam
1775 1230 1795 1254 a
1842 1230 1878 1254 re
1900 1231 1911 1254 1
1959 1228 2056 1255 umus
2082 1230 2092 1254 ε
2170 1218 2215 1253 ua
2237 1240 2252 1260 ‚
2289 1215 2413 1264 magnd

367 1283 410 1309 ex
431 1281 532 1321 parte
563 1271 698 1320 perafid
723 1296 735 1315 ,
772 1280 874 1320 prout
897 1271 1050 1307 brevitas
1071 1270 1227 1317 temporis
1251 1267 1398 1318 permisit
1425 1294 1434 1308 ,
1449 1266 1659 1318 singulisque
1695 1264 1814 1303 Fratri
1838 1278 1878 1303 us
1902 1289 1916 1309 ,
1952 1265 2010 1302 vel
2033 1274 2188 1303 oretenus
2208 1289 2221 1310 ,
2261 1265 2319 1301 vel
2350 1273 2411 1311 per

366 1320 501 1358 litteras
534 1320 664 1357 auditis
686 1345 699 1363 ‚
720 1323 952 1369 perpensaque
981 1318 1175 1357 Provinciae
1208 1315 1425 1365 longitudine
1450 1339 1462 1359 ,
1486 1315 1675 1353 latitudine
1697 1338 1710 1359 ‚
1730 1314 1980 1362 amplitudine,
2008 1324 2049 1348 ac
2073 1315 2213 1349 viarum
2245 1311 2412 1361 asperita-

359 1379 395 1406 te
417 1393 430 1412 ,
455 1368 598 1416 aliisque
620 1369 881 1419 circumstantiis
910 1391 924 1411 ‚
959 1378 999 1403 ac
1037 1367 1231 1403 rationibus
1263 1362 1395 1403 attenti
1423 1364 1634 1414 consideratis
1653 1388 1665 1408 ,
1704 1363 1882 1401 evidenter
1904 1362 2124 1411 comperimus
2147 1385 2162 1407 ‚
2197 1359 2262 1397 imo
2287 1359 2411 1409 Iinmet

359 1419 492 1464 experti
503 1416 621 1464 sumus
641 1441 654 1461 ‚
677 1429 796 1454 verum
819 1414 904 1467 effe,
930 1415 1019 1464 quod
1035 1424 1098 1464 pro
1121 1414 1306 1451 obtinenda
1330 1413 1488 1461 divisione
1511 1437 1525 1457 ,
1549 1412 1641 1461 apud
1662 1411 1822 1449 Sauflam
1845 1411 1966 1449 Sedent
1984 1411 2157 1496 expsyt‘tum
2173 1410 2250 1459 fuit
2274 1433 2288 1452 ,
2313 1408 2420 1445 nimi·

356 1466 432 1502 rim
445 1491 455 1506 ‚
479 1464 599 1501 diiiam
617 1465 837 1503 Provinciam
855 1491 867 1509 ‚
892 1466 931 1501 ob
948 1464 1021 1514 ejus
1047 1465 1187 1500 nimiam
1211 1461 1401 1512 vastitatem
1414 1483 1427 1504 ,
1455 1473 1521 1498 non
1537 1459 1646 1511 poste,
1671 1461 1714 1496 ab
1739 1462 1840 1497 unico
1860 1459 2050 1497 Provincia
2065 1461 2101 1500 i,
2126 1456 2290 1496 commode
2311 1466 2413 1505 atque

359 1512 497 1550 utiliter
521 1513 676 1561 visitari,
700 1514 742 1554 (θ’
763 1513 855 1561 conse
879 1522 999 1550 uenter
1024 1512 1128 1598 ipsam
1149 1510 1225 1558 fore
1237 1535 1251 1554 ,
1276 1511 1318 1553 (θ’
1338 1504 1420 1559 effe.
1441 1509 1543 1558 juxta
1560 1510 1771 1557 sententiam
1790 1509 1868 1557 fere
1891 1509 2038 1545 omnium
2066 1506 2228 1546 Fratrum
2249 1505 2413 1542 dividen-

359 1560 437 1596 dam
453 1586 461 1599 ,
487 1571 554 1596 non
571 1561 663 1596 modo
680 1570 776 1608 porto
791 1562 828 1596 in
843 1526 1022 1598 {nvibus
1073 1559 1232 1607 ontificiis
1249 1583 1262 1602 ‚
1277 1558 1341 1607 sed
1361 1557 1475 1595 modo,
1501 1570 1566 1606 quo
1585 1559 1726 1606 potuit,
1749 1557 1790 1592 ob
1812 1557 1962 1593 rationes
1980 1566 2140 1604 urgentes
2161 1553 2275 1596 Nobis
2293 1564 2414 1591 occur-

357 1619 472 1646 rentes
487 1632 500 1652 ,
524 1617 565 1645 ut
585 1608 686 1657 juxta
733 1608 986 1657 onstitutiones,
1012 1607 1133 1645 Patres
1149 1606 1407 1650 provinciales,
1423 1607 1546 1654 saltem
1568 1608 1619 1643 bis
1642 1608 1682 1642 in
1709 1616 1799 1641 anno
1820 1606 1859 1642 vi
1870 1615 1956 1641 ttent
1970 1606 2053 1653 suas
2067 1604 2307 1641 Provincias.
2337 1601 2415 1638 Ideo

352 1656 426 1706 posi
437 1656 594 1705 sedulam
619 1669 659 1694 ac
682 1667 850 1694 maturam
869 1655 1088 1704 discuffionem
1109 1668 1148 1692 ac
1177 1655 1451 1692 deliberationem
1465 1680 1476 1699 ,
1499 1655 1615 1691 habito
1636 1656 1740 1691 etiam
1762 1655 1847 1703 confi
1857 1656 1890 1689 io
1912 1653 1955 1694 ὠ·
1979 1649 2104 1703 affinsu
2125 1653 2271 1689 omnium
2293 1650 2413 1699 praeci·

353 1714 498 1753 puorum
515 1705 660 1742 Patrum
682 1705 856 1754 praesentis
872 1704 1025 1754 Capituli
1041 1702 1079 1741 V
1074 1703 1243 1747 ocalium,
1268 1704 1403 1739 attenta
1415 1703 1546 1750 semper
1562 1713 1749 1739 memorata
1771 1703 1964 1739 Provincia
1986 1702 2209 1749 amplitudine
2231 1700 2275 1741 ὁ·
2292 1698 2421 1747 asperi-

358 1762 430 1789 tate
445 1777 457 1796 ,
481 1751 623 1801 aliiJiJue
642 1766 706 1790 cau
717 1767 743 1790 ts
767 1754 809 1794 ὼ·
839 1753 1036 1791 rationibus
1055 1752 1197 1791 libratis
1221 1761 1325 1799 atque
1352 1750 1493 1799 discuffis
1517 1775 1530 1794 ,
1554 1751 1699 1798 denique
1719 1749 1932 1796 consideratis
1955 1751 2107 1787 omnibus
2142 1747 2390 1799 considerandis
2406 1769 2419 1789 ‚

359 1800 593 1838 ‹Aufforitate
607 1802 698 1854 Apo]
710 1802 795 1838 olicd
809 1826 818 1842 ,
842 1804 881 1838 in
905 1801 966 1838 hac
989 1811 1089 1850 parte
1102 1825 1116 1845 ‚
1143 1799 1259 1838 Nobis
1284 1798 1460 1846 concessa,
1485 1811 1556 1835 eam
1576 1799 1617 1834 de
1639 1797 1730 1846 fufio
1754 1797 1965 1845 Tyrolensem
1988 1797 2237 1843 Provinciam,
2259 1798 2298 1832 in
2322 1795 2410 1831 duas

359 1840 570 1892 dividimus,
597 1849 640 1891 ὠ·
664 1853 703 1886 in
716 1858 913 1896 perpetuum
940 1850 1086 1899 divisam
1118 1847 1177 1899 effe
1199 1846 1409 1884 declaramus
1441 1847 1483 1888 &¹
1506 1848 1718 1885 decernimus
1732 1870 1743 1888 ,
1767 1847 1820 1883 ita
1835 1856 1876 1883 ut
1898 1844 2010 1882 altera
2026 1846 2093 1893 sub
2113 1847 2257 1895 antiquo
2279 1842 2414 1891 Tyrolit

358 1898 517 1943 nomine,
541 1898 584 1940 ὠ·
598 1898 722 1948 sigillo
739 1896 1177 1948 SaniitffimigSacramenti
1198 1894 1301 1932 titulo
1325 1894 1484 1932 decorata
1497 1920 1511 1940 ‚
1536 1897 1687 1933 retineat
1704 1894 1930 1944 septendecim
1955 1893 2162 1944 Monasteria
2181 1919 2195 1942 ,
2220 1891 2383 1932 videlicet
2397 1915 2409 1928 .

970 2015 1209 2083 Tyroletfis
1241 2014 1477 2065 Provinciae
1508 2014 1776 2065 Monafleria
1791 2051 1804 2064 .

693 2139 946 2193 Oenipontum
960 2166 971 2181 .
1536 2146 1597 2176 ιο.
1657 2135 1865 2187 Sterzinga
1879 2162 1891 2174 .

597 2148 629 2176 1.

584 2207 625 2235 2.
687 2197 956 2253 salisburgum
970 2225 981 2237 .
1535 2206 1549 2233 1
1565 2206 1598 2233 ι.
1660 2191 1913 2247 Radstadium
1927 2220 1939 2232 .

586 2265 626 2305 3·
688 2255 863 2312 Augusta
880 2282 892 2295 .
1533 2263 1546 2289 1
1557 2263 1593 2290 2.
1660 2254 1858 2301 Eppanum
1870 2276 1880 2287 .

585 2326 628 2363 4·
688 2313 900 2368 Bulsanam
914 2341 926 2353 .
1533 2323 1595 2364 ¹3·
1656 2306 1901 2362 Mildorfium
1913 2336 1926 2348 .

583 2379 626 2416 5·
688 2372 859 2414 Brixina
874 2400 885 2411 .
1531 2382 1546 2409 1
1556 2381 1596 2419 4.
1656 2363 1920 2407 Sthlanderna
1937 2391 1949 2405 .

583 2425 624 2467 6·
685 2431 898 2471 Meranum
914 2461 927 2470 .
1534 2430 1597 2472 15.
1662 2421 1806 2480 Lauffir
1827 2451 1840 2464 .

583 2499 624 2536 7.
685 2486 954 2542 Ginzburgum
971 2515 983 2528 .
1535 2483 1598 2525 16.
1663 2484 1772 2523 Lana
1791 2510 1802 2521 .

588 2546 630 2586 8.
691 2547 817 2586 Ennia
831 2573 843 2585 .
1542 2554 1557 2584 1
1566 2554 1603 2592 7.
1665 2538 2015 2597 Wefflnbornium
2029 2571 2041 2582 .

585 2616 628 2658 9.
687 2606 954 2660 Bruneggium
968 2631 979 2644 .

452 2707 541 2756 Q
572 2707 670 2744 intra
687 2706 811 2745 limites
834 2707 1011 2758 respefliv?
1043 2709 1235 2748 Comitatus
1261 2706 1395 2757 Yyrolis
1429 2706 1544 2758 partis
1576 2706 1716 2746 Sveviae
1734 2729 1748 2750 ,
1777 2703 2098 2754 Archiepiscopatus
2123 2703 2387 2754 salisburgensis
2403 2726 2417 2748 ,

360 2754 405 2800 ὁ·
422 2755 635 2805 Episcopatus
659 2754 874 2806 ‘Brixinensis
893 2759 1115 2795 continentur
1130 2784 1140 2795 .

457 2852 586 2890 Altera
605 2849 685 2888 verb
698 2874 711 2895 ‚
737 2864 838 2901 quam
848 2853 918 2901 sub
942 2854 1075 2891 nomine
1098 2854 1269 2892 ‘Bavariae
1281 2876 1295 2898 ‚
1320 2866 1359 2891 ac
1371 2854 1438 2903 sub
1464 2853 1568 2892 titulo
1587 2852 1630 2894 ῥ’
1653 2849 1777 2897 Sigillo
1791 2848 1995 2897 ‘Beatiffimae
2011 2846 2173 2896 Virginis
2191 2848 2410 2898 Oetingauae»

358 2912 480 2937 novam
509 2900 730 2938 Provinciam
746 2899 902 2948 eligimus
921 2914 961 2939 ac
984 2901 1193 2951 instituimus
1211 2927 1224 2947 ‚
1248 2914 1321 2949 quae
1344 2904 1442 2939 intra
1462 2902 1586 2938 limites
1603 2898 1783 2946 respefiivi
1805 2897 1973 2932 ‘Duatas
1994 2895 2183 2940 mavorte,
2216 2899 2414 2940 &Princi-

349 2958 433 2999 pum
448 2946 574 2985 circuli
590 2946 794 2986 Francanici
809 2977 819 2990 ,
844 2948 975 2986 ‘Partis
988 2951 1127 2986 Sveviae
1145 2978 1149 2983 .
1179 2951 1222 2992 ὼ·
1235 2949 1459 2989 Palatinatds
1470 2949 1663 2997 superioris
1674 2947 1872 2983 continetur
1885 2968 1899 2987 ,
1925 2943 2051 2982 habens
2064 2946 2264 2984 Conventus
2275 2948 2319 2983 ab
2331 2946 2411 2984 aliis

353 2997 426 3047 jam
449 2995 615 3047 distinffios
630 2995 673 3037 ὼ·
687 2997 886 3046 separatam
913 3008 1041 3034 necnon
1058 2998 1223 3047 Hospitia
1235 3022 1249 3044 ‚
1273 3010 1314 3035 ac
1327 2997 1520 3048 Miffionum
1540 2995 1612 3032 loca
1625 3019 1639 3041 ,
1663 3005 1737 3043 quae
1753 2995 1792 3029 in
1806 2993 1991 3039 Bavaria,
2014 2994 2058 3036 ὁ·
2071 2992 2279 3033 Palatinam
2290 3018 2304 3041 ,
2327 2996 2420 3036 Sve-

362 3046 425 3082 via
438 3069 452 3091 ,
476 3046 519 3088 ἐφ
530 3043 722 3083 Franconia
742 3047 965 3095 reperiuntur
979 3070 992 3091 ,
1017 3047 1182 3084 videlicet
1193 3071 1203 3083 .

973 3155 1197 3210 Bavaricae
1218 3153 1462 3207 Pro-vincia
1488 3153 1765 3220 monasteria
1780 3186 1794 3200 .

594 3288 629 3316 ι.
720 3270 969 3314 Monacbium
985 3303 996 3314 .
1538 3286 1600 3317 11.
1665 3271 1987 3328 Mergethensium
2001 3300 2013 3313 .

590 3345 626 3373 2.
718 3328 1007 3385 Resinbemium
1020 3363 1030 3374 .
1540 3347 1556 3375 1
1566 3347 1586 3375 2
1594 3361 1606 3374 .
1665 3330 1991 3386 Deggendorfium
2004 3358 2017 3372 .

589 3405 628 3444 3.
721 3388 963 3430 Landishuta
973 3422 986 3435 .
1538 3405 1556 3435 ι
1565 3405 1604 3446 3.
1663 3389 1908 3444 schardinga
1921 3415 1936 3430 .

589 3463 633 3502 4.
723 3445 936 3492 Ratlsbona
954 3479 966 3490 .
1539 3461 1602 3504 14.
1664 3446 1900 3490 Danuberta
1914 3474 1927 3488 .

594 3521 631 3559 5.
722 3507 970 3563 straubinga
981 3540 992 3551 .
1541 3522 1605 3558 ¹5·
1660 3505 1831 3561 Kizingae
1843 3534 1857 3547 .

587 3570 629 3608 6.
720 3566 939 3622 Herbipolis
954 3598 966 3609 .
1542 3567 1605 3610 16.
1661 3564 1880 3619 Bambtrga
1892 3591 1904 3606 .

594 3638 635 3673 7.
719 3625 960 3670 Brunovium
972 3657 983 3668 .
1542 3640 1556 3668 1
1567 3639 1606 3678 7.
1666 3621 1789 3665 Ricda
1801 3649 1814 3662 .

589 3688 628 3726 8.
715 3687 987 3745 Dinckelspila
999 3718 1010 3728 .
1536 3685 1603 3728 18.
1669 3682 1905 3727 Vilzhovium
1916 3710 1929 3722 .

588 3757 629 3799 9.
720 3746 945 3802 Eustadium
959 3775 971 3787 .
1537 3757 1602 3799 ¹9·
1661 3740 1884 3784 Gamuudta
1900 3768 1915 3782 .

594 3819 607 3845 ι
615 3818 654 3847 ο.
715 3805 1034 3863 Wafflrhurgum
1048 3834 1060 3845 .
1529 3813 1596 3844 20.
1655 3799 1915 3857 Burghustum
1924 3825 1936 3839 .

2190 3869 2256 3899 αι.
2281 3851 2359 3900 Ni-
