2638 4204
470 236 625 322 352

1203 155 1700 314 Custodia

388 341 615 385 devotione
650 341 812 383 Fratres
838 339 1013 396 ejusdem
1042 337 1209 381 Ordinis
1237 337 1276 379 in
1309 338 1396 378 Re.
1458 346 1606 391 quarn,
1634 342 1680 376 ut
1697 329 1934 387 praefertur,
1951 331 2083 375 ered'ta
2100 330 2280 390 fuerint,
2308 351 2354 381 ac
2371 338 2470 382 Bra-

395 416 519 457 gnum
547 400 723 443 Poloniae
753 402 990 449 introduci,
1022 399 1183 455 duoque
1209 410 1284 450 pro
1313 395 1394 438 illis
1461 392 1590 436 tribus
1619 390 1659 433 in
1677 392 1736 432 eis
1754 390 1973 443 respefflve
1999 406 2072 447 pro
2087 402 2268 449 tempore
2281 398 2472 454 degenti-

394 461 584 516 Hospitia
601 488 615 510 ,
647 471 768 499 unum
793 459 956 515 quidem
980 460 1021 499 in
1043 459 1226 499 Civitate
1242 458 1397 497 Craco-

1459 453 1532 494 bus
1552 479 1566 502 ‚
1580 461 1640 501 ut,
1656 449 1754 492 lic'et
1772 452 1934 493 Fratres
1948 450 2019 506 ipli
2034 450 2236 496 tenariuin
2253 467 2467 500 numerum

394 519 518 564 vienfi
547 548 560 571 ,
592 517 768 560 alterum
797 519 899 558 vero
938 518 974 558 in
1007 516 1172 569 Oppido
1199 510 1397 555 Varsaviae
1460 511 1499 552 in
1516 509 1699 564 quolibet
1727 509 1954 551 eorundem
1980 509 2260 564 Hospitiorum
2278 512 2468 570 respecti-

397 574 670 624 posnaniensis
691 574 868 619 Diaecefis
898 576 1026 630 erigi,
1058 573 1289 616 &instituti
1316 570 1404 626 plu-

395 639 542 681 rimum
569 634 799 686 desideret,
835 635 981 677 Dileeti
1000 631 1404 683 Filii,Diffinitorium

397 693 590 753 generale
607 693 704 734 dieti
718 693 885 735 Ordinis
898 723 911 744 ‚
929 692 1038 736 suum
1053 692 1170 746 super
1181 706 1227 735 ea
1242 707 1287 734 re
1309 703 1413 734 con-

397 756 554 797 sensum
587 751 854 805 praestiterunt
874 781 887 803 ,
921 752 1042 807 idque
1069 750 1191 792 etiam
1214 751 1235 793 εὶ
1262 750 1413 795 ἀίῐεέὶο

397 813 505 858 filio
524 810 659 853 nostro
677 838 689 861 ,
707 812 847 853 Felice
879 809 1147 866 Rospigliosio
1174 837 1188 860 ,
1220 815 1261 854 S.
1295 811 1347 851 R.
1365 811 1413 850 E.

398 872 588 915 Diacono
604 869 985 919 Cardinale,Felice
1000 879 1229 923 nuncupato
1244 895 1258 916 a
1289 868 1415 911 Ordi-

399 931 463 975 nis
495 928 669 984 praedieti
693 928 798 984 apud
833 932 945 979 Nos,
979 929 1018 969 &
1045 928 1193 972 Sedem
1211 926 1414 983 Apostoli-

396 1003 486 1032 cam
505 989 850 1042 Comproteetore
867 988 1136 1041 approbatum
1165 986 1241 1028 fuit
1258 1015 1270 1027 .
1302 988 1413 1046 Qa-

395 1063 439 1092 re
475 1045 683 1089 humiliter
716 1046 831 1086 nobis
862 1044 1075 1099 supplicari
1106 1044 1230 1090 fecisti
1250 1073 1265 1098 ³.
1296 1058 1342 1088 ut
1373 1046 1411 1087 in

396 1104 601 1163 praemiffis
634 1102 864 1158 opportune
898 1103 1152 1158 providere,
1182 1106 1219 1145 &
1242 1133 1256 1155 ‚
1287 1116 1335 1147 ut
1353 1105 1412 1146 in-

394 1165 453 1208 fra
469 1194 486 1216 ,v
517 1162 730 1216 indulgere
758 1163 810 1204 de
827 1162 1083 1217 benignitate
1099 1164 1331 1219 Apostolica
1346 1163 1411 1204 di-

395 1235 637 1280 gnaremur.
673 1224 759 1262 Nos
788 1222 913 1276 ig=tur
939 1223 1014 1276 piis
1047 1223 1262 1265 memorati
1286 1226 1410 1279 Joan-

394 1286 458 1328 nis
478 1281 598 1335 Regis
618 1280 736 1320 Votis
764 1280 801 1320 in
831 1280 1059 1334 praem-iliis,
1091 1282 1285 1338 quantum
1313 1296 1408 1325 cum

394 1341 577 1385 Domino
604 1335 804 1393 post—'umus
833 1366 847 1390 ,
877 1335 1160 1383 favorabiliter
1183 1355 1408 1386 annuere)

394 1400 632 1456 cupientes,
664 1408 789 1452 teque
806 1397 1078 1452 spiritualibus
1101 1398 1309 1443 favoribus
1327 1430 1341 1453 ,
1368 1402 1407 1443 δι

395 1458 539 1516 gratiis
557 1455 740 1511 prosequi
760 1455 976 1510 volentes,
1009 1460 1047 1501 δι
1070 1458 1313 1514 aquibusvis
1340 1475 1406 1502 ex·

393 1515 1089 1571 communicationis‚suspenstonis..
1107 1519 1147 1559 &
1170 1519 1374 1562 interdit‘ti
1391 1548 1405 1570 ,

397 1578 528 1632 aliisq3
558 1574 838 1617 Ecclesiasticis
856 1575 1274 1629 sententiis,censuris‚
1289 1579 1328 1623 δι
1340 1592 1410 1634 pe-

395 1638 457 1682 nis
473 1640 495 1679 ὲ
510 1634 600 1690 jure
617 1662 631 1685 ‚
667 1633 728 1676 vel
746 1636 795 1677 ab
811 1635 974 1678 homine
998 1636 1147 1691 quavis
1169 1638 1379 1679 occasione
1393 1663 1407 1685 s

395 1696 462 1739 vel
493 1691 607 1734 causa
635 1692 725 1734 latis
743 1723 755 1743 ,
787 1694 813 1734 sl
836 1694 980 1749 quibus
1006 1695 1320 1749 quomodolibet
1350 1697 1408 1738 in·

394 1753 570 1798 nodatus
596 1753 737 1794 existis
755 1780 769 1803 ,
794 1752 842 1794 ad
867 1751 1050 1795 effestum
1066 1751 1280 1798 dumtaxat
1310 1769 1410 1810 prae-

392 1812 566 1859 sentium
590 1812 947 1868 consequendum,
974 1814 1115 1855 harum
1150 1813 1250 1858 serie
1276 1814 1410 1857 absol-

396 1883 569 1921 venteS,
601 1871 639 1912 &
669 1872 895 1915 absolutum
926 1870 1018 1915 fore
1046 1875 1285 1926 censentes,
1317 1875 1407 1927 sup-

393 1930 679 1991 plicationibus
705 1941 778 1975 tuo
804 1933 966 1975 nomine
989 1929 1104 1986 super
1134 1936 1210 1975 hoc
1242 1932 1406 1975 humili·

394 2000 458 2033 ter
484 1990 679 2043 porreetis
700 1991 879 2032 inclinati
899 2020 912 2042 ,
927 1991 1003 2033 tibi
1018 1992 1105 2034 duo
1121 1989 1308 2045 Hospitia
1335 2005 1411 2046 pro

394 2047 606 2092 Fratribus
622 2046 717 2088 dieti
730 2049 899 2091 Ordinis
913 2078 927 2099 ,
960 2065 1083 2093 unum
1100 2052 1265 2106 quidem
1282 2053 1319 2092 in
1336 2050 1410 2092 Ci-

395 2109 526 2149 vitate
548 2109 806 2148 Cracovienfl
823 2138 836 2158 ,
869 2109 1044 2149 alterurn
1060 2112 1157 2151 vero
1185 2112 1222 2150 in
1240 2108 1410 2163 Oppido

395 2162 598 2207 Varsaviae
626 2164 819 2214 praedietis
834 2194 846 2217 ,
878 2166 1105 2210 dummodo
1123 2180 1259 2210 tamen
1278 2168 1409 2209 Ordi-

393 2223 608 2267 nariorum
637 2221 822 2265 locorum
851 2227 1076 2279 respessive
1099 2228 1147 2270 ad
1173 2227 1213 2268 id
1238 2226 1409 2269 accedat

395 2281 594 2327 assensus,
626 2281 750 2323 etiam
779 2282 892 2324 nullo
905 2284 1122 2340 requifito,
1152 2301 1223 2328 nec
1238 2286 1409 2340 desuper

393 2338 696 2383 interveniente
718 2354 1068 2399 quorumcumque
1087 2345 1351 2401 Regularium
1367 2345 1409 2386 in

396 2400 596 2442 Domibus
618 2399 894 2453 Regularibus
914 2402 1054 2445 viciws
1071 2404 1294 2458 digentium
1311 2418 1409 2446 con-

394 2458 500 2501 sensu
518 2486 531 2507 ‚
565 2464 619 2497 ita
638 2468 769 2500 tamen
788 2487 803 2510 ,
835 2470 879 2501 ut
897 2462 978 2501 duo
996 2463 1179 2516 Hospitia
1209 2463 1406 2519 hujusmo-

395 2518 436 2560 di
464 2518 484 2557 ὲ
512 2517 726 2557 Provincia
761 2520 992 2560 Bononiensi
1026 2522 1195 2562 Ordinis
1229 2521 1407 2573 praedieti

395 2574 654 2630 dependeant
682 2604 693 2623 ,
728 2575 868 2629 illique
895 2575 1156 2618 subordinate
1181 2578 1255 2619 lint
1273 2607 1286 2629 ,
1327 2592 1404 2620 nec

399 2635 560 2678 N=›virii
588 2633 638 2676 ad
667 2634 861 2675 Habitum
893 2636 1202 2689 Regularemin
1221 2638 1300 2679 illis
1317 2638 1407 2682 ullo

390 2694 516 2735 modo
542 2693 667 2743 recipi
701 2693 898 2741 valeant,
931 2693 1100 2734 servatis
1128 2695 1225 2735 alias
1249 2694 1408 2737 servan-

394 2753 458 2794 dis
476 2782 490 2802 ,
520 2752 764 2793 auctoritate
789 2752 922 2793 nostra
944 2752 1173 2806 Apostolica
1190 2754 1372 2809 erigendi
1395 2781 1410 2804 ,

393 2813 434 2853 δι
456 2810 688 2853 instituendi
716 2824 1012 2866 quamcumque
1042 2810 1306 2854 necessariam
1333 2842 1346 2865 ‚
1372 2814 1410 2853 &

394 2881 670 2925 opportunam
685 2866 922 2920 faculatem,
932 2870 1074 2911 eadem
1089 2871 1412 2923 auetoritatene·

396 2942 497 2971 nore
517 2925 768 2982 praesentium
786 2955 797 2975 ,
824 2928 1087 2970 concedimus
1118 2957 1132 2979 .‚
1165 2930 1205 2970 &
1227 2929 1411 2986 imparti-

397 3001 514 3030 mur.
551 2985 779 3033 Veientes,
811 2986 850 3026 δε
874 2988 956 3040 pari
995 2989 1239 3031 auetoritate
1270 2989 1410 3033 decer-

397 3053 571 3092 nentes,
603 3052 647 3083 ut
681 3042 824 3084 eadem
854 3044 938 3085 duo
953 3045 1168 3100 Hospitia,
1202 3049 1406 3105 postquam

401 3103 454 3149 fic
471 3102 604 3144 eret-Ita
620 3100 772 3142 suerint
789 3130 804 3152 ‚
835 3103 1045 3146 &Fratres
1070 3106 1107 3146 in
1126 3107 1183 3148 eis
1211 3122 1286 3162 pro
1302 3120 1406 3151 teni-

396 3175 495 3219 pnre
519 3171 821 3203 commorantes
840 3161 951 3215 juxta
977 3164 1304 3208 Constitutiones
1333 3183 1408 3223 pro

397 3220 505 3265 felici
528 3233 671 3260 eorum
687 3221 891 3272 gubernio
904 3223 923 3262 i
943 3223 1130 3275 praediao
1147 3225 1283 3269 Felice
1300 3230 1407 3269 Car-

394 3278 530 3322 dinile
555 3306 570 3329 ,
608 3279 648 3319 δε
673 3280 1014 3332 (Ῑοηιρῐοῑεᾷὶοτσ
1051 3277 1252 3326 faciendas
1286 3287 1406 3337 regi,

393 3341 432 3382 &
451 3338 662 3392 gubernari
682 3336 860 3380 debeant
876 3366 891 3389 ,
922 3355 994 3382 nec
1012 3339 1088 3396 ipsa
1111 3343 1296 3396 Hospitia
1315 3336 1403 3386 sub-

392 3395 486 3441 inde
510 3399 532 3442 ὲ
550 3395 737 3449 ρι’κάῐέὶο
753 3397 933 3448 Ordine,
952 3402 1140 3443 Fratrum
1158 3404 1405 3446 Minoi-um

394 3455 700 3507 Capucinorum
730 3455 876 3512 absque
891 3457 1068 3511 expressa
1091 3459 1204 3516 hujus
1231 3465 1270 3504 S.
1291 3463 1404 3506 Sedis

396 3513 562 3561 licentia
594 3514 724 3557 deseri
757 3530 929 3571 unquam
959 3517 1100 3570 poffint
1126 3546 1141 3566 ,
1175 3534 1305 3576 neque
1327 3521 1404 3564 fine

400 3576 486 3629 pari
513 3572 691 3628 ejusdem
722 3575 837 3619 Sedis
867 3573 1034 3618 licentia
1061 3577 1144 3619 aliae
1162 3581 1314 3624 Domus
1341 3595 1404 3623 re·

399 3630 585 3687 gulares,
620 3631 697 3674 live
725 3633 905 3686 Hospitia
930 3633 1106 3688 eiusdem
1134 3638 1300 3681 Ordinis
1329 3639 1402 3682 iti-2

400 3692 549 3793 gegnp
571 3692 795 3743 supradicto
818 3694 947 3750 erigi,
979 3695 1180 3741 &institui
1208 3697 1296 3744 ullo
1314 3711 1405 3740 mo—

434 3762 458 3790 o
476 3763 520 3788 va
543 3757 634 3788 eant
648 3777 660 3789 .

458 3809 591 3854 Porro
615 3808 814 3866 praedietis
843 3810 1003 3856 duobus
1032 3814 1226 3873 Hospitiis
1252 3844 1266 3869 ,
1296 3816 1404 3877 post-

1468 569 1518 611 ve
1533 583 1609 611 non
1629 567 1874 623 implerent,
1908 569 2170 611 nihilominus
2200 572 2248 612 ab
2269 575 2471 617 omnimo-

1466 628 1517 670 da
1532 629 1841 670 Ordinariorum
1869 627 2148 681 praedietorum
2173 629 2390 682 respeoive
2410 632 2472 688 ju-

1473 685 1704 730 risdiCtione
1733 715 1748 738 ,
1782 684 2021 730 Vifitatione
2045 716 2060 739 ,
2092 690 2377 736 correfflone,
2409 705 2478 732 cu-

1475 761 1518 788 ra
1548 773 1562 794 ,
1593 749 1632 788 δι
1653 747 1851 801 gubernio
1873 759 2058 804 exempta
2080 776 2094 799 ,
2125 749 2164 789 &
2186 748 2364 803 exempti
2391 749 2477 791 exi-

1477 807 1578 848 stant
1602 834 1616 857 ,
1648 820 1693 848 ac
1710 807 1803 848 huic
1816 810 1856 850 S.
1874 806 1966 849 Sedi
1982 806 2476 862 Apostolicaeimmediate

1476 864 1706 920 subjaceant
1720 894 1734 917 ‚
1766 879 1839 908 nec
1854 880 1933 908 non
1966 867 2004 907 in
2019 867 2203 909 omnibus
2216 892 2230 915 ,
2263 867 2302 907 &
2317 865 2479 920 singulis

1474 923 1704 980 privilegiis
1733 953 1746 976 ,
1784 925 2053 981 praerogativis
2077 955 2091 977 ‚
2134 925 2441 981 praeeminentiis
2463 949 2480 973 2

1474 983 1613 1040 gratiis
1627 1011 1642 1034 ,
1671 983 1894 1027 &indultis
1909 1013 1922 1035 ,
1953 984 2096 1040 quibus
2111 988 2350 1028 Conventus
2374 981 2482 1038 ejus-

1473 1042 1570 1085 dem
1587 1043 1755 1085 Ordinis
1770 1072 1783 1096 ,
1815 1045 1855 1085 &
1873 1045 2034 1086 Fratres
2051 1044 2087 1085 in
2106 1045 2163 1086 eis
2178 1053 2481 1086 commorantes

1472 1111 1556 1144 tam
1580 1101 1763 1156 dejure,
1794 1102 1914 1157 quam
1944 1103 1996 1144 de
2010 1103 2326 1152 consuetudine,
2360 1103 2483 1159 quam

1471 1160 1575 1203 alias
1601 1161 1913 1217 quomodolibet
1948 1172 2117 1202 utuntur
2142 1191 2158 1212 ,
2186 1160 2380 1205 fruuntur
2397 1191 2413 1212 ,
2443 1161 2482 1202 δε

1473 1220 1651 1275 gaudent
1669 1248 1680 1270 ,
1709 1233 1754 1261 ac
1783 1219 1872 1269 uti,
1898 1217 2005 1267 frui,
2030 1219 2263 1274 &gaudere
2291 1219 2479 1276 potsunt,

1470 1280 1508 1320 &
1527 1288 1718 1334 poterunt
1741 1278 1780 1320 in
1810 1276 1991 1321 futurum
2007 1306 2020 1329 ‚
2049 1279 2133 1333 pari
2153 1277 2277 1320 modo
2296 1307 2309 1329 ,
2339 1279 2376 1319 &
2394 1278 2484 1319 abs-

1469 1352 1549 1394 que
1564 1338 1649 1381 ulla
1665 1335 1827 1392 prorsus
1844 1336 2069 1380 differentia
2084 1338 2142 1378 uti
2162 1365 2174 1387 ‚
2201 1335 2281 1379 frui
2301 1366 2315 1385 ,
2330 1337 2370 1380 δι
2386 1348 2485 1391 gau-

1469 1399 1570 1440 dere
1587 1396 1742 1447 libere,
1768 1395 1933 1439 &licite
1951 1395 2091 1451 poffint
2107 1425 2120 1447 ‚
2152 1398 2190 1437 &
2210 1398 2370 1439 valeant
2385 1421 2399 1444 ,
2413 1408 2482 1439 au·

1468 1456 1658 1498 ctoritate
1680 1457 1717 1497 &
1738 1466 1882 1497 tenore
1907 1454 2102 1510 praediftis
2116 1455 2378 1498 concedimus
2398 1483 2414 1505 ,
2440 1455 2483 1496 δε

1467 1514 1747 1570 indulgemus.
1776 1518 1834 1556 Ac
1861 1513 2025 1557 demum
2059 1514 2270 1557 Fratribus
2296 1515 2333 1557 in
2357 1514 2478 1555 dictis

1470 1573 1626 1615 duobus
1650 1572 1843 1626 Hospitiis
1871 1588 1944 1628 pro
1969 1583 2152 1630 tempore
2185 1571 2479 1615 commoranti·
2511 1586 2514 1590 ·

1474 1633 1546 1674 bus
1563 1663 1575 1681 ,
1600 1635 1640 1675 δι
1666 1634 1706 1674 in
1734 1633 1845 1674 sacro
1879 1632 2172 1684 presbiteratus
2197 1631 2352 1674 Ordine
2380 1642 2483 1674 con·

1472 1692 1617 1734 stitutis
1640 1718 1655 1740 ,
1698 1690 2022 1733 Sacramentales
2048 1690 2379 1734 Christifidelium
2421 1687 2484 1731 se-

1471 1751 1668 1793 cularium
1702 1749 1749 1790 ad
1766 1764 1833 1791 eos
1848 1751 2152 1793 recurrentium
2181 1764 2256 1792 con
2265 1747 2448 1791 sessiones
2464 1776 2482 1800 ,

1471 1809 1697 1853 dummodo
1711 1820 1844 1851 tamen
1863 1810 1969 1864 prius
1985 1810 2033 1850 ad
2054 1810 2092 1851 id
2117 1814 2139 1853 a
2159 1808 2343 1851 locorum
2357 1807 2486 1859 Ordi-⁴

1471 1870 1592 1910 nariis
1610 1867 1827 1924 respective
1843 1869 2056 1923 approbari
2072 1866 2225 1910 fuerint
2237 1895 2252 1916 ,
2264 1865 2454 1911 audiendi
2468 1875 2488 1917 ,'

1472 1925 1620 1980 eosque
1645 1927 1665 1968 a
1699 1929 1777 1970 suis
1810 1929 1987 1983 peccatis
2013 1927 2254 1983 poenitentia
2288 1923 2484 1975 salutari,

1471 1988 1512 2027 &
1524 1987 1712 2042 aliis,qu5·
1730 1986 1943 2042 injungEda
1957 1984 2127 2036 fuerint,
2142 1986 2201 2027 eis
2217 1984 2402 2041 injunctis
2416 1985 2490 2028 abe

1473 2044 1669 2088 solvendi
1687 2045 1926 2088 facultatem
1944 2045 2198 2099 impertimur
2213 2073 2224 2083 .
2254 2047 2491 2086 Decernen-

1474 2114 1535 2146 tes
1557 2103 1719 2146 easdem
1735 2104 1948 2159 praesentes
1980 2103 2142 2145 litteras
2159 2105 2316 2158 semper
2331 2099 2491 2151 firmas,

1476 2163 1632 2204 validas
1648 2192 1662 2214 .,
1697 2165 1737 2204 δι
1757 2163 1942 2206 efficaces
1970 2162 2140 2204 existere
2168 2163 2204 2203 &
2227 2159 2346 2211 fore,
2381 2158 2492 2204 suost-

1472 2237 1553 2278 que
1579 2224 1811 2276 plenarios,
1850 2224 1890 2263 &
1922 2221 2100 2278 integros
2130 2220 2291 2263 effeetus
2321 2217 2488 2268 sortiri,

1471 2284 1508 2323 &
1529 2281 1718 2323 obtinere
1735 2308 1750 2331 ,
1765 2295 1811 2322 ac
1828 2281 1908 2323 illis
1922 2305 1936 2327 ,
1950 2282 1998 2321 ad
2026 2295 2124 2334 quos
2138 2280 2288 2335 spectat
2302 2307 2318 2329 ,
2352 2279 2391 2320 δι
2410 2289 2486 2332 pro

1472 2352 1658 2395 tempore
1679 2338 1939 2394 spectabimn
1958 2338 2174 2387 omnibus,
2205 2340 2246 2378 δι
2268 2350 2338 2393 per
2350 2337 2489 2377 omnia

1471 2398 1693 2459 plenissime
1712 2396 1949 2451 suffragari,
1977 2397 2078 2439 &ab
2095 2397 2152 2438 eis
2179 2395 2399 2449 respective
2425 2394 2488 2436 in-

1474 2457 1725 2500 violabiliter
1761 2456 1968 2498 observari
1991 2481 2006 2503 ,
2042 2454 2174 2508 sicque
2208 2454 2247 2495 in
2288 2452 2491 2508 praemiffis

1469 2531 1542 2573 per
1561 2513 2014 2571 quoscumqueJudices
2038 2512 2260 2555 ordinarios
2276 2541 2292 2564 ‚
2321 2511 2490 2555 &dele-

1467 2586 1601 2630 gatos,
1615 2578 1740 2617 etiam
1755 2573 1976 2616 Causarum
1998 2572 2142 2616 Palatii
2162 2570 2383 2624 Apostolici
2399 2574 2489 2615 Au-

1467 2633 1842 2683 ditoreS‚iudicari‚
1876 2629 2087 2673 &definiri
2106 2631 2288 2681 debere,
2317 2643 2362 2673 ac
2389 2630 2483 2671 irri-

1469 2702 1556 2736 tum
1571 2722 1586 2744 ‚
1618 2694 1655 2734 &
1676 2692 1794 2733 inane
1815 2719 1828 2741 ,
1857 2690 1881 2732 st
1898 2688 2009 2732 secus
2026 2690 2141 2744 super
2160 2690 2219 2731 his
2234 2690 2254 2731 a
2281 2702 2483 2744 quoquam

1471 2752 1614 2806 quavis
1644 2752 1880 2793 auctoritate
1908 2750 2083 2792 scienter
2108 2778 2123 2800 ,
2151 2751 2217 2790 vel
2248 2749 2488 2804 ignoranter

1473 2811 1699 2864 contigerit
1724 2808 1956 2851 attentari.
1992 2812 2084 2850 Non
2114 2807 2361 2849 obstantibus
2391 2814 2492 2862 pra-⁴

1475 2868 1618 2919 miffis,
1648 2884 1693 2911 ac
1720 2867 2107 2917 constitutionibus,
2136 2868 2176 2908 &
2207 2863 2484 2909 ordinationi·

1473 2929 1548 2971 bus
1566 2927 1808 2983 Apostolicis
1823 2955 1837 2976 ‚
1862 2941 1935 2969 nec
1953 2940 2031 2968 non
2047 2926 2140 2966 dieti
2157 2925 2324 2968 Ordinis
2339 2953 2352 2975 ‚
2378 2923 2484 2967 aliis·

1471 3003 1522 3030 ve
1541 2985 1761 3043 quibusvis,
1772 2987 1894 3028 etiam
1911 2985 2159 3042 juramento,
2173 2982 2493 3027 confirmatione

1469 3046 1704 3102 Apostolica
1731 3073 1745 3095 ,
1776 3045 2000 3101 velquavis
2030 3043 2227 3086 firmitate
2254 3043 2331 3084 alia
2359 3042 2486 3086 robo-

1469 3107 1566 3150 ratis
1583 3105 1736 3147 statutis
1761 3106 1801 3145 &
1822 3103 2181 3146 consuetudinibus
2199 3133 2215 3155 ,
2251 3101 2480 3157 privilegiis

1470 3177 1631 3223 quoque
1659 3163 1827 3204 indultis
1847 3191 1862 3213 ,
1891 3164 1931 3207 ὃς
1961 3163 2111 3204 litteris
2142 3159 2389 3218 Apostolicis
2412 3161 2485 3204 in.»

1469 3225 1721 3267 contrarium
1748 3220 2034 3276 praemifforum
2059 3220 2372 3277 quomodolibet
2386 3231 2484 3262 con·

1469 3281 1581 3326 ceffis
1605 3312 1619 3332 ,
1655 3279 1902 3324 confirmatis
1931 3311 1945 3334 ,
1985 3284 2025 3323 &
2052 3280 2256 3323 innovatis
2277 3308 2292 3331 ,
2334 3278 2478 3335 quibus

1467 3342 1654 3384 omnibus
1671 3370 1684 3392 ,
1709 3343 1747 3382 &
1765 3341 2109 3396 fingulis,illorum
2135 3350 2297 3383 tenores
2313 3333 2479 3394 prolen-

1468 3402 1578 3444 tibus
1605 3415 1679 3456 pro
1693 3400 1815 3456 plene
1833 3429 1847 3449 ‚
1882 3399 2178 3442 &sufficienter
2204 3394 2411 3454 expretlis,
2437 3394 2479 3436 &

1468 3460 1518 3502 ad
1537 3462 1705 3503 verbum
1737 3457 1889 3501 insertis
1923 3460 2154 3509 habentes,
2184 3457 2266 3499 illis
2283 3452 2387 3496 alias
2403 3453 2479 3496 in.»

1467 3519 1536 3561 suo
1552 3520 1703 3562 robore
1727 3516 2012 3573 permansuris,
2033 3518 2082 3560 ad
2107 3511 2388 3571 praemifforum
2414 3508 2478 3553 ef·

1466 3579 1616 3621 fec‘tum
1633 3579 1705 3619 hae
1724 3577 1814 3618 vice
1827 3577 2040 3618 dumtaxat
2067 3572 2293 3630 specialiter
2307 3600 2321 3621 ‚
2349 3573 2388 3612 δι
2401 3584 2475 3613 ex-

1469 3637 1600 3693 presse
1612 3636 1853 3692 derogamus
1869 3664 1884 3687 ‚
1910 3634 2140 3690 ceterisque
2153 3631 2369 3675 contrariis
2387 3628 2476 3686 qui·

1469 3695 1739 3751 bustumque.

1531 3759 1682 3798 Datum
1701 3757 1840 3797 Romae
1866 3752 1971 3806 apud
1993 3753 2176 3794 Savfflm
2198 3748 2365 3791 Mariam
2392 3749 2479 3789 Ma·

1463 3816 1595 3874 jorem
1619 3814 1689 3861 sub
1704 3812 1876 3860 Annulo
1898 3809 2115 3854 Piscator-is
2143 3809 2211 3851 die
2239 3822 2277 3850 x.
2293 3812 2478 3908 Sekptem·

2369 3877 2420 3906 ris
