2658 4256
950 244 1035 332 *B
1071 269 1112 327 o
1153 267 1310 326 em
1355 243 1462 327 ic
1496 255 1560 327 ζα
1588 300 1607 322 .
2046 278 2234 360 Ἰ,173

219 375 412 433 silesiae,
431 373 540 442 ‘quo
567 378 706 426 Sacra·
731 374 932 429 Caesarea
958 376 1167 439 Majestas
1197 393 1270 425 me
1299 375 1623 445 ablegaverat,
1658 369 1851 422 domum
1866 372 2076 425 reversus
2109 376 2298 430 benevo-

222 449 367 499 lentiae
395 447 548 514 plenas
575 447 834 515 accepissem
850 482 866 504 ,
901 447 1119 502 volebam
1136 483 1152 505 ,
1189 449 1253 496 uti
1284 445 1611 501 conveniebat,
1646 440 1801 491 statim
1825 445 1881 494 ad
1906 444 2088 495 easdem
2115 447 2298 515 respon-

207 517 324 566 ,dere
345 552 361 575 ,
397 517 476 566 sed
515 516 782 568 infirmitate
809 518 1010 583 corporis
1037 515 1266 583 hucusque
1305 515 1576 584 praepeditus
1597 549 1613 572 ,
1650 513 1847 582 cogebar
1873 515 2056 566 differre
2089 515 2295 585 scriptio-

215 590 286 636 nis
322 585 529 638 officium
556 624 571 646 ,
608 604 745 656 prout
764 584 1071 638 Illustriffimae
1098 605 1150 634 ac
1179 585 1579 638 Reverendiffimae
1605 585 1919 634 Dominationi
1946 587 2112 637 Vestrae
2145 589 2202 636 ab
2221 607 2298 640 eo-

213 656 321 707 dem
348 662 552 708 Domino
568 661 794 708 Fenzonio
824 664 920 722 jam
949 653 1185 705 innotuisse
1214 657 1440 705 arbitror.
1478 654 1622 722 Qod
1652 653 1766 702 vero
1798 656 2024 706 intellesta
2054 659 2110 707 de
2141 663 2298 726 Capu·

211 730 326 778 cinis
371 731 461 779 huc
493 729 757 779 inducendis
782 731 996 796 petitione
1031 724 1160 783 meai,
1189 725 1491 775 Illustriffima
1521 725 1570 776 ὃ(
1607 723 1997 776 Reverendiffima
2025 731 2297 779 Dominatio

213 799 378 850 Vestra
409 818 501 849 non
533 797 787 854 destiterit,
825 799 913 846 una
939 816 1047 847 cum
1085 794 1391 847 Illustriffimo
1436 793 1484 845 &
1520 793 1913 844 Reverendiffimo
1946 801 2149 848 Domino
2183 814 2292 849 meo

211 867 619 920 observandiffimo
649 868 894 918 Cardinale
933 868 1200 917 Paravicino
1231 866 1352 933 apud
1386 865 1723 915 Sanstiffimum
1761 867 2016 915 Dominum
2057 869 2285 921 Nostrum

211 939 270 991 de
301 940 458 992 eadem
488 938 624 989 verba
657 934 835 994 facere,
868 935 932 986 est
967 937 1091 987 certe
1110 973 1126 996 ,
1163 935 1286 1003 quod
1311 952 1500 1004 magnas
1539 953 1623 1003 pro
1649 952 1704 984 eo
1733 938 1902 1005 gratias
1930 952 2065 1005 agam
2094 975 2110 995 ,
2146 959 2295 991 cum..

207 1009 459 1079 praesertim
489 1007 759 1058 desiderium
805 1008 894 1056 hoc
932 1026 1087 1058 meum
1121 1012 1211 1058 Sua
1239 1009 1463 1057 Sanctitas
1492 1006 1683 1075 benigne
1719 1005 1985 1074 approbarit
2004 1043 2019 1065 ,
2052 1006 2128 1057 sed
2162 1013 2291 1059 nihil-

211 1082 395 1130 ominus
426 1076 536 1127 scire
563 1077 716 1145 cupiat
741 1113 760 1136 ,
794 1095 1039 1145 quamnam
1062 1075 1310 1128 Ecclesiam
1342 1114 1357 1136 ,
1394 1077 1442 1128 ὅ(
1468 1094 1558 1145 quo
1585 1075 1807 1145 praecipue
1840 1079 1884 1125 in
1914 1076 2037 1128 istius
2070 1081 2293 1129 Civitatis

206 1152 314 1201 loco
346 1150 450 1199 huic
480 1149 542 1198 rei
577 1147 931 1199 destinaverim?
969 1149 1023 1199 de
1045 1167 1170 1217 qu0,
1195 1151 1405 1215 quamvis
1437 1166 1554 1197 nunc
1587 1148 1700 1196 nihil
1732 1149 2006 1198 nominatim
2036 1147 2063 1196 ὲ
2096 1166 2169 1197 me
2199 1168 2296 1216 per-

205 1219 343 1272 scribi
385 1218 519 1287 poffit
562 1218 707 1281 (sunt
748 1222 869 1270 enim
908 1219 980 1269 hle
1011 1224 1166 1289 Pragae
1193 1221 1289 1269 aliae
1329 1238 1509 1287 quoque
1541 1217 1745 1268 Ecclefiae
1785 1218 1835 1269 ὅ(
1858 1221 1975 1279 ,loca
1996 1255 2012 1277 ,
2052 1236 2151 1285 quae
2184 1223 2297 1270 Illu-

205 1288 407 1342 strissimi
450 1289 499 1341 <St
530 1289 914 1341 Reverendiffimi
947 1293 1138 1340 Domini
1173 1292 1337 1339 Nuntii
1373 1289 1626 1358 Apostolici
1655 1326 1671 1348 ,
1708 1289 1756 1340 ὅ(
1783 1291 2166 1357 Excellentiffimi
2204 1295 2295 1340 Do·

207 1363 324 1412 mini
356 1360 691 1411 Aldobrandini
719 1360 1024 1430 inspeffione,
1059 1376 1194 1427 atque
1223 1361 1396 1427 judicio
1425 1379 1509 1428 pro
1540 1359 1696 1410 iisdem
1725 1362 1974 1428 Capucinis
2009 1379 2298 1429 percommoo

207 1432 266 1481 da
286 1428 396 1480 *fore
425 1438 687 1498 putantur)
725 1446 876 1481 tamen
902 1468 918 1491 ,
954 1430 987 1480 fi
1021 1430 1147 1481 certo
1189 1433 1494 1502 intelligerem
1526 1429 1708 1481 eosdem
1754 1430 1838 1481 effe
1869 1433 1957 1481 huc
2003 1433 2254 1482 mittendos
2278 1469 2294 1491 ,

210 1500 415 1550 adhibito
447 1500 738 1551 Illustriffirni
756 1504 945 1551 Domini
979 1503 1146 1552 Nuntii
1182 1502 1400 1561 consilio,
1437 1521 1490 1551 ex
1521 1504 1572 1551 iis
1599 1503 1713 1552 locis
1750 1501 2173 1552 commodiffimum
2213 1503 2294 1553 de·

207 1572 431 1640 ligerem,
471 1574 543 1620 vel
570 1573 710 1622 etiam
741 1571 918 1639 ipsimet
935 1575 1160 1640 Capucini
1179 1608 1195 1631 ,
1229 1572 1520 1641 posteaquam
1556 1574 1795 1628 venirent,
1832 1570 1914 1620 fibi
1946 1572 2295 1632 habitationem,

209 1659 346 1707 quam
380 1640 615 1692 crederent
654 1642 855 1691 maxime
888 1659 1200 1711 opportunam
1229 1656 1246 1700 ,‘
1292 1644 1492 1711 deligere
1525 1639 1696 1709 possent
1726 1677 1738 1689 .
1778 1643 1978 1691 Interim
2018 1641 2099 1692 fibi
2129 1647 2289 1694 Domi-

205 1712 331 1761 natio
353 1711 513 1761 Vestra
538 1711 803 1779 persuadere
832 1716 944 1762 velit
974 1748 991 1770 ,
1026 1713 1185 1762 iisdem
1209 1748 1224 1770 ,
1268 1716 1342 1779 qui
1366 1712 1622 1780 plurimum
1642 1726 1917 1779 exoptantur
1934 1749 1950 1771 ,
1986 1712 2035 1764 ὅτ.
2067 1731 2288 1785 magnum

207 1785 256 1830 in
296 1782 378 1830 hac
412 1785 651 1832 Provincia
682 1780 883 1832 frustum
916 1782 1079 1832 saciari
1125 1784 1370 1841 videntur,
1406 1797 1502 1833 tam
1547 1783 1605 1832 de
1637 1781 1867 1842 Ecclesia,
1904 1784 2044 1851 quam
2077 1787 2292 1835 omnibus

206 1853 306 1902 aliis
334 1851 464 1901 rebus
484 1850 732 1902 neceffariis
753 1891 768 1911 ‚
790 1853 1034 1904 accedente
1066 1853 1316 1922 praesertim
1346 1858 1450 1904 Suae
1482 1852 1731 1918 Majestatis
1762 1853 1976 1904 Caesareae
2006 1856 2294 1907 clementissi·

203 1921 280 1971 ma*
312 1925 546 1972 voluntate
587 1942 639 1973 ac
667 1922 982 1983 ordinatione,
1014 1924 1274 1993 opportune
1314 1922 1552 1994 provisum
1582 1927 1636 1973 iri
1669 1961 1682 1973 .
1727 1927 1775 1976 Si
1816 1926 1928 1994 quid
1972 1927 2096 1976 aliud
2143 1927 2292 1978 obstat

209 1993 330 2042 circa
366 1994 453 2042 hoc
482 1996 756 2064 negotium,
794 1995 841 2045 id
872 2013 1052 2062 quoque
1087 1995 1284 2064 superari
1320 1994 1440 2065 posse
1483 1996 1682 2046 arbitror
1709 2032 1725 2054 ,
1762 1995 2027 2046 dummodo.
2052 1998 2298 2049 lllustriffi-

206 2081 284 2112 ma
321 2061 372 2113 ὅ(
402 2064 790 2134 Reverendiffima
826 2067 1096 2116 Dominatio
1129 2067 1293 2118 Vestra
1324 2070 1437 2117 hanc
1477 2069 1589 2118 mihi
1620 2068 1817 2137 gratiam
1855 2066 2054 2127 faceret,
2095 2084 2144 2119 ut
2171 2070 2298 2138 apud,

209 2133 507 2184 Sanffltatem
542 2138 682 2184 Suam
710 2170 727 2193 ,
763 2133 812 2186 ἃ
846 2136 1202 2188 illustrissimum
1236 2139 1533 2190 Cardinalem
1559 2138 1731 2190 Sane&
1772 2142 2029 2198 Severinae,
2069 2143 2181 2199 vel,
2213 2143 2291 2191 ubi

209 2203 321 2252 alias
350 2203 572 2253 neceffum
603 2201 740 2256 fuerit
765 2241 782 2265 ,
819 2224 905 2275 pro
933 2206 1092 2258 iisdem
1133 2212 1378 2279 Capucinis
1414 2212 1504 2260 huc
1544 2209 1778 2260 mittendis
1807 2211 2087 2262 intercedere
2116 2210 2165 2263 ὃς
2203 2227 2295 2262 tra-

214 2273 337 2324 &are
371 2280 460 2323 non
480 2273 671 2326 desistat
689 2312 701 2326 .

353 2344 495 2410 Qod
539 2347 761 2413 reliquum
789 2347 889 2406 est,
929 2348 1244 2401 Illustriffimae
1278 2352 1594 2402 Dominationi
1631 2349 1804 2401 Vestrae
1838 2349 1993 2401 officia
2022 2369 2123 2401 mea
2169 2353 2292 2403 addi-

208 2412 402 2464 v&ziffima
423 2414 616 2465 studiose
645 2412 831 2478 defero,
860 2438 1021 2488 meque
1040 2420 1175 2489 ipsius
1199 2421 1335 2473 solito
1366 2425 1511 2471 amori
1539 2437 1801 2471 reverenter
1817 2423 2123 2483 commendo,
2151 2442 2292 2492 quam

209 2489 337 2536 Deus
368 2483 537 2536 salvam
566 2485 614 2539 ὃ(
641 2489 903 2541 incolumen
933 2491 1204 2552 conservet,
1249 2513 1303 2544 ac
1327 2494 1455 2544 bonis
1492 2493 1705 2544 omnibus
1741 2507 1937 2565 augeat.

349 2558 504 2629 Pragae
537 2558 610 2608 die
641 2576 690 2622 4.
719 2563 836 2611 Maii
856 2567 996 2613 Anno
1019 2581 1168 2626 1597.
1770 2594 1773 2598 >

819 2702 1137 2792 Zbigneus
1172 2703 1694 2796 Archiepiscopus
1734 2704 2089 2794 Pragensis.·

351 2877 466 2930 Aliae
494 2895 629 2931 autem
658 2884 715 2938 ad
735 2884 801 2932 D.
819 2884 1080 2936 Cardinalem
1100 2889 1402 2939 Paravicinum
1430 2891 1537 2939 datae
1549 2925 1566 2949 ,
1602 2905 1719 2938 erant
1744 2894 1898 2939 tenoris
1912 2889 2142 2960 fiquentis.

481 3051 866 3119 Illustriffime
899 3078 969 3151 ac
1001 3055 1460 3123 Revendiffime
1498 3062 1688 3126 Dom.
1719 3063 1995 3131 Domine

990 3150 994 3152 ’
1016 3148 1464 3216 Colendiffime
1486 3200 1500 3216 .
2075 3177 2088 3201 '-
2117 3166 2129 3239 {s

354 3332 479 3379 Cum
508 3345 651 3397 nuper
679 3330 993 3381 intellexissem
1024 3332 1384 3385 Illustrissimam
1435 3334 1484 3387 ὃς
1527 3339 1966 3392 Reverendiffimam
1999 3343 2284 3396 Dominatio-

214 3414 317 3449 nem
351 3399 595 3457 Vestram,
637 3400 824 3468 cognita
865 3404 1083 3469 petitione
1129 3406 1227 3455 mcii
1265 3423 1349 3472 pro
1369 3407 1601 3459 Fratribus
1633 3413 1809 3478 aliquot
1844 3415 2091 3479 Capucinis
2114 3450 2130 3473 ,
2171 3434 2285 3482 quos

216 3468 305 3518 huc
332 3471 456 3519 mitti
485 3469 814 3530 desiderarem,
855 3473 944 3521 una
968 3491 1073 3522 cum
1101 3475 1405 3525 Illustriffimo
1435 3477 1484 3530 ὅ(
1519 3480 1917 3531 Reverendissimo
1939 3485 2144 3534 Domino
2177 3504 2282 3535 meo

219 3538 825 3592 Colendis'simo'Cardinale
858 3544 1107 3593 Camerino
1143 3544 1197 3593 de
1225 3545 1481 3607 hujusmodi
1514 3548 1738 3602 defiderio
1766 3569 1874 3601 meo
1903 3553 2024 3620 apud
2052 3555 2282 3605 Sanstissi-

217 3622 351 3656 mum
386 3613 639 3662 Dominum
672 3611 896 3662 Nostrum
935 3613 1071 3664 verba
1108 3614 1252 3664 fecisse
1281 3653 1296 3676 ,
1344 3619 1510 3669 accidit
1539 3622 1625 3670 hoc
1657 3622 1769 3670 mihi
1810 3624 2035 3690 imprimis
2061 3640 2246 3694 gratum
2266 3661 2282 3685 ,

218 3676 346 3743 quod
372 3679 475 3729 inde
504 3681 638 3749 ipfius
664 3700 772 3752 erga
791 3701 863 3733 me
895 3682 1237 3752 propensionem
1267 3687 1311 3736 in
1337 3689 1548 3752 juvandis
1577 3692 1708 3753 hujus
1735 3691 1941 3742 Ecclesiae
1971 3695 2104 3746 rebus
2129 3714 2283 3764 prom-

217 3759 344 3813 ptam
373 3752 660 3802 voluntatem
690 3772 780 3803 non
814 3753 1002 3804 obscure
1036 3754 1304 3823 perspiciam
1325 3754 1339 3806 .’
1381 3759 1474 3808 Etfi
1504 3760 1689 3827 quidem
1721 3763 1943 3813 Sanffitas
1976 3770 2068 3816 Sua
2086 3803 2100 3825 ,
2133 3782 2185 3816 ut
2213 3784 2282 3815 ac-

129 3889 131 3891 y
221 3818 322 3885 cepi
358 3853 375 3876 ,
417 3818 684 3874 desiderium
725 3823 843 3876 istud
878 3825 1069 3898 benigne
1095 3825 1283 3894 quidem
1314 3828 1586 3899 approbavit
1607 3866 1624 3891 ‚
1665 3831 1833 3889 verum
1871 3835 2174 3894 nihilominus
2207 3833 2289 3884 res-

2138 3920 2242 3963 ponc
