2658 4256
1002 205 1509 293 Boemica.

217 337 591 401 confraternitati
606 338 826 408 praedictae
853 339 974 388 ultra
991 338 1223 406 indulgen-

284 415 368 468 tias
384 448 400 471 ‚
421 416 519 476 jam
537 407 789 468 concessas,
824 407 881 458 ad
903 405 1224 476 instantiasJo-

283 486 410 536 annis
424 482 654 551 Stephani,
671 480 839 532 Nuntii
855 483 897 530 A
904 474 1238 544 postolici,alias

287 555 547 625 impertitur
559 588 575 604 .

364 694 697 751 PAULUS
748 692 947 741 PAPA
1003 692 1068 739 V.

277 813 470 870 Unlvcrfis
483 805 1017 868 Christifi'delibuspraestntes
1027 805 1163 848 literas

332 870 561 935 iqspeb‘luris
580 869 769 919 salutem,
785 865 831 912 (9⁸
855 863 1110 920 Apssolicam

557 923 854 970 bencdiffioncm
866 950 878 963 .

353 1050 392 1092 D
417 1043 638 1101 augendam
671 1038 850 1083 fidelium
865 1037 1123 1092 Religionem
1143 1066 1156 1088 ‚
1178 1038 1219 1079 ὅτ.

213 1053 330 1164 A
361 1106 583 1149 animarum
600 1101 763 1144 salutem
777 1127 791 1150 ,
805 1097 1052 1140 Coelestibus
1071 1098 1216 1140 Eccle-

212 1168 272 1212 fiae
298 1163 492 1208 thesauris
516 1159 579 1218 pia
594 1159 792 1203 charitate
820 1156 993 1205 intenti,
1017 1154 1215 1212 supplica-

213 1225 389 1271 tionibus
417 1235 578 1279 quoque
605 1217 861 1262 Venerabilis
877 1217 1040 1267 Fratris,
1056 1215 1217 1274 Joannis

215 1283 408 1341 Stephani
424 1311 440 1332 ,
455 1278 635 1336 Episcopi
652 1275 920 1320 Vercellenfis
941 1275 1083 1326 ,nostri
1099 1277 1139 1317 &
1152 1281 1224 1318 Se·

215 1344 276 1387 dis
292 1340 528 1397 Apostolicae
554 1337 604 1379 ad
623 1335 888 1391 Rudolphum
908 1337 964 1378 11.
994 1335 1031 1376 in
1045 1338 1226 1389 Impera·

214 1411 347 1445 torem
378 1401 654 1441 Romanorum
680 1394 879 1445 electum,
915 1393 1055 1436 Nuntii
1072 1391 1226 1445 ,Nobis

213 1459 330 1515 super
348 1458 425 1500 hoc
442 1455 646 1497 humiliter
660 1453 853 1508 porrectis
872 1452 1084 1504 inclinati,
1096 1451 1227 1493 omni-

214 1519 291 1562 bus
319 1517 358 1556 8c
387 1512 550 1568 stngulis
579 1511 781 1568 utriusque
816 1509 927 1554 sexus
943 1510 1226 1554 christifideli-

211 1576 287 1620 bus
317 1572 414 1617 vere
430 1571 704 1628 penitentibus
721 1600 734 1623 ,
762 1573 800 1613 &
814 1568 997 1613 confeffis
1015 1599 1029 1622 ‚
1055 1584 1100 1613 ac
1117 1568 1225 1612 sacra

215 1632 516 1680 Communione
543 1628 698 1673 refectis
731 1659 746 1681 ,
773 1631 839 1686 qui
869 1630 1087 1672 Ecclefiam
1113 1627 1227 1683 supe·

212 1695 365 1738 rior-em
387 1720 403 1744 ,
427 1689 492 1732 vel
509 1690 746 1732 Oratorium
763 1688 930 1731 inferius
943 1686 1226 1730 Confraterni-

212 1753 309 1798 tatis
340 1749 529 1793 Passionis
558 1747 718 1789 Domini
745 1745 962 1802 nostriJesu
982 1745 1157 1796 Christi,
1184 1745 1223 1785 in

208 1811 390 1856 Civitate
404 1805 589 1860 Pragenfi
603 1804 812 1857 canonice,
823 1815 868 1846 ut
881 1804 1124 1861 accepimus,
1137 1817 1223 1846 ere-

210 1872 306 1918 uae,
335 1868 375 1910 in
402 1863 501 1907 festo
528 1861 770 1907 Nativitatis
806 1863 969 1906 Domini
999 1861 1221 1917 nostriJesu

211 1926 392 1975 Christi,
419 1923 592 1980 aprimis
610 1920 796 1978 Vesperis
823 1920 943 1979 usque
966 1921 1017 1964 ad
1031 1921 1218 1964 occasum
1269 1947 1273 1953 -

208 1984 302 2029 solis
315 1983 492 2039 ciusdem
516 1981 595 2025 diei
609 1981 770 2037 fingulis
784 1982 897 2025 annis
915 1980 1066 2024 devote
1087 1978 1217 2023 vifita·

211 2044 347 2088 verint
363 2071 378 2094 ,
402 2043 439 2084 δι
470 2041 524 2082 ibi
550 2054 623 2095 pro
647 2040 974 2083 Christianorum
988 2040 1217 2095 Principum

212 2100 432 2146 concordia
448 2129 463 2151 ,
485 2098 672 2141 haeresum
688 2099 962 2153 extirpatione
977 2127 992 2149 ,
1015 2111 1062 2139 ac
1075 2101 1116 2140 S.
1133 2101 1221 2140 Ma·

212 2162 287 2203 tris
305 2157 491 2203 Ecclefiae
506 2156 750 2200 exaltatione
794 2158 846 2199 ias
861 2156 912 2199 ad
932 2160 1063 2199 Deum
1078 2169 1221 2212 preces

214 2218 433 2264 effuderint
448 2246 463 2269 ,
488 2216 620 2273 quoad
652 2219 744 2258 Con
764 2226 893 2259 ratres
921 2215 1032 2257 dit‘tae
1049 2215 1222 2257 Confra-

212 2276 417 2323 ternitatis
445 2304 459 2327 ,
497 2274 716 2330 plenariam
753 2275 929 2317 omnium
958 2283 1218 2328 peccatorum

210 2340 370 2383 suorum
386 2334 680 2388 indulgentiam
697 2362 714 2384 ,
738 2333 775 2374 &
793 2332 1053 2376 remissionem
1069 2332 1221 2375 miseri-

213 2395 392 2443 corditer
406 2393 445 2434 in
464 2392 639 2436 Domino
652 2392 940 2445 concedimus3
971 2390 1104 2448 quoad
1122 2391 1220 2433 alios

212 2457 312 2500 vero
325 2450 614 2496 Christifideles
643 2451 788 2493 decem
803 2458 957 2502 annos,
979 2453 1016 2492 &
1044 2450 1220 2493 totidem

211 2513 484 2572 quadragenas
500 2512 551 2555 de
567 2510 750 2568 injunctis
767 2510 823 2552 eis
835 2539 848 2561 ,
865 2509 925 2552 seu
940 2509 1034 2551 alias
1049 2523 1220 2562 quomo-

211 2573 369 2617 dolibet
386 2570 530 2613 debitis
545 2570 795 2625 poenitentigs
826 2571 864 2612 in
884 2569 1014 2611 forma
1033 2569 1218 2612 Ecclefiae

213 2632 401 2676 consueta
416 2630 641 2672 relaxamus
654 2659 665 2670 .
696 2627 857 2683 Insuper
878 2627 1015 2670 iisdem
1027 2625 1219 2669 Chriliifi-

214 2689 375 2732 delibus
388 2717 401 2739 ,
430 2691 467 2729 &
482 2687 582 2731 vere
600 2687 892 2740 poenitentibus
918 2717 931 2739 ,
957 2688 997 2728 &
1010 2684 1191 2729 confeffis
1204 2714 1219 2736 ,

215 2759 263 2790 ac
285 2746 392 2788 sacra
403 2748 698 2788 Communione
714 2745 871 2789 refectis
885 2776 899 2796 ‚
925 2748 989 2801 qui
1016 2743 1218 2801 praefatam

215 2803 463 2849 Ecclefiam
489 2804 797 2844 seuomtorium
818 2805 854 2844 in
870 2803 1029 2859 {iugulis
1045 2802 1222 2846 Domini.

217 2865 275 2907 cis
295 2859 505 2905 Adventus
519 2889 533 2911 ,
566 2873 719 2901 necnon
734 2861 770 2901 in
790 2863 1001 2902 Dominica
1020 2861 1222 2910 Paffionis,

217 2924 256 2964 &
274 2920 483 2963 Dominica
503 2919 730 2961 palmarum
746 2944 761 2968 ,
792 2919 855 2972 pie
869 2946 883 2969 ,
909 2927 955 2960 ut
970 2918 1198 2971 praedicitur
1211 2942 1226 2964 ,

217 2979 491 3028 visitaverint,
515 2980 554 3019 δι
576 2976 817 3019 oraverint:
843 2977 972 3029 quoad
987 2975 1223 3017 Confratres

217 3041 258 3082 in
275 3037 433 3094 lingulis
451 3035 657 3079 Adventus
670 3064 684 3085 ,
713 3049 758 3076 ac
776 3033 960 3077 Paffionis
977 3062 991 3085 ,
1016 3035 1054 3075 &
1072 3032 1227 3075 Palma-

220 3111 309 3139 rum
339 3095 559 3138 Dominicis
588 3093 758 3151 praefatis
783 3093 1011 3148 quindecim
1046 3104 1058 3133 ε
1093 3089 1226 3145 quoad

217 3157 317 3199 alios
347 3157 447 3197 vero
473 3168 550 3195 non
578 3152 818 3197 Confratres
845 3153 883 3193 in
913 3150 1043 3193 tribus
1072 3151 1224 3191 ultimis

217 3210 431 3258 Adventfis
457 3212 609 3256 tantum
634 3213 775 3254 decem
791 3223 943 3260 ann08,
969 3211 1004 3250 &
1020 3210 1222 3252 totidem

218 3272 524 3328 quadragenas,
550 3282 594 3313 ut
623 3269 857 3324 praefertur,
883 3271 1103 3311 relaxamus
1123 3297 1133 3308 .
1167 3270 1230 3310 Ac

218 3331 419 3387 postremo
430 3328 517 3385 ipfis
532 3327 815 3372 Confratribus
828 3327 1232 3375 dumtaxat,iin1iliter

221 3391 318 3432 vere
335 3388 624 3443 poenitentibus
639 3389 700 3440 ,δι
712 3386 908 3434 confeffis‚
923 3400 967 3428 ac
984 3386 1089 3426 sacra
1103 3388 1227 3427 Com·

222 3449 413 3491 munione
430 3445 586 3489 refec'tis
601 3476 615 3498 ,
639 3447 708 3503 qui
721 3445 863 3502 quovis
881 3442 1001 3485 modo
1024 3456 1096 3497 pro
1110 3444 1230 3485 haere-

224 3506 395 3548 ticorum
408 3504 677 3549 converfione
693 3518 859 3560 operam
877 3502 981 3545 suam
1008 3500 1073 3555 pii:
1089 3511 1231 3544 contu-

225 3562 377 3607 lerint:
402 3565 556 3620 quoties
571 3563 610 3606 id
626 3566 785 3620 egerint
800 3590 814 3613 ,
841 3560 1073 3617 quindecim
1090 3573 1232 3611 annos,

227 3623 268 3662 δε
281 3622 448 3664 totidem
459 3624 734 3680 quadragenas
748 3623 799 3664 de
814 3621 998 3677 injunetis
1012 3647 1025 3670 ,
1041 3619 1103 3661 seu
1117 3619 1230 3667 alias,

226 3690 269 3720 ut
287 3679 413 3735 supra,
426 3682 650 3725 relaxamus
669 3709 679 3720 .
696 3680 954 3723 Praesentibus
969 3692 1040 3733 pro
1053 3675 1230 3720 Confra-

225 3739 353 3781 tribus
368 3738 535 3792 praefatis
550 3741 746 3796 perpetuo
771 3769 784 3791 ,
810 3752 884 3794 pro
898 3739 984 3782 aliis
1000 3739 1096 3779 vero
1111 3735 1231 3778 Chri-

224 3797 459 3842 stifidelibus
482 3798 532 3841 ad
546 3799 785 3857 decennium
803 3798 1012 3842 dumtaxat
1028 3795 1228 3839 valituris.

2075 214 2229 296 181

1283 340 1436 379 Datum
1452 334 1588 377 Rornae
1613 335 1721 387 apud
1735 333 1922 375 sanetum
1936 335 2103 377 Petrum
2129 336 2198 379 sub
2211 343 2296 385 An.

1278 395 1380 440 nulo
1396 391 1605 436 piscatoris
1618 404 1685 432 xv.
1706 393 1911 435 Februarii
1928 407 2097 437 muctv.
2122 397 2294 442 Pontifi-

1294 463 1406 497 catus
1418 451 1538 496 nostri
1550 464 1654 493 anno
1666 450 1797 505 primo
1812 479 1824 490 .

1719 568 1779 608 M.
1798 566 1979 611 Vestrius
1999 569 2236 614 Barbianus.

1342 692 1468 732 Breve
1484 685 1710 744 formatum
1745 685 1791 726 in
1814 684 1988 727 Archivo
2014 690 2230 731 Conventds
2252 692 2295 733 t‘n

1399 744 1624 803 Hraasshin
1639 771 1653 784 .

1282 896 1414 913 -ί
1595 892 1939 907 ——-—
1945 895 2295 912 —n——-

1280 999 1327 1046 A
1344 983 1854 1059 Fr.ValerianoMagno
1870 989 2040 1039 litteras
2058 989 2136 1039 fibi
2152 992 2295 1041 reddi·

1346 1062 1482 1121 taS,&
1493 1062 1674 1111 motiva
1688 1060 2218 1110 noviOrdinisMilitaris
2234 1065 2297 1110 in-

1344 1131 1554 1184 stituendi
1570 1134 1711 1181 relata
1727 1128 1870 1189 fuifl'e,
1886 1129 2199 1201 sigismundo,
2218 1136 2296 1182 Po-

1354 1208 1485 1255 loniae
1524 1202 1574 1254 ἃ
1593 1203 1765 1253 Sveciae
1789 1204 1911 1272 Regi
1930 1199 2152 1272 significat
2170 1237 2183 1250 .

1285 1338 1322 1380 A
1344 1342 1490 1391 tergo:
1518 1331 1734 1390 Chariff'mo
1765 1334 1808 1372 in
1834 1330 1986 1375 chrisio
2009 1330 2111 1374 Filio
2128 1328 2294 1387 Nostro,

1284 1403 1290 1417 ¹
1432 1389 1912 1506 stgtfinundlozggfflolllobxi
1928 1391 1982 1440 (9-
1997 1387 2140 1432 sveciae

1440 1568 1781 1621 PAULUS
1833 1567 2035 1617 PAPA
2080 1569 2143 1616 V.

1330 1683 1553 1743 Chariffl'me
1588 1681 1631 1725 in
1648 1683 1800 1740 Christo
1817 1685 1898 1727 Fili
1911 1684 2034 1739 noster
2043 1683 2221 1739 sblutem
2232 1712 2248 1734 ‚

1457 1744 1506 1792 δ’
1522 1744 1780 1802 Λμβοίὶεαηι
1794 1743 2096 1787 Bencdaemnem
2107 1772 2119 1784 .

1427 1864 1506 1905 ΟΝ
1521 1861 1600 1904 fine
1616 1861 1746 1904 nostra
1763 1860 1958 1917 spirituali
1970 1862 2106 1905 laetitia
2126 1860 2297 1915 legimus

1444 1921 1600 1964 litteras
1617 1920 1836 1975 Maiestatis
1852 1932 1942 1973 tuae,
1955 1926 1978 1965 a
1994 1922 2154 1965 Dilecto
2168 1920 2271 1961 Filio
2283 1948 2296 1970 ,

1278 1982 1502 2024 Valeriano
1521 2008 1534 2031 ,
1557 1981 1720 2022 Ordinis
1737 1981 1942 2023 Minorum
1957 1982 2087 2023 sineri
2106 1977 2298 2026 Francisci

1280 2041 1581 2098 Capucinorum
1604 2049 1933 2095 nuncupatorum
1952 2040 2192 2095 Religioso,
2216 2051 2299 2090 No.

1279 2100 1340 2142 bis
1355 2099 1558 2149 redditu,
1580 2100 1620 2139 δε
1632 2112 1718 2155 quae
1735 2098 1818 2152 ipse
1833 2109 2025 2155 praeterea
2043 2099 2172 2142 Nobis
2184 2111 2299 2139 enar-

1283 2160 1384 2202 ravit
1411 2159 1464 2201 de
1490 2156 1642 2209 caufis‚
1664 2172 1748 2214 quae
1765 2159 1825 2199 Te
1854 2158 2049 2200 inducunt
2073 2157 2125 2199 ad
2151 2168 2295 2197 novam

1280 2219 1446 2260 Ordinis
1465 2217 1646 2259 militaris
1675 2217 1990 2271 promovendam
2015 2215 2260 2258 crestionem
2281 2241 2296 2264 ,

1281 2277 1405 2319 solam
1439 2277 1567 2318 divini
1585 2276 1767 2318 Nominis
1795 2275 1963 2331 gloriam
1979 2302 1993 2323 ,
2020 2277 2060 2316 &
2074 2273 2298 2317 Catholicae

1283 2336 1396 2379 Fidei
1413 2335 1634 2378 utilitatem
1650 2337 1888 2389 speftantem
1905 2335 1973 2385 ,in
1987 2349 2084 2390 quo,
2100 2334 2196 2374 ficut
2209 2331 2297 2374 aliis

1281 2395 1422 2437 nostris
1438 2394 1583 2436 litteris
1603 2393 1796 2447 majestati
1814 2403 1890 2435 tuae
1912 2393 2176 2436 indicavimus
2190 2419 2204 2441 ,
2230 2400 2299 2431 tua

1280 2452 1487 2510 singularis
1512 2482 1525 2503 ‚
1551 2467 1596 2494 ac
1612 2448 1701 2494 satis
1717 2454 1916 2508 perspecta
1931 2453 2089 2508 pietas,
2118 2452 2155 2492 &
2181 2449 2298 2491 Reli-

1279 2516 1408 2570 gionis
1436 2513 1546 2554 zelus
1575 2511 1744 2554 maxime
1758 2512 1892 2554 elucet
1907 2541 1918 2551 .
1946 2514 2035 2553 Nec
2064 2510 2192 2564 potest
2213 2520 2296 2550 non

1279 2585 1521 2628 magnopere
1530 2571 1805 2614 commendari
1817 2570 2025 2612 confilium
2038 2579 2170 2620 tuum3
2188 2566 2297 2623 quod

1280 2642 1322 2673 ut
1342 2629 1554 2673 confirmet
1583 2628 1944 2684 Deus‚suppliciter
1960 2641 2189 2685 precamur.
2208 2629 2295 2668 Nos

1281 2690 1442 2746 quidem
1457 2716 1471 2736 a
1485 2704 1577 2731 cum
1593 2699 1788 2742 opus-tam
1803 2689 1950 2730 bonum
1965 2715 1979 2738 ,
1992 2701 2036 2729 ac
2052 2697 2133 2730 tam
2160 2684 2297 2726 lauda-

1281 2748 1366 2791 bile
1381 2748 1424 2789 (it
1440 2773 1454 2795 2
1468 2749 1630 2803 quando
1644 2750 1698 2788 eo
1708 2759 1770 2787 res
1787 2745 1973 2796 perdueta
1990 2744 2114 2787 fuerit
2126 2772 2141 2794 ,
2155 2754 2200 2786 ut
2212 2757 2298 2784 mo-

1277 2807 1344 2850 ‘dis
1363 2835 1376 2855 ‚
1393 2805 1692 2847 conditionibus
1709 2833 1725 2853 ,
1746 2805 1785 2844 δι
1813 2801 1942 2845 forma
1963 2815 2013 2844 ex
2039 2815 2152 2843 more
2182 2800 2297 2858 hujus

1285 2868 1433 2910 Sanflae
1448 2863 1563 2905 sedis
1579 2864 1616 2902 in
1633 2860 1918 2903 confirmandis
1934 2859 2296 2904 militaribusOrdi-

1284 2925 1401 2966 nibus
1429 2919 1656 2973 hujusmodi
1679 2918 1880 2973 requisitis
1908 2918 2139 2961 confirmari
2155 2917 2267 2972 poslit
2285 2946 2298 2968 ,

1289 2978 1483 3034 Maiestati
1501 2990 1574 3018 tuae
1591 2977 1776 3032 prompte
1788 3007 1802 3028 ,
1831 2978 2086 3039 libenterque
2100 2976 2298 3034 gratifica-

1284 3038 1438 3080 bimur.
1467 3035 1634 3077 Tribuat
1649 3036 1740 3078 Tibi
1755 3036 1948 3080 Dominus
1963 3042 2046 3079 tam
2061 3038 2123 3092 pia
2137 3036 2295 3079 defide-

1287 3097 1343 3138 ria
1371 3093 1507 3136 cordis
1532 3094 1624 3144 tui,
1650 3096 1786 3151 Teque
1812 3095 2004 3138 continua
2033 3096 2204 3138 coelestis
2224 3093 2296 3135 suae

1284 3155 1420 3210 gratiae
1438 3154 1682 3207 protestione
1695 3154 1890 3196 custodiat
1903 3181 1916 3202 ,
1941 3157 1980 3197 ὃ(
1998 3159 2082 3197 Nos
2095 3154 2295 3209 Apostoli-

1282 3228 1368 3256 cam
1395 3211 1591 3265 Maiestati
1616 3223 1691 3255 tuae
1729 3213 2051 3256 benedietionem
2085 3212 2296 3256 nostram-s

1292 3271 1547 3315 amantiffime
1561 3271 1810 3327 impartimur
1824 3301 1835 3312 .
1865 3274 2017 3314 Datum
2032 3274 2172 3314 Romae
2189 3269 2295 3325 apud

1290 3333 1471 3375 Sane'tam
1483 3330 1648 3373 Mariam
1663 3332 1884 3385 Majorem,
1896 3328 1965 3372 sub
1979 3331 2147 3373 Annulo
2163 3329 2295 3371 Pisca-

1290 3390 1387 3431 toris
1412 3389 1479 3430 die
1496 3402 1570 3431 xvi
1585 3404 1616 3430 t.
1638 3390 1790 3446 Aprilis
1805 3404 2010 3433 mncxvu.
2031 3387 2293 3432 Pontificatus

1291 3447 1410 3490 nostri
1427 3461 1533 3491 anno
1547 3448 1790 3492 duodecimo
1805 3476 1818 3488 .

1328 3569 1387 3608 Ex
1401 3565 1570 3607 Archiae
1592 3569 1770 3610 Vaticano
1770 3565 1925 3621 ficri-to
1942 3563 2093 3622 Regcsto
2106 3564 2291 3607 Brovium

1384 3625 1434 3666 ad
1449 3625 1653 3682 Principes
1667 3631 1762 3667 anm
1770 3625 1956 3680 pradiffi
1965 3623 2146 3682 folaoa.

2166 3856 2231 3898 Ab
