2638 4204
468 155 631 263 338

1132 144 1724 231 Prot-tinem.⁴

397 279 556 368 sasivit,
581 277 682 329 quum
691 275 894 314 ‘Dominicis
904 274 1022 311 diebus
1032 283 1107 308 cum
1120 269 1262 307 maximo
1279 271 1487 309 Animarum
1495 272 1614 320 fruel„
1634 282 1693 318 per
1709 271 1811 308 desto,
1826 270 1962 308 Patr„
1979 268 2260 324 ,dmfnfflmmur
2279 291 2289 313 ξ
2315 274 2470 326 quuitur

402 332 419 366 ι·
443 341 493 368 em
505 339 577 369 tota
598 327 727 367 Patria
741 349 754 369 ‚
777 324 820 365 ὠ·
834 324 1008 376 confluxus
1023 320 1117 358 ultra
1136 319 1208 356 tria
1226 318 1332 355 millia
1347 322 1597 359 catholicorum
1621 324 1658 356 in
1672 322 1884 368 Hanningen
1902 345 1912 363 ‚
1940 321 2178 367 Mertestaetm‚
2204 327 2246 368 (ᾗ,
2264 325 2474 364 [Veſtram.

401 379 508 426 ingen
525 403 538 422 ‚
561 377 692 425 aliquot
704 374 805 409 annis
817 378 1055 422 consequenter
1068 369 1195 405 habitis
1202 370 1455 419 proceffiom‘bus
1466 374 1751 418 comparentium:
1767 370 1955 417 loquuntur
1969 379 2019 406 tot
2032 369 2234 419 depopulate
2247 375 2348 419 sagra
2363 375 2470 419 aies,

397 436 461 478 p„-
475 440 528 464 ρος
540 433 718 472 eorumque
743 421 942 470 industriam
955 428 1118 468 reparata
1133 440 1146 460 ‚
1170 417 1232 453 ubi
1255 416 1416 456 &centum
1436 423 1538 456 annis
1559 417 1697 470 ceffitvt't
1714 417 1928 470 sacrficium
1941 442 1953 458 ,
1974 418 2045 465 jam
2066 420 2105 454 a'n
2124 415 2255 468 viginti
2271 422 2415 473 Ecclefiis
2430 422 2474 473 est

401 475 618 525 restitutum:
643 469 814 520 instrutiio
824 469 1023 518 catecheseos
1033 463 1237 517 ''meffabili‘
1250 490 1262 508 ³
1287 471 1472 505 mmmmm
1490 470 1709 517 frequentior
1723 495 1734 510 ν
1761 470 1804 509 &⁶
1818 491 1831 510 ’
1851 468 1940 513 qu⁰d
1957 467 2049 503 Deus
2070 467 2197 516 “sm-⁷⁶²
2210 493 2222 513 ²
2244 477 2356 506 ‘mum
2380 472 2470 507 ‘alm‘

402 536 460 568 re,
488 525 530 566 &-
554 522 661 571 nostra
676 520 906 566 cooperatione
926 518 1027 567 plena
1049 513 1206 561 baeresum
1231 516 1414 564 extirpaeio
1427 544 1437 554 .
1467 518 1506 553 In
1528 528 1670 567 quorum
1678 516 1781 563 fidem
1796 539 1809 558 ,
1829 524 1870 553 ut
1891 516 2269 567 laboriqfifoveantun
2292 518 2334 560 ὁ·
2351 519 2472 567 fideles

403 572 614 621 consolentur
630 595 638 610 ,
664 568 760 614 hasce
777 570 920 615 propria
929 591 942 611 ,
964 567 1006 608 (9-
1014 561 1210 613 suoceſjbris
1224 562 1327 614 nostru·
1343 578 1445 605 manu
1458 566 1610 618 &figulo
1622 567 1847 604 munivimus.
2123 571 2126 575 '

504 621 636 658 Datum
659 616 749 653 Alt-
765 618 962 664 Leiningen
988 616 1096 652 Anno
1112 612 1214 658 1678.

500 733 555 773 Ex
568 732 787 773 Annalibus
798 732 998 775 Provincia
1024 729 1180 780 impreffis
1193 730 1261 780 fol.
1277 739 1356 780 237.

640 904 873 919 —*

403 1037 654 1088 Paritatem
671 1047 893 1086 votorum
910 1028 1133 1080 Ministris
1154 1032 1411 1081 Provincia-

474 1107 593 1156 libus
621 1107 665 1153 in
693 1104 909 1153 Comitiis
927 1101 1228 1152 Generalibus
1256 1120 1412 1151 conce-

473 1176 544 1226 dit
561 1210 578 1234 ,
612 1173 661 1226 δι
683 1172 895 1240 deinceps
931 1189 1053 1221 nova
1082 1173 1183 1222 loca
1202 1209 1217 1232 ,
1250 1172 1297 1224 ἃ
1316 1177 1412 1223 Do-

471 1263 574 1295 mos
596 1247 642 1294 in
661 1245 898 1295 Provincia
921 1240 1010 1291 fine
1026 1241 1287 1302 recursu,ad
1303 1247 1412 1294 San-

473 1316 595 1366 &am
631 1315 794 1367 Sedem
826 1315 929 1365 alias
952 1313 1244 1383 praescripto,
1272 1316 1411 1382 recipi

479 1384 599 1455 pofl'e
632 1385 858 1456 indulget.

408 1526 1059 1581 INNOCENTIUS
1120 1528 1243 1576 P-P.
1303 1527 1414 1575 x-I.

580 1664 645 1709 Ad
661 1673 893 1721 perpetuam
917 1667 976 1707 rei
1007 1664 1245 1707 memoriam.

539 1792 578 1832 D
593 1789 796 1834 Pastorale
811 1790 1004 1845 fastigium
1020 1818 1033 1840 ,
1048 1794 1206 1835 meritis
1225 1796 1321 1835 licet
1342 1795 1416 1834 im·
1439 1809 1441 1812 ·

565 1849 726 1902 paribus
745 1849 906 1897 ,divina
928 1847 1184 1903 dispositione
1206 1848 1335 1896 evecti
1349 1880 1360 1892 .

409 1904 617 1962 Rqst'duum
631 1905 849 1963 videsitpra
863 1907 943 1956 sol.
963 1918 1033 1949 20.

629 2141 1198 2188 SENTENTIA

723 2257 848 2309 Rotae
876 2261 1071 2313 Romane
1087 2299 1103 2314 .

409 2391 590 2438 Fratres
641 2392 1176 2443 Excommunicationem
1223 2407 1423 2444 contrad

477 2461 749 2527 Capitulum
759 2460 1088 2516 Wormatiense
1107 2466 1152 2514 in
1171 2463 1319 2516 Causa
1337 2469 1426 2516 Ca-

475 2530 712 2580 nonicatfis
733 2533 875 2580 latam
892 2534 937 2580 in
950 2533 1425 2594 EcclefiisWormatiae

478 2598 529 2650 <Sc
549 2600 757 2649 Treviris
789 2600 1025 2668 publicare,
1030 2601 1267 2664 jubentur,
1286 2606 1425 2672 privi-

477 2671 601 2739 legio
625 2670 882 2719 Alexandri
898 2675 993 2721 IV.
1022 2689 1114 2721 non
1131 2674 1353 2724 obstante.

482 2784 734 2845 mastriffi'me
746 2815 762 2838 ,
789 2787 1168 2888 αιέζεῑσςνεηᾶἰβηκ
1182 2792 1351 2836 Domine

872 2858 1018 2889 omme.

515 2960 643 3003 Rater
654 2960 925 3006 Damascenus
936 2965 1330 3016 Lohranus,0rdinis
1342 2972 1422 3013 Ca-

531 3019 834 3073 pucinorum2in
852 3023 1067 3065 Provincia
1085 3025 1280 3071 Rhenana
1297 3030 1422 3072 Mini-

410 3077 489 3120 ster
501 3081 582 3122 Pro
594 3078 777 3123 vinciahs
804 3080 1030 3123 humillime
1057 3087 1225 3141 exponit
1251 3089 1419 3131 nomin.

406 3137 564 3203 Vestrae
586 3136 882 3190 tnustriffimae,
909 3139 1019 3196 quod
1039 3157 1112 3197 per
1136 3145 1275 3202 plures
1298 3162 1421 3192 annos

409 3206 583 3249 agitatus
601 3198 657 3240 est
671 3196 874 3241 Proceffus
894 3199 1002 3242 inter
1024 3203 1286 3258 D.Jacobum
1311 3207 1421 3251 εἰς-..ν

408 3254 586 3310 Bovylle
611 3256 903 3311 &Capitulum
929 3261 1185 3308 Cathedrale
1197 3265 1423 3308 Wormati·

410 3313 506 3358 ense
533 3315 585 3358 de
601 3316 858 3360 Canonicatu
871 3346 886 3368 ,
910 3331 993 3373 quo
1008 3319 1088 3374 ipse
1106 3325 1158 3364 D.
1173 3324 1226 3366 de
1247 3323 1420 3380 Bovylle

406 3385 480 3428 per
507 3374 652 3418 Sedem
664 3374 938 3431 Apostolieam
954 3378 1138 3432 provisus
1153 3382 1234 3426 est:
1265 3385 1305 3425 ἃ.
1326 3383 1420 3437 quia

408 3429 614 3497 praefatum
632 3434 869 3492 Capitulum
888 3436 1140 3483 Cathedrale
1155 3471 1170 3491 ‚
1203 3441 1271 3484 nili
1301 3442 1420 3484 nobi·

408 3489 536 3535 litatis
559 3493 764 3546 debitam,
789 3496 828 3538 &
845 3496 1075 3549 praetensam
1100 3513 1179 3554 pro
1208 3515 1322 3543 more
1336 3505 1423 3545 Ca·

408 3548 528 3615 pituli
543 3554 753 3597 exhiberet
771 3553 1079 3608 ,probationem
1105 3558 1328 3602 admittere
1345 3574 1418 3602 no·

410 3607 515 3659 luit,
542 3610 667 3654 Causa
694 3613 894 3656 devoluta
921 3612 998 3657 fuit
1023 3613 1075 3656 ad
1105 3620 1147 3659 S.
1165 3619 1315 3662 Rotam
1334 3619 1419 3662 Ro-

413 3679 599 3719 manam,
623 3673 661 3713 δι
676 3673 724 3715 ab
738 3672 805 3715 ista
821 3672 900 3715 lata
918 3670 997 3715 fuit
1011 3673 1210 3722 sententia
1237 3678 1277 3721 in
1301 3677 1414 3723 savo-

413 3737 498 3768 rem
512 3730 675 3787 Domini
689 3731 741 3775 de
755 3731 927 3790 Bovylle
949 3732 1101 3789 praefati
1115 3763 1128 3778 .

1451 897 1927 916 ffl*—=
1933 901 2278 916 ——ss
2283 899 2476 914 -m

1526 1031 1583 1073 Et
1595 1029 1687 1085 quia
1698 1028 1850 1073 dietum
1865 1031 2102 1087 Capitulum
2117 1029 2250 1075 adhuc
2270 1029 2482 1085 exceptio-

1469 1103 1540 1135 nes
1566 1087 1651 1130 suas
1671 1090 1894 1145 allegavit,
1919 1090 2200 1147 provisumque
2225 1090 2481 1133 Canonicum

1470 1162 1548 1192 non
1566 1147 1752 1199 admisit,
1767 1147 1979 1189 fulminata
1996 1149 2053 1190 est
2065 1161 2213 1191 contra
2229 1148 2380 1190 dietum
2395 1150 2486 1190 Ca-

1470 1207 1644 1264 pitulum
1669 1206 2040 1249 excommunicatio
2055 1233 2072 1257 ‚
2100 1207 2140 1247 δι
2155 1206 2393 1248 solemniter
2406 1219 2482 1261 pu-

1468 1267 1618 1310 blicata
1633 1264 1951 1307 Malmumdariae
1965 1265 2003 1306 in
2018 1262 2202 1306 Ecclesia
2217 1266 2298 1306 PP·
2313 1264 2490 1306 Benedi-v

1469 1327 1669 1371 &inor-um
1697 1322 1718 1365 a
1744 1324 1789 1364 P-
1804 1324 1947 1367 Priore
1963 1322 2074 1365 illius
2093 1321 2331 1367 Conventus
2346 1351 2362 1372 ,
2395 1331 2489 1364 tan,

1472 1398 1589 1440 quam
1605 1381 1887 1426 Comniiffario
1900 1381 2142 1438 Apostolico
2158 1380 2207 1423 ad
2223 1381 2264 1423 id
2280 1379 2488 1435 delegato.

1474 1442 1629 1487 Eadem
1643 1442 2072 1484 excommunicationis
2087 1440 2310 1497 publicatio
2321 1439 2488 1482 deman.

1474 1504 1566 1544 data
1593 1499 1668 1544 fuit
1699 1501 1885 1544 Patribus
1904 1501 2125 1555 Capucinis
2143 1498 2378 1541 Wormatiae
2399 1525 2414 1548 ‚
2445 1499 2486 1539 &

1477 1562 1676 1605 Treveris
1690 1589 1704 1612 ‚
1729 1570 1771 1601 ut
1787 1559 1930 1604 diebus
1950 1558 2172 1601 Dominicis
2186 1559 2223 1599 &
2242 1555 2349 1598 festis
2365 1555 2486 1598 fieret

1476 1635 1568 1664 cum
1594 1620 1873 1663 solemnitate.
1907 1623 2016 1662 Cum
2040 1628 2177 1660 autem
2203 1615 2488 1671 S.Apostolica

1477 1679 1603 1723 Sedes
1620 1681 1781 1719 noverit
1805 1676 2000 1733 (attenta
2022 1676 2203 1719 altiffima
2217 1683 2462 1731 paupertate
2475 1698 2491 1719 ‚

1476 1741 1515 1781 &
1529 1736 1799 1779 mendicitate
1814 1765 1828 1787 ,
1847 1750 1963 1793 quam
1978 1734 2226 1791 profitentur
2256 1736 2332 1775 ΡΒ.
2350 1733 2489 1774 Mino-

1480 1809 1546 1849 res
1573 1798 1612 1836 S.
1630 1795 1829 1837 Francisci
1848 1823 1863 1846 ‚
1888 1796 1954 1850 qui
1981 1808 2028 1836 ex
2059 1794 2216 1848 piorum
2243 1789 2491 1847 quotidianis

1481 1853 1624 1895 vivunt
1640 1852 1907 1909 elemosynis)
1922 1853 1962 1895 in
1976 1860 2173 1908 quantum
2189 1850 2491 1893 detrimentum

1480 1921 1677 1968 vergeret
1702 1911 1903 1954 dictorum
1934 1913 2125 1953 Fratrum
2153 1939 2167 1961 ‚
2202 1909 2225 1950 si
2260 1905 2491 1964 hujusmodi

1477 1969 1637 2019 officia,
1665 1969 1820 2013 scilicet
1846 1969 2195 2025 publicationem,
2221 1970 2405 2023 praestare
2421 1977 2496 2006 co-

1476 2031 1515 2085 gi
1544 2028 1697 2084 poffent
1726 2038 1870 2070 contra
1897 2028 2100 2071 Civitates
2122 2055 2137 2076 a
2165 2026 2493 2075 Univerfitates,

1477 2086 1673 2143 Capitula
1686 2087 1762 2128 &c.
1786 2087 1885 2129 ideo
1900 2085 2051 2128 eisdem
2077 2088 2155 2128 FF.
2172 2083 2397 2126 Minoribus
2422 2083 2494 2123 be·-

1478 2146 1600 2202 nigne
1618 2145 1735 2200 super
1752 2146 1825 2188 bac
1842 2160 1885 2188 re
1901 2142 2064 2187 indulfit
2078 2174 2094 2196 ,
2109 2154 2154 2186 ut
2174 2150 2290 2196 patet
2305 2152 2380 2197 per
2395 2137 2493 2182 Bul-

1478 2208 1557 2250 lam
1574 2204 1602 2247 s.
1615 2218 1670 2246 m.
1697 2203 1920 2248 Alexandri
1935 2205 2008 2249 IV.
2025 2204 2150 2260 incip.
2170 2204 2376 2244 Convenit.
2395 2201 2492 2241 Dat.

1477 2264 1640 2310 Ananiae
1662 2275 1724 2314 17.
1740 2264 1834 2306 Kal.
1853 2266 1962 2305 Nov.
1987 2273 2108 2311 1255·
2126 2260 2204 2318 qua
2219 2268 2392 2302 cavetur
2406 2285 2420 2308 ‚
2448 2265 2494 2300 ut

1479 2325 1574 2368 dicti
1592 2325 1755 2366 Fratres
1780 2320 1831 2363 ad
1855 2318 2084 2376 hujusmodi
2101 2320 2326 2361 sanationes
2344 2329 2496 2371 neque-

1483 2381 1661 2435 ant-cogi
1679 2409 1693 2431 ,
1716 2380 1764 2422 ad
1791 2392 1909 2435 quarn
1931 2379 2010 2419 &c.
2033 2378 2227 2434 Capucini
2254 2376 2320 2418 die
2350 2377 2496 2431 28.Ju,

1487 2442 1530 2485 lii
1550 2442 1672 2494 1699.
1688 2438 1707 2494 (
1724 2448 1767 2480 ut
1782 2445 1948 2492 apparet
1965 2437 2003 2477 in
2019 2434 2090 2478 fol.
2104 2448 2171 2490 33.
2184 2435 2301 2488 primi
2316 2434 2498 2476 Libelli-

1486 2502 1554 2556 qui
1571 2499 1636 2541 hic
1651 2497 1805 2554 datur)
1832 2495 2060 2537 habuerunt
2080 2495 2287 2537 recursum
2313 2491 2364 2534 ad
2391 2493 2499 2534 lllu:

1486 2557 1707 2602 striffimum
1738 2559 1792 2598 D.
1808 2553 2011 2598 Nuntium
2036 2553 2356 2602 Coloniensem,
2378 2549 2494 2592 exhi·

1485 2620 1623 2661 bentes
1640 2614 1796 2657 Bullam
1813 2613 2066 2668 praedic‘tam3
2080 2611 2130 2653 ad
2145 2611 2261 2666 cujus
2277 2609 2495 2651 exhibitio-

1484 2689 1576 2719 nem
1590 2674 1721 2730 quieti
1735 2674 2039 2721 remanserunt,
2065 2684 2141 2713 nec
2167 2668 2277 2713 aliud
2303 2665 2381 2710 fuit
2396 2681 2494 2710 con-

1484 2746 1549 2776 tra
1577 2732 1736 2776 eosdem
1764 2732 2036 2773 intentatum.

1541 2795 1601 2834 At
1626 2791 1759 2834 rursus
1793 2792 1843 2832 D.
1864 2789 2039 2846 Jacobus
2066 2786 2117 2830 de
2147 2784 2321 2842 Bovylle
2351 2783 2491 2827 institit

1479 2850 1590 2907 apud
1620 2853 1671 2892 D.
1687 2849 1869 2894 Priorem
1898 2846 2268 2894 Malmundarium,
2293 2854 2339 2887 ut
2355 2846 2495 2898 Capu-

1480 2912 1596 2953 cinos
1620 2917 1838 2958 moneret,
1869 2907 2070 2950 &citaret
2094 2905 2145 2948 ad
2171 2904 2403 2947 docendum
2418 2901 2495 2947 sea

1482 2966 1651 3026 paruisse
1666 2967 1861 3012 mandatis
1875 2964 2222 3011 executorialibus
2235 2992 2247 3013 ‚
2269 2970 2388 3017 prout
2403 2974 2493 3002 mo-

1482 3030 1597 3081 nuit3
1611 3027 1758 3070 &inde
1778 3026 2015 3082 expeditum
2032 3022 2112 3067 fuit
2123 3022 2387 3065 monitorium
2401 3032 2494 3061 cum

1482 3086 1754 3132 cedulonibus
1776 3085 1929 3140 die31.
1946 3081 2086 3126 Martii
2106 3094 2228 3135 1703.
2244 3109 2260 3131 ,
2286 3080 2326 3122 in
2347 3078 2492 3135 quibus

1483 3149 1634 3190 iterum
1650 3144 1850 3200 Capucini
1866 3142 2137 3186 involvuntur
2163 3151 2355 3195 tanquam
2369 3138 2426 3181 rei
2440 3135 2491 3178 de

1482 3203 1759 3248 inobedientia
1785 3202 1864 3259 (ut
1893 3210 2061 3256 apparet
2089 3199 2128 3241 in
2162 3198 2337 3243 secundo
2351 3193 2490 3239 libello

1482 3262 1683 3321 impretso,
1698 3261 1738 3304 in
1755 3259 1833 3304 fine
1845 3290 1860 3314 ³
1876 3261 1945 3317 qui
1958 3259 2105 3303 itidem
2119 3256 2369 3313 exhibetur)
2385 3256 2491 3320 R'ur-

1480 3323 1543 3366 sus
1557 3320 1759 3378 Capucini
1787 3317 1837 3362 ad
1867 3324 1920 3362 D.
1939 3319 2121 3363 Priorem
2151 3314 2493 3361 Malmundanum

1480 3383 1690 3426 recursum
1705 3380 1939 3423 habuerunt
1953 3408 1970 3430 ,
2001 3378 2069 3434 qui
2082 3390 2152 3420 eos
2168 3370 2379 3419 remifitad
2404 3371 2493 3411 Do-

1480 3442 1634 3484 minum
1649 3439 1702 3482 de
1717 3437 1896 3494 Bovylle
1911 3465 1926 3488 ‚
1952 3437 2020 3493 qui
2036 3432 2375 3480 tandem'videtur
2389 3441 2492 3470 con-

1482 3511 1547 3544 tra
1563 3498 1797 3556 Capucinos
1813 3496 2077 3552 acquiescere
2102 3495 2158 3537 de
2181 3492 2343 3540 futuro,
2369 3488 2492 3530 dum-

1481 3559 1606 3604 modo
1631 3561 1738 3600 intra
1767 3553 1968 3611 praefixum
1996 3564 2156 3610 tempus
2181 3552 2325 3593 Romae
2349 3560 2492 3591 exem-

1478 3620 1663 3677 ptionem
1674 3616 1726 3659 ab
1737 3616 1810 3657 hac
1825 3613 1938 3657 causa
1953 3608 2380 3669 impetraverint.1deo
2390 3609 2493 3650 Pro·

1475 3677 1657 3722 vincialis
1674 3673 1881 3732 praedious
1898 3673 2104 3716 humiliter
2116 3667 2273 3712 accedit
2289 3667 2338 3709 ad
2366 3668 2417 3708 D.
2431 3665 2484 3707 V.

1475 3736 1777 3782 Illustriffimam
1791 3732 2036 3793 suppliciter
2049 3728 2253 3788 postulans
2268 3756 2282 3780 ,
2294 3738 2337 3769 ut
2352 3725 2376 3767 d
2373 3725 2491 3825 tiglne·
