2638 4204
1025 241 1547 328 Boemica.
2039 266 2214 330 2012

215 376 367 412 morbum
384 368 500 414 augeri
520 369 745 416 praesentiens,
770 367 979 412 Angelorum
996 378 1080 412 pane
1098 369 1131 405 8<
1144 370 1252 406 Sacro
1270 368 1408 404 Viatico
1432 369 1474 405 ad
1491 367 1580 403 viam
1593 364 1787 402 aeternitatis
1809 367 1846 403 st
1861 368 1981 404 muniri
1993 370 2152 415 rogavit.
2180 374 2259 411 Hoc

213 431 392 466 antequam
405 418 587 465 reciperet,
609 416 827 455 circumfusos
843 413 1020 450 adlectum
1037 417 1169 452 Fratres
1200 417 1309 452 latino
1321 417 1476 464 alloquio
1490 415 1534 451 ad
1565 413 1659 451 sacrae
1688 412 1881 451 vocationis
1894 418 2056 461 Spiritum
2071 420 2259 465 animavit,

213 466 453 513 conversusque
476 467 520 502 ad
538 466 799 503 Eucharisticum
814 463 1080 508 Redemptorem
1103 465 1200 507 grata
1219 464 1379 500 memoria
1406 464 1464 501 fibi
1479 464 1613 501 «conata
1636 460 1797 496 beneficia
1825 465 1990 500 recensuit
2004 490 2016 508 ,
2042 466 2084 502 de
2108 469 2256 513 peccatis

211 516 387 554 commistis
402 515 530 551 veniam
551 515 671 561 petiit,
696 512 874 559 exesasque
884 509 1015 558 jejunio
1028 511 1062 546 8(
1075 522 1173 546 aetate
1185 523 1289 557 genas
1302 512 1446 558 copiofis
1469 511 1591 548 amoris
1606 508 1783 557 lachrymis
1795 509 1972 556 irrigavit.
2001 515 2157 550 Tandem
2173 516 2260 553 sicut

211 566 299 602 inter
316 565 472 600 mortales
493 574 595 607 agens
610 562 804 599 acerrimum
823 557 887 596 sese
901 558 1025 602 semper
1047 558 1400 596 exhibuit·Catholicae
1413 559 1508 596 fidei
1529 567 1817 606 propugnatorem
1838 583 1847 598 ‚
1870 561 1912 594 lic
1926 561 1944 595 ἓ
1969 563 2040 597 vita
2054 562 2258 601 discessurus

210 612 424 649 reminiscens
438 635 451 654 ,
470 621 557 654 eos,
579 612 639 658 qui
651 610 820 651 credunt,
834 607 982 656 signatos
992 604 1057 653 esic
1067 606 1208 652 Spiritu
1223 608 1441 656 promiffionis
1453 605 1576 644 Sanfflo
1587 629 1600 648 ‚
1624 606 1687 653 qui
1703 604 1748 654 est
1757 604 1882 652 pignus
1896 607 2107 646 baereditatis
2120 635 2131 650 ,
2155 623 2194 647 ao
2215 611 2258 646 fi-

207 665 287 700 dem
315 661 377 697 esse
400 660 580 696 vistoriam
591 670 664 705 quae
677 657 712 692 &
735 658 902 692 mundum
926 652 1032 690 vincit
1053 679 1063 695 ,
1086 653 1221 690 &astus
1238 654 1377 690 Diaboli
1390 655 1497 692 eludit
1510 680 1522 696 ‚
1547 655 1616 690 alta
1632 665 1716 689 voce
1730 679 1737 692 ,
1750 664 1944 701 magnoque
1959 656 2105 701 Spiritus
2119 658 2254 695 fervore

210 724 249 747 ac
263 709 433 746 communi
447 712 592 745 Fratrum
606 703 829 742 adificatione
850 700 1083 738 Profeffionem
1096 701 1189 739 fidei
1202 700 1310 737 emifit
1325 727 1335 742 ,
1358 703 1392 738 &
1408 704 1492 739 inter
1503 703 1623 738 anhela
1638 701 1763 737 amoris
1775 701 1914 745 suspiria
1936 703 1970 737 in
1985 706 2106 741 metam
2121 708 2256 750 mortis,

207 757 296 797 Vitae
305 766 424 806 panem
435 781 448 800 ‚
472 756 610 793 Sacrum
625 751 767 798 suscepit
781 749 953 787 viaticum
967 774 977 784 .
1006 749 1184 787 Delicianti
1203 761 1280 786 cum
1298 748 1375 791 Iesu
1395 751 1456 786 suo
1467 773 1479 792 ,
1508 750 1666 786 Medicus
1678 748 1866 794 Burghufio
1884 750 2067 789 adveniens
2095 765 2156 799 pro
2169 756 2255 794 die,

205 807 339 853 postero
353 805 490 850 quidem
504 802 720 850 purgativum
733 801 869 844 paravit
880 806 998 843 potum
1009 822 1024 841 ‚
1049 810 1150 846 quem
1168 798 1202 834 8(
1213 797 1306 834 sacro
1318 801 1385 843 jam
1397 798 1521 836 unitus
1538 800 1621 833 oleo
1634 797 1770 842 sumpsit
1786 821 1798 840 ,
1823 798 2030 834 contrariom
2042 810 2153 837 tamen
2172 814 2256 849 pro.

206 855 307 891 duxit
326 853 482 890 cffeaum
494 874 507 893 ,
533 848 678 896 talesque
690 847 773 882 foris
784 844 953 891 angustias
967 869 980 889 ,
1005 847 1039 883 &
1061 849 1152 884 intus
1171 845 1312 882 tormina
1330 846 1516 890 excitavit,
1541 856 1578 881 ut
1594 845 1733 881 Coelum
1748 857 1845 883 novo
1868 846 2019 893 martyrii
2041 860 2168 894 genere
2184 851 2252 888 Va-

207 904 374 939 lerianum
386 909 542 946 torquere
554 897 641 934 velle
656 894 828 931 videretur
840 920 852 931 .

305 950 382 986 lnde
395 955 592 994 experturus
602 968 613 984 ‚
627 953 680 980 van
694 951 805 978 motus
821 945 975 979 levamen
996 943 1154 986 afferret,
1178 941 1327 981 humeris
1341 942 1422 979 lbeii
1436 943 1572 979 innirrus
1584 952 1642 989 per
1657 942 1778 978 cellam
1794 942 1986 978 ambulavit
2003 953 2013 974 ι
2039 942 2186 982 sentiens
2196 960 2257 984 au-

204 1008 270 1034 tem
286 997 380 1034 illico
394 997 428 1032 8(
447 995 510 1030 hoc
534 991 691 1029 incaffum
715 989 812 1027 fieri,
837 989 932 1026 elatis
955 991 996 1026 ad
1009 993 1132 1027 coelum
1144 991 1257 1027 oeulis
1286 991 1320 1027 in
1337 993 1440 1031 verba
1464 990 1646 1038 prorupitt
1671 989 1830 1039 O‘Jesu,
1855 990 2063 1027 immanibus
2085 993 2158 1028 tuis
2168 994 2255 1040 sunt

199 1047 308 1095 firm
331 1054 404 1081 meae
418 1066 431 1087 ,
455 1039 596 1089 vificatio
618 1048 679 1076 tua
688 1036 853 1096 custodiat
875 1038 918 1079 ὼ·
938 1037 1097 1086 perficiat
1110 1039 1285 1087 Spiritum
1298 1051 1424 1077 meum.
1453 1039 1726 1076 Recumbentem
1742 1038 1854 1075 invifit
1868 1039 2067 1077 sacellanos
2078 1039 2256 1079 Celliffimi

202 1091 392 1137 Principis,
428 1090 488 1126 sub
510 1087 609 1135 hujus
632 1098 776 1124 nomme
795 1087 917 1123 statum
940 1087 1051 1122 morbi
1078 1089 1293 1133 exploravit,
1319 1089 1354 1125 &
1379 1088 1526 1135 presidia
1543 1087 1827 1135 quaequeobtulit
1842 1113 1853 1124 .
1880 1089 1906 1123 E
1920 1089 2006 1123 cella
2026 1087 2087 1122 va
2112 1086 2254 1126 disceffit

204 1144 227 1177 'a
238 1142 276 1178 Ρ.
289 1138 469 1176 Ludovico
486 1136 642 1180 sociatus,
652 1134 855 1172 Valerianus
871 1133 971 1172 frasta
982 1134 1055 1183 jam
1068 1147 1156 1172 voce
1169 1139 1504 1175 commendationem
1517 1137 1636 1173 animae
1657 1136 1723 1172 sure
1740 1136 1812 1172 fieri
1829 1138 1849 1173 a
1864 1136 1902 1172 P.
1919 1135 2125 1172 Guardiano
2139 1147 2257 1183 popo..

202 1187 284 1226 scit.
306 1189 498 1224 Accurrunt
509 1184 646 1222 confuse
659 1184 810 1225 Fratres,
835 1183 961 1220 ultimo
975 1183 1048 1231 ejus
1067 1185 1170 1230 agoni
1181 1185 1309 1221 astituri
1321 1210 1334 1230 ,
1363 1189 1525 1233 dumque,
1540 1198 1582 1222 an
1595 1185 1658 1222 hos
1671 1184 1891 1229 cognosceret
1902 1212 1912 1228 ‚
1935 1185 1970 1220 8(
1991 1196 2033 1220 an
2048 1210 2058 1224 ‚
2079 1184 2164 1231 quid
2177 1187 2254 1220 vel·

203 1239 272 1274 lent
285 1260 299 1280 ‚
321 1235 436 1277 sciret,
461 1243 663 1281 quaereretur
676 1231 1047 1280 irespondit‚cognofio
1065 1233 1236 1276 &eadm
1261 1234 1457 1282 vertensque
1470 1235 1503 1272 se
1522 1235 1563 1271 ad
1586 1234 1763 1271 dexterum
1785 1235 1871 1270 latus
1891 1257 1904 1278 ‚
1927 1244 2129 1280 manumque
2150 1233 2255 1280 capiti

203 1286 394 1333 supponens
411 1283 453 1318 ad
466 1283 568 1319 verba
576 1281 761 1330 subvenite
774 1280 893 1316 Sanni
909 1281 1003 1324 Dei,
1018 1281 1105 1317 inter
1119 1282 1263 1327 repetita
1275 1283 1393 1321 dilecti
1408 1280 1583 1320 Crucifixi
1602 1283 1719 1318 oscula
1730 1281 1839 1318 emisit
1856 1281 2010 1329 spiritum
2026 1307 2036 1316 .

301 1334 387 1369 Alto
399 1330 538 1378 suspirio
551 1329 717 1375 ingemuit
725 1328 894 1376 jasturam
908 1327 979 1366 viri
991 1329 1199 1366 Celfiffimus
1211 1330 1612 1378 Princeps,doloremque
1628 1342 1723 1366 amor
1737 1354 1749 1374 ‚
1764 1343 1834 1380 quo
1849 1332 1945 1370 illum
1963 1329 2109 1375 deperiit
2121 1357 2131 1372 ,
2154 1330 2255 1367 cordi

206 1386 280 1428 ejus
300 1380 411 1417 infixit
445 1387 604 1416 acutum:
631 1378 723 1415 leniit
749 1377 880 1414 tandem
893 1376 989 1412 illum
1002 1379 1194 1416 recordatio
1211 1401 1224 1422 ‚
1247 1381 1282 1417 8(
1300 1380 1393 1417 firma
1409 1379 1534 1416 fiducia
1549 1402 1562 1423 ,
1575 1379 1670 1428 quod
1685 1381 1796 1416 anima
1806 1379 1882 1427 ejus
1897 1378 1982 1417 effet
2005 1378 2040 1414 in
2057 1379 2231 1422 refrigerio
2242 1404 2258 1423 ‚

203 1432 245 1468 de
258 1430 373 1467 umbra
396 1427 545 1463 saecularr‘
571 1427 614 1462 ad
636 1426 719 1463 lucis
737 1426 881 1470 gloriam
895 1448 908 1468 ,
931 1426 974 1461 de
987 1427 1164 1463 certamine
1184 1429 1302 1465 mundi
1324 1430 1366 1465 ad
1388 1429 1541 1476 requiem
1562 1438 1714 1466 aeternam
1737 1431 1918 1465 translata.
1944 1426 2060 1471 Origo
2080 1426 2192 1463 morbi
2216 1439 2257 1463 ut

207 1487 336 1525 pateret
351 1500 361 1517 ,
387 1475 544 1512 Cadaver
556 1475 655 1511 secari
670 1499 679 1513 .
702 1472 736 1510 &
754 1473 1049 1520 exenterarijuffit
1061 1499 1075 1520 ,
1099 1474 1232 1523 fuitque
1256 1488 1447 1524 repertum,
1473 1477 1566 1524 qaod
1581 1489 1702 1520 venae,
1724 1487 1809 1524 quas
1827 1475 2018 1512 meseraicas
2042 1475 2098 1510 seu
2125 1474 2255 1513 laneas

205 1526 377 1574 appellant
389 1547 402 1568 ,
426 1523 558 1559 diutina
570 1523 816 1570 constipatione
834 1522 1013 1559 obstructa:
1025 1547 1034 1563 ,
1056 1524 1100 1560 ad
1112 1535 1237 1562 munus
1252 1525 1346 1562 suum
1359 1525 1528 1562 inhabiles
1548 1525 1738 1567 evaserint,
1761 1536 1821 1560 nec
1833 1523 1983 1569 amplius
1997 1522 2032 1557 vi
2051 1522 2173 1558 haustae
2189 1534 2253 1569 po·

205 1574 309 1610 rionis
322 1572 442 1620 aperiri
455 1573 628 1618 potuerint
642 1596 652 1607 .
681 1571 781 1609 Ut&
793 1570 958 1608 memoria
973 1571 1051 1607 Viri
1061 1572 1154 1621 jugis
1173 1573 1208 1608 in
1220 1574 1331 1610 oculis
1351 1573 1566 1610 Posterorum
1580 1581 1782 1618 perennaret
1793 1594 1806 1615 ,
1831 1570 1976 1616 effigiem
1990 1570 2064 1618 ejus
2080 1598 2091 1614 ,
2116 1572 2151 1607 in
2164 1571 2253 1608 fere·

205 1635 262 1660 tro
272 1619 557 1670 jacentis‚celebri
575 1618 732 1666 penicillo
754 1619 917 1667 depingi,
940 1620 973 1655 &
986 1632 1082 1656 aerreae
1096 1620 1217 1657 tabulae
1235 1621 1339 1657 incidi
1350 1621 1488 1656 curavit
1502 1631 1580 1656 cum
1597 1619 1817 1666 inscriptione
1830 1644 1840 1654 .

298 1668 346 1706 R.
358 1668 401 1706 P·
417 1665 623 1704 Valerianus
633 1668 828 1715 Capucinus
838 1691 851 1710 ‚
867 1668 986 1715 patrici
1002 1666 1255 1718 Mediolanensis
1264 1693 1279 1712 ‚
1305 1678 1347 1706 ex
1366 1668 1487 1715 Stirpe
1500 1669 1670 1705 Comitum
1695 1667 1737 1704 de
1750 1667 1915 1716 Magnis:
1940 1677 2083 1715 magnus
2105 1675 2199 1716 opere
2212 1667 2255 1709 &¹

195 1719 359 1768 firmone,
367 1717 495 1764 pietate
505 1742 515 1757 ,
542 1715 721 1762 Relige'one
732 1715 775 1755 (ἶς’
789 1714 943 1750 domina
959 1715 1102 1751 eximius
1118 1739 1127 1754 ‚
1143 1716 1358 1764 nomt’nissm'
1375 1715 1532 1764 implevit
1552 1727 1647 1753 omen
1657 1741 1668 1752 .
1691 1716 1754 1760 Ad
1767 1728 1876 1753 omnes
1898 1718 1938 1752 in
1952 1716 2142 1753 Provincia
2150 1714 2253 1765 sua.)

205 1766 405 1815 ‹Austriaca
415 1763 453 1799 di
475 1764 624 1800 nitatum
637 1762 771 1809 gradus
795 1761 925 1798 evefiius
938 1761 1003 1810 est:
1030 1763 1235 1810 Miffionarii
1249 1763 1430 1814 Apostolici
1448 1776 1572 1802 munus
1587 1774 1650 1814 per
1664 1777 1769 1801 annos
1779 1766 1931 1814 triginta
1946 1765 2098 1812 quinque
2115 1764 2256 1802 ardenti

200 1815 392 1850 animarum
411 1823 449 1848 ze
463 1823 479 1846 o
499 1809 665 1860 &frufiu
684 1811 816 1847 obivit:
845 1809 1049 1848 Orthodoxae
1061 1811 1148 1858 fidei
1158 1808 1394 1861 propugnaior
1406 1837 1419 1857 ,
1447 1814 1490 1855 ὠ·
1508 1813 1810 1858 Acatholicorum,
1835 1813 1904 1862 qua
1916 1813 2033 1852 diffiis.
2059 1811 2128 1861 qua
2139 1813 2257 1860 scrip·

200 1865 247 1900 tis
270 1859 444 1910 inseffiator
451 1859 528 1908 fuit
542 1860 751 1897 acerrimus:
778 1858 860 1895 hinc
873 1859 974 1895 abiis
995 1860 1035 1895 in
1047 1859 1195 1909 Austria
1208 1862 1395 1909 Superior-e
1408 1873 1497 1898 anuo
1517 1862 1618 1898 1618.
1632 1870 1735 1911 prope
1749 1863 1908 1901 Lim-ium
1935 1861 2052 1909 nodofh
2067 1860 2156 1910 fuste
2169 1872 2241 1898 mor
2250 1874 2260 1890 ι

199 1910 319 1959 tiferas
329 1908 445 1956 plagas
469 1907 591 1944 retulit
606 1936 617 1950 ‚
639 1908 753 1956 &pro
766 1907 839 1954 fide
852 1906 1027 1945 Catholica
1045 1910 1182 1956 proprio
1197 1909 1315 1959 sparfin
1331 1909 1506 1958 sanguine
1519 1911 1714 1959 purpurari
1735 1912 1862 1948 meruit
1874 1935 1884 1947 .
1914 1911 2159 1958 Legationibus
2175 1921 2257 1957 quo-

201 1970 266 2006 que
281 1957 483 2005 Magnatum
512 1965 575 2004 aepe
587 1957 764 2005 insigniter
768 1954 907 2004 funfius
924 1955 967 2005 est
976 1969 985 1991 ε
1010 1957 1078 2004 piis
1092 1957 1222 1995 demum
1235 1966 1297 2008 pro
1312 1957 1443 2008 Christo
1461 1958 1505 2000 ὼ·
1517 1957 1589 2006 ejus
1602 1957 1742 2043 Eccljfia
1762 1957 1937 1996 laboribus
1949 1959 2111 2007 finioque
2140 1958 2256 2006 confe-

200 2004 446 2049 Hus,.5acerdos
494 2005 632 2042 ubilaeus
644 2032 655 2047 ‚
667 2005 759 2040 inter
776 2003 945 2053 Crucifixi
963 2004 1200 2053 Redemptoris
1218 2006 1387 2056 amplexus
1401 2006 1566 2055 &ofiula
1583 2006 1674 2055 placi
1700 2006 1718 2043 ὲ
1737 2008 1944 2045 obdormivit
1968 2009 2007 2042 in
2025 2007 2085 2054 sui
2099 2006 2253 2044 Ordinis

202 2055 384 2091 Conventa
402 2052 599 2100 Salisburgi
616 2064 670 2098 29.
686 2051 784 2101 'Julii
795 2063 884 2087 anno
903 2054 1004 2089 1661.
1015 2055 1127 2091 aetatis
1138 2055 1212 2102 suae
1224 2065 1282 2102 75.
1297 2057 1340 2098 &³
1358 2054 1532 2107 Religiosae
1544 2055 1766 2107 ‘Profeffionis
1781 2058 1838 2093 60·
1856 2056 1957 2104 cujus
1983 2056 2101 2092 virtus
2110 2054 2178 2105 post
2194 2054 2258 2104 fu«

202 2113 287 2138 nera
307 2101 401 2137 vivit
413 2100 455 2141 ὼ·
467 2100 563 2148 fama
576 2124 589 2144 ,
606 2099 830 2149 posteritatem
854 2099 980 2136 habens
1000 2103 1039 2136 in
1050 2100 1152 2138 libris
1174 2103 1347 2145 &liberis
1359 2129 1373 2149 ‚
1398 2116 1482 2154 quos
1489 2114 1552 2154 per
1568 2103 1798 2153 Evangelium
1815 2106 1855 2140 in
1869 2103 2000 2153 Christo
2009 2106 2135 2151 genuit
2147 2129 2158 2140 .

298 2149 453 2187 Subinde
470 2148 550 2184 dum
565 2149 745 2195 Campanae
757 2149 856 2184 sonus
876 2151 1044 2195 populum
1057 2151 1099 2186 ad
1122 2153 1302 2198 parentalia
1315 2155 1459 2190 vocavit
1473 2177 1487 2197 ‚
1514 2154 1680 2190 turmatim
1694 2154 1748 2190 hic
1768 2154 1809 2190 ad
1836 2154 1984 2189 nostram
2005 2154 2177 2189 confluxit
2191 2152 2257 2187 Ec-

203 2197 332 2235 cleliam
344 2220 356 2239 ,
381 2196 414 2232 in
428 2209 494 2243 qua
506 2197 662 2234 Cadaver
673 2196 868 2245 expolitum
880 2220 895 2242 ,
906 2197 941 2233 &
953 2196 1070 2235 faciem
1084 2210 1127 2235 eo
1137 2200 1255 2237 nitore
1281 2201 1466 2238 obduaam
1479 2203 1681 2251 conspexit,
1706 2213 1746 2240 ut
1758 2201 1964 2247 dormientis
1979 2201 2098 2248 potius
2111 2228 2122 2245 ,
2147 2202 2253 2247 quam

208 2246 333 2283 mortui
345 2246 413 2281 haec
426 2244 488 2281 effe
503 2245 677 2281 videretur
689 2268 699 2280 .
1838 2282 1840 2284 ,

301 2293 463 2340 Exequiis
474 2293 659 2336 absolutis,
681 2294 888 2332 &oratione
914 2294 1046 2331 funebri
1059 2295 1080 2331 ὲ
1095 2296 1141 2332 R.
1159 2298 1197 2333 P.
1207 2295 1344 2346 J‘odoco
1356 2300 1562 2337 Guardiano
1576 2299 1612 2335 &
1629 2299 1819 2337 Definitore
1839 2298 1931 2336 diffl
1943 2322 1954 2342 ‚
1982 2296 2110 2345 politus
2131 2298 2177 2335 est
2190 2301 2261 2335 Vai

204 2342 352 2428 {priapus
368 2342 511 2426 baagnus
523 2341 558 2376 in
572 2341 726 2377 Fratrum
740 2341 876 2381 suorum
891 2343 1069 2381 Minorum
1091 2344 1296 2393 sepulchro,
1323 2349 1383 2385 ubi
1395 2348 1504 2385 adhuc
1517 2349 1554 2387 in
1569 2359 1654 2396 pace
1667 2347 1828 2395 quiescit,
1838 2348 1914 2392 fibi,
1927 2346 2096 2394 tempori,
2121 2347 2155 2383 8(
2168 2346 2260 2383 invi-

230 2402 269 2427 ιω
302 2400 383 2436 uper
410 2402 445 2427 es
460 2413 472 2426 .

301 2438 408 2483 Quod
427 2448 535 2475 totum
547 2439 716 2487 hucusque
740 2442 759 2476 a
771 2453 823 2478 me
844 2440 1250 2491 fufiusvdeduetumjussu
1265 2443 1442 2484 Celliffimi
1461 2445 1628 2493 Principis
1641 2444 1896 2494 Areliiepiscopi
1916 2443 2078 2483 concinne
2094 2442 2253 2489 Religio-

205 2487 259 2525 sus
273 2487 412 2535 quidam
421 2487 458 2524 in
470 2486 611 2534 sequens
624 2487 772 2526 atstavit

687 2629 1734 2732 ,EPITAPHIUM.v

630 2788 815 2838 Dubium
836 2791 914 2839 huc
937 2793 1111 2858 gradum
1129 2799 1311 2855 viator3
1348 2802 1404 2851 ἔπ’
1415 2798 1659 2867 perplexam
1678 2795 1829 2845 attolle

1125 2880 1297 2914 mentem
1313 2901 1326 2915 .
1884 2916 1886 2922 ,

595 2923 664 2976 Ut
689 2944 851 2994 magnos
877 2926 976 2975 olim
995 2943 1316 2999 propugnatores
1336 2938 1544 2987 veritatis
1551 2933 1733 3000 stammas
1753 2935 1863 2996 interf

1154 3018 1310 3050 montes

793 3064 973 3113 Humari
1000 3067 1214 3118 conssituit
1240 3074 1446 3121 maximus
1478 3072 1642 3123 Iebova
1661 3106 1680 3132 ‚

651 3131 720 3182 Sic
750 3149 851 3183 nutu
880 3136 1053 3203 {jusdem
1080 3137 1281 3190 Numinis
1302 3142 1494 3209 praecelfiae
1525 3139 1690 3192 quauii
1713 3158 1814 3211 rupe

915 3243 918 3246 -
1139 3211 1338 3260 Conditus

667 3267 837 3320 Ift'ahac
851 3273 932 3337 fiab
953 3276 1092 3325 tumba
1107 3313 1124 3336 ,
1159 3280 1301 3330 tubam
1326 3287 1466 3349 magni
1494 3281 1579 3331 diei
1590 3281 1797 3351 exspeHat

636 3339 912 3391 Reverendus
944 3343 1071 3393 Pater
1099 3347 1342 3399 Valerianus
1367 3351 1556 3421 Magnus
1576 3351 1804 3419 Capucinus
1822 3386 1840 3410 ,

632 3409 857 3470 Strenuus,
888 3412 943 3460 &¹
966 3414 1153 3464 conflans
1186 3420 1356 3487 affirtor
1386 3426 1517 3481 veri,
1545 3437 1672 3471 tenax
1691 3422 1795 3471 reHi
1807 3457 1825 3481 ,

596 3480 756 3530 Amans
780 3484 834 3540 &f
850 3481 1015 3550 fiquax
1043 3484 1209 3536 Chris‘ii
1220 3524 1237 3548 ,
1277 3510 1427 3541 verum
1459 3492 1668 3562 Religiosz'
1684 3494 1861 3542 hominis

821 3550 1152 3614 simulachrum,
1181 3556 1318 3608 Decus
1331 3560 1407 3628 [ἱαὶ
1430 3563 1605 3614 ordinis
1623 3598 1635 3611 .

550 3618 694 3687 ,Visus
720 3621 879 3688 quidem
907 3624 1033 3672 oculis
1056 3626 1474 3692 instpientiummori,
1500 3634 1579 3682 ille
1592 3645 1727 3680 autem
1740 3632 1786 3678 in
1794 3643 1894 3696 pace

757 3691 850 3753 *Hic
874 3694 918 3739 iu
945 3711 1065 3743 manu
1089 3696 1264 3747 Domini
1275 3698 1441 3766 ficurus
1466 3703 1665 3751 indormit
1681 3734 1694 3747 .

315 3818 394 3862 Tom
420 3819 477 3858 W
634 3756 783 3810 Scende
805 3776 978 3813 montem
992 3765 1096 3814 bunc
1111 3770 1260 3818 viator
1271 3803 1290 3829 ,
1326 3771 1379 3819 <9¹
1396 3772 1456 3821 ad
1466 3771 1619 3877 cugmen
1644 3787 1798 3837 emerge
1808 3803 1826 3830 ε
2143 3836 2212 3873 vb·

396 3846 405 3858 .
474 3849 482 3859 .
1260 3845 1262 3847 ·
1550 3851 1570 3876 ς
2199 3849 2214 3871 ι
