2638 4204
450 190 626 276 342

387 301 445 342 Et
470 296 634 340 subinde
661 308 737 351 pro
762 300 877 350 parte
893 303 989 335 tunc
1012 287 1153 331 itidem
1186 286 1392 329 existentis

383 355 676 402 Procuratoris
693 353 908 396 Generalis
924 354 1110 393 Fratrum
1127 346 1293 388 Ordinis
1309 347 1391 387 Mi—

375 429 528 459 norum
560 418 599 458 S.
630 410 826 455 Francisci
855 409 1159 465 Capucinorum
1184 417 1387 458 nuncupa-

374 484 522 517 torum
537 499 551 521 ,
587 472 721 515 eidem
750 470 915 513 Urbano
931 463 1211 510 Praedeceffori
1232 462 1385 519 pariter

375 547 429 575 ex
439 531 568 588 pofito
587 557 602 581 ,
625 527 736 584 quod
758 525 1013 582 Presbyteris
1042 524 1238 579 praedietis
1256 522 1384 564 licen-

374 591 435 634 tia
455 621 468 643 ,
502 589 670 630 domum
686 585 910 643 hujusmodi
925 582 1159 641 acquirendi
1177 595 1247 636 per
1261 580 1384 622 dietas

378 650 547 692 litteras
575 644 642 686 fibi
668 644 855 688 concessa
879 675 894 698 ,
925 643 1091 685 minime
1123 642 1184 682 uti
1209 639 1384 682 volenti-

378 708 453 749 bus
471 734 485 756 ,
518 703 666 760 iiiique
683 699 870 758 expresse
886 700 1233 751 renuntiantibus,
1256 711 1385 755 quon-

381 765 473 807 dam
502 762 685 804 Adamus
702 763 947 812 Fraisbach,
978 759 1074 802 dum
1104 759 1239 810 vixit,
1269 758 1385 800 saecu-

379 822 474 865 laris
500 850 515 871 ,
547 821 588 861 &
620 820 842 876 collegiatae
869 817 1054 862 Ecclefiae
1081 821 1211 860 Beatae
1244 816 1385 859 Mariae

380 879 568 933 Virginis
587 879 636 921 ad
654 879 812 922 Gradus
842 889 1105 933 nuncupatas,
1138 876 1385 931 Moguntinae

380 937 563 983 Dioeces.
597 939 782 981 Decanus
805 964 820 986 a
852 941 1027 980 Domum
1054 935 1280 991 praedictam
1312 946 1387 976 no-

382 997 519 1047 mine,
550 997 589 1037 &
615 995 665 1039 ad
686 993 869 1039 favorem
895 995 1093 1038 diciorum
1108 997 1296 1038 Fratrum
1310 996 1388 1036 Ca-

381 1055 626 1114 pucinorum
643 1083 658 1106 ,
688 1055 738 1095 ad
758 1054 941 1095 effectum
968 1052 1257 1111 inibiejusdem
1271 1051 1391 1095 Ordi-

381 1116 443 1158 nis
468 1113 703 1167 regularem
730 1111 894 1154 domum
917 1112 1129 1167 erigendi,
1161 1114 1181 1155 a
1210 1116 1392 1166 Praecep-

383 1183 479 1217 tore
502 1174 539 1212 &t
568 1170 781 1212 Fratribus
803 1170 999 1227 praedistis
1014 1185 1092 1228 pro
1115 1181 1232 1215 certo
1256 1171 1393 1228 pretio

382 1234 497 1275 inter
518 1242 587 1271 cos
611 1238 818 1272 convento
848 1240 1001 1272 emerat
1023 1257 1037 1280 ,
1068 1231 1392 1287 capiebatque)

385 1297 611 1347 propterea
638 1287 766 1329 ditius
794 1291 1041 1333 Procurator
1066 1289 1281 1333 Generalis
1310 1302 1394 1330 em-

386 1348 571 1405 ptionem
587 1345 816 1401 hujusmodi
848 1361 922 1402 pro
946 1347 1120 1392 firmiori
1148 1350 1256 1392 illius
1278 1345 1395 1389 subfi-

383 1404 530 1450 stentii
544 1406 583 1446 δι
598 1405 1067 1461 validitate,Apostolicae
1081 1406 1396 1450 confirmationis

387 1466 541 1509 robore
553 1465 793 1507 communiri
808 1495 824 1516 ,
854 1464 1029 1522 aliasque
1044 1466 1216 1522 desuper
1232 1496 1245 1518 ‚
1277 1475 1322 1506 ut
1337 1465 1394 1505 in·-

385 1523 450 1566 sra
474 1552 489 1575 ,
519 1522 747 1576 opportune
788 1524 999 1578 provideri
1026 1552 1036 1564 .
1070 1524 1183 1568 Idem
1212 1524 1397 1568 Urbanus

389 1580 660 1628 Praedecessor
686 1582 874 1635 praedicto
903 1584 1060 1625 Archi·
1077 1584 1277 1638 Episcopo
1305 1584 1396 1624 Mo-

392 1642 562 1696 guntino
588 1637 770 1681 similiter
795 1638 911 1681 dedit
939 1640 988 1687 in}
1003 1642 1226 1693 mandatis,
1258 1651 1399 1697 quate-

389 1712 467 1741 nus
482 1726 496 1749 ,
523 1698 629 1739 veris
644 1697 903 1740 existentibus
919 1700 1091 1742 narratis
1107 1726 1120 1747 ³
1152 1702 1400 1755 emptionem

392 1753 567 1806 domus,
599 1770 690 1797 cum
716 1758 883 1798 annexis
912 1757 1138 1813 hujusmodi
1165 1773 1237 1815 per
1251 1759 1400 1800 dietum

392 1814 598 1858 Adamum
627 1813 678 1855 ad
703 1815 881 1856 favorem
916 1816 1138 1858 eorundem
1175 1819 1402 1858 Fratrum-³

394 1872 727 1929 Capucinorum,
763 1882 806 1915 ut
833 1874 1123 1927 pramittitur,
1162 1872 1330 1925 fastam,
1362 1874 1402 1914 &

393 1939 518 1989 prout
542 1930 656 1972 illam
683 1933 1014 1984 concernebant,
1057 1933 1369 1976 Instrumentum
1387 1961 1402 1983 ,

395 1988 670 2043 &scripturas
697 1989 870 2045 desuper
903 1989 1052 2040 factas,
1083 1990 1189 2034 diist&
1213 1990 1401 2034 Auctori-

397 2057 484 2090 tate
500 2047 743 2100 approbaret
773 2050 813 2089 &
835 2048 1095 2093 confirmaret
1111 2080 1124 2103 ,
1149 2049 1311 2105 *illisque
1339 2051 1399 2091 in·

395 2104 601 2148 violabilis
618 2118 663 2144 ac
679 2117 880 2158 perpetuae
893 2107 1096 2152 firmitatis
1116 2109 1240 2151 robur
1255 2109 1402 2151 adiice-

395 2174 462 2206 ret
478 2191 493 2213 ,
524 2175 569 2203 ae
588 2174 724 2204 omnes
739 2165 776 2204 &
795 2164 970 2219 fingulos
987 2197 1002 2218 ,
1032 2178 1112 2211 tam
1128 2167 1224 2223 juris
1242 2196 1256 2218 ,
1284 2167 1400 2222 quam

396 2220 489 2266 faeti
515 2218 697 2284 descetus
712 2249 725 2272 ,
758 2221 782 2263 fi
799 2226 866 2276 qui
889 2223 1064 2281 desuper
1089 2225 1403 2283 quomodolibet

331 2299 333 2301 ·
396 2276 701 2323 intervenissent
719 2307 734 2330 ,
765 2280 992 2335 suppleret:
1024 2296 1216 2339 praeterea
1238 2285 1275 2325 in
1296 2282 1403 2327 dista

398 2339 523 2382 domo
551 2335 600 2377 ad
617 2335 796 2379 favorem
821 2341 1045 2384 eorundem
1067 2343 1372 2399 Capucinorum
1390 2371 1404 2394 ,

396 2401 496 2439 ficut
522 2393 730 2450 praefertur
754 2426 771 2447 ,
802 2397 968 2454 empta,
997 2415 1112 2443 unam
1140 2402 1405 2445 eorundem..-

398 2459 589 2500 Fratrsum
618 2453 784 2497 Ordinis
815 2459 1119 2512 Capucinorum
1152 2460 1407 2516 Regularem

399 2515 592 2560 domum,
624 2512 715 2554 cum
744 2514 926 2556 Ecclefia
952 2544 967 2565 ,
999 2518 1211 2564 Sacristia‚
1241 2516 1403 2556 Dormi-

399 2574 540 2621 torio,
565 2569 706 2612 Hortis
721 2598 735 2621 ,
764 2571 984 2614 hortalitiis
1000 2601 1013 2624 ,
1041 2571 1264 2615 infirmaria
1278 2599 1291 2621 a
1307 2570 1406 2614 aliis-

400 2646 478 2688 que
505 2628 726 2678 membris,
755 2630 794 2669 &
815 2629 1000 2672 Officinis
1015 2629 1242 2675 neceffariis
1273 2632 1313 2672 δι
1334 2645 1407 2686 op·

399 2687 580 2747 portuuis
605 2714 619 2737 ,
652 2685 731 2726 fine
765 2695 902 2728 tamen
935 2687 1105 2743 alicujus
1142 2689 1407 2744 praejudicio,

400 2750 605 2802 erigeret,
630 2742 941 2792 &instituerem
970 2746 1112 2802 illique
1139 2747 1188 2788 {ic
1204 2750 1341 2789 erectae
1368 2749 1406 2788 &

399 2807 616 2855 institutae,
647 2803 809 2860 ejusque
834 2803 1101 2854 Guardiano,
1131 2807 1168 2847 &
1200 2807 1407 2848 Fratribus

400 2879 477 2922 pro
507 2873 689 2917 tempore
731 2860 990 2904 existentibus
1008 2890 1021 2913 ,
1054 2874 1096 2905 ut
1125 2865 1341 2916 omnibus,
1367 2866 1408 2909 δε

400 2923 563 2978 singulis
581 2918 833 2977 privilegiis,
857 2920 1030 2963 Induitis
1052 2949 1066 2972 ,
1099 2921 1374 2977 indulgentiis
1394 2951 1408 2975 ,

401 2977 638 3036 caeterisque
664 2977 801 3033 gratiis
818 3006 830 3029 ,
848 2978 997 3034 'quibus
1018 2980 1104 3023 aliar
1131 2980 1309 3037 ejusdem
1324 2985 1405 3024 or-

403 3037 509 3081 dinis
536 3036 765 3091 Regulares
793 3036 962 3091 domus,
998 3039 1244 3096 illarumque
1271 3044 1404 3085 Guar-

402 3096 512 3140 diaiii
536 3098 578 3137 δι
592 3098 755 3138 Fratres
770 3098 1082 3151 quomodolibet
1097 3099 1345 3153 utebantur,
1366 3102 1405 3142 &

402 3155 660 3211 gaudebant,
687 3169 734 3197 ac
762 3154 943 3206 uti,fi·ui
960 3184 974 3207 ,
1016 3158 1056 3198 δι
1084 3158 1264 3213 gaudere
1291 3170 1406 3214 pote-

401 3224 494 3257 rant
511 3241 524 3265 ‚
551 3213 616 3255 vel
642 3222 854 3268 potuerant
882 3214 1193 3270 quomodolibet
1224 3218 1264 3260 in
1291 3217 1402 3260 futu-

400 3287 492 3315 rum
506 3300 520 3323 ,
546 3273 632 3326 pari
652 3272 772 3314 modo
786 3300 800 3323 ‚
826 3274 865 3315 δε
881 3272 1028 3329 absque
1044 3275 1127 3318 ulla
1146 3277 1305 3331 prorsus
1321 3276 1400 3320 dif-

400 3330 575 3375 ferentia
595 3330 680 3380 uti,
711 3329 817 3383 frui,
844 3332 1074 3386 &gaudere
1090 3334 1401 3379 liberefflicite

400 3391 617 3441 valerent,
655 3387 800 3432 eadem
827 3390 1095 3434 Authoritate
1121 3395 1400 3448 concederet,

399 3450 439 3490 &
468 3449 731 3504 indulgeret,
757 3450 798 3491 δι
823 3449 950 3500 alias,
978 3460 1097 3505 prout
1123 3452 1160 3494 in
1191 3453 1401 3507 ejusdem„⁸

401 3509 555 3550 Urbani
574 3506 878 3550 Praedecefforis
903 3508 1074 3565 desuper
1099 3510 1139 3553 in
1152 3510 1294 3555 eadem
1319 3512 1403 3557 sor-

401 3563 467 3607 mfi
485 3567 622 3608 Brevis
637 3566 704 3609 die
719 3580 768 3609 xi
782 3580 795 3608 1
810 3579 847 3608 ι.
861 3567 1111 3622 Septembris
1127 3584 1350 3614 Mncxxvtl
1365 3589 1398 3616 i.

403 3622 602 3679 expeditis
629 3624 805 3676 litteris,
832 3640 1000 3683 quarum
1028 3637 1212 3670 tenorem
1235 3630 1399 3686 praesen·

403 3682 509 3749 tibus
538 3696 611 3737 pro
635 3682 818 3740 expresso
832 3685 970 3730 haberi
997 3687 1185 3731 volumus
1199 3716 1214 3741 ,
1236 3688 1396 3745 plenius

403 3740 558 3784 dicitur
579 3743 779 3787 contineri
792 3770 806 3789 ·

1190 152 1730 238 Provincia

1513 288 1617 326 Cum
1635 294 1770 323 autem
1786 306 1800 328 ,
1828 278 1926 321 ficut
1940 278 2108 321 dilec'tus
2132 284 2235 326 filius
2252 311 2266 335 ,
2290 281 2451 325 moder.

1453 357 1525 385 nus
1554 347 1807 386 Procurator
1835 341 2046 380 Generalis
2076 341 2352 386 disti‘Ordinis
2370 346 2454 383 Ca-

1447 404 1692 458 pucinorum
1717 401 1836 440 nobis
1861 411 1989 449 nuper
2023 398 2279 454 exponifecit
2298 428 2312 450 ,
2342 401 2456 442 litte-

1446 465 1499 503 ris
1516 461 1689 516 praefatis
1717 458 1945 501 executioni
1976 457 2229 500 demandatis
2250 485 2264 508 ,
2294 461 2454 501 Fratres

1444 518 1502 563 sui
1517 522 1688 564 Ordinis
1716 520 1754 559 in
1772 515 2042 571 polseffionem
2069 517 2296 558 earundem
2314 518 2456 560 Eccle-

1444 580 1501 624 siae
1522 582 1562 621 δι
1590 577 1747 622 Οοιῐιῦε
1774 574 1929 616 immissi
1955 573 2137 626 fuerint,
2173 573 2324 616 deinde
2361 578 2457 618 vero

1444 643 1491 683 ab
1511 637 1771 680 Acatholicis
1785 636 1992 677 violenter
2012 633 2105 675 inde
2120 634 2269 688 expulsi
2284 661 2298 683 ,
2332 636 2458 681 Eccle-

1433 698 1540 756 stam
1571 697 1617 745 ὅ·
1640 701 1808 739 Domum
1823 693 2042 752 hujnsinodt‘
2071 691 2213 748 absque
2239 691 2462 747 huiursan·

1446 758 1518 800 82ae
1546 756 1650 798 Sedis
1690 753 1929 808 beneplacito
1955 751 2201 810 fitpradt'b‘lis
2244 750 2459 794 Fratribus

1448 816 1605 858 Ordinis
1619 813 1753 855 Sanffi
1768 812 1935 855 Antonii
1950 839 1963 861 ,
1995 808 2338 866 isttquefiaecccfflvc‘
2360 809 2463 849 dile-

1445 874 1503 917 &70
1517 872 1759 919 Filiomohili
1770 873 1870 923 Viro,
1878 870 2052 923 Principi
2060 871 2102 911 dc
2110 867 2357 921 Lovvenstein
2368 868 2462 908 nul-

1448 932 1542 977 liter
1577 932 1825 974 vendiderint
1848 956 1862 980 ,
1904 931 2073 986 ideoque
2115 927 2219 971 idem
2243 926 2464 969 modernus

1451 995 1697 1036 Procurator
1726 989 1935 1033 Generalis
1961 1017 1977 1040 ,
2019 986 2176 1032 attenta
2205 984 2393 1028 nullitate
2421 986 2461 1026 &

1450 1050 1706 1096 invaliditate
1720 1053 1890 1092 duarum
1910 1045 2194 1091 venditionum
2218 1043 2464 1100 hujusmodi,

1452 1110 1667 1155 memorati
1692 1109 1844 1152 Urbani
1862 1103 2167 1149 Praedecess'oris
2198 1105 2358 1147 litteras
2378 1102 2466 1145 ser-

1453 1170 1535 1214 vari
1563 1169 1816 1223 summopere
1834 1165 2038 1208 desideret
2055 1191 2069 1214 ,
2099 1165 2226 1205 Nobis
2244 1173 2464 1219 propterea
2480 1177 2482 1180 ’

1454 1227 1661 1272 humiliter
1676 1225 1886 1282 supplicari
1902 1223 1999 1266 fecit
2014 1251 2029 1273 ,
2066 1223 2164 1264 utin
2181 1221 2376 1276 praemiffis
2393 1235 2464 1276 op-

1454 1286 1629 1344 portune
1647 1284 1864 1341 providere
1880 1312 1894 1335 ,
1907 1284 1973 1333 δε,
1987 1291 2030 1325 ut
2057 1279 2162 1322 infra
2177 1309 2191 1332 ,
2217 1278 2432 1333 indulgere
2449 1308 2465 1331 ,

1457 1347 1507 1389 de
1530 1344 1776 1399 benignitate
1795 1339 2031 1400 Apostolicd
2057 1340 2317 1395 dignaremur
2333 1365 2346 1378 .

1516 1408 1600 1447 Nos
1616 1405 1737 1459 igitur
1749 1403 1873 1458 ipsum
1894 1401 2134 1443 modernum
2154 1402 2466 1442 Procuratorem

1459 1463 1704 1507 Generalem
1718 1461 1954 1517 specialibus
1971 1458 2145 1510 favorib3
2159 1460 2194 1500 &
2212 1457 2350 1513 gratiis
2368 1469 2465 1511 pro-

1459 1522 1567 1578 sequi
1590 1521 1773 1564 volentes
1789 1550 1803 1573 ,
1835 1524 1875 1565 δι
1900 1522 1921 1562 a
1949 1518 2153 1575 quibusvis
2176 1514 2465 1558 Excommuni-

1459 1581 1624 1625 cationis
1642 1608 1656 1630 ,
1686 1578 1961 1631 Suspenfionis
1980 1609 1995 1630 ,
2025 1579 2062 1619 δε
2090 1575 2329 1626 Ῑοῐεῐάἰέὶί,
2358 1571 2466 1615 aliis:-

1459 1655 1537 1697 que
1567 1638 1857 1682 Ecclefiasticis
1890 1636 2095 1680 sententiis
2122 1663 2136 1686 ,
2177 1635 2353 1677 censuris
2382 1660 2395 1683 ,
2427 1631 2467 1672 δε

1461 1698 1592 1755 poenis
1615 1697 1768 1753 injure,
1798 1699 1865 1741 vel
1891 1697 1940 1738 ab
1966 1697 2153 1742 homine,
2183 1693 2319 1750 quavis
2348 1703 2467 1732 occa·

1461 1759 1566 1799 fione
1583 1786 1596 1808 ,
1622 1756 1687 1798 vel
1703 1755 1823 1798 causa
1843 1756 1952 1799 Latis
1965 1787 1982 1808 ,
2015 1753 2038 1795 fi
2054 1753 2192 1810 quibus
2211 1748 2470 1807 quomodoli-

1461 1817 1531 1858 bet
1559 1814 1770 1856 innodatus
1798 1816 1932 1858 existit
1957 1844 1971 1866 ,
2005 1812 2054 1854 ad
2086 1809 2271 1853 effeflum
2306 1807 2470 1866 praesen-

1462 1876 1562 1917 tium
1591 1873 1787 1916 duntaxat
1814 1869 2171 1930 consequendum,
2201 1871 2343 1911 harum
2371 1865 2468 1909 serie

1462 1932 1714 1977 absolventes
1741 1960 1755 1982 ‚
1795 1935 1835 1974 δε
1861 1932 2086 1976 absolutum
2120 1929 2207 1970 fore
2235 1929 2470 1974 censenteS‚

1461 1990 1687 2046 hujusmodi
1711 1991 2070 2045 supplicationibus
2084 1988 2269 2031 inclinati
2287 2014 2301 2036 ,
2330 1985 2382 2027 de
2401 1999 2472 2026 ve·

1463 2049 1705 2092 nerabilium
1721 2053 1914 2092 Fratrum
1931 2049 2158 2092 nostrorum
2176 2049 2215 2088 S.
2233 2046 2288 2086 R.
2306 2046 2353 2085 E.
2368 2046 2471 2084 Car-

1462 2106 1688 2156 dinanum,
1717 2108 1890 2164 negotiis
1912 2104 2182 2163 propagandae
2209 2102 2477 2156 fideipraepo-

1463 2167 1627 2211 sitorum
1661 2166 1858 2215 consilio,
1893 2166 2097 2221 praedistas
2128 2162 2282 2206 Urbani
2315 2158 2477 2203 Praede-

1463 2224 1626 2269 cessoris
1644 2223 1803 2268 litteras
1818 2253 1832 2275 ,
1859 2223 2094 2267 executioni
2108 2219 2373 2264 demandatas
2387 2249 2403 2270 ,
2430 2224 2475 2259 ut

1464 2281 1756 2343 praemitt'itur,
1787 2280 2304 2335 AuthoritateApostolica
2320 2306 2334 2330 ,
2360 2287 2474 2319 teno-

1465 2358 1510 2387 re
1525 2341 1778 2398 praesentium
1793 2339 1941 2381 servari
1964 2338 2151 2382 volumus
2170 2339 2210 2378 &
2224 2336 2474 2378 mandamus.

1467 2406 1550 2446 Pro
1578 2399 1810 2443 defensione
1832 2398 1929 2439 vero
1948 2396 2097 2452 jurium
2122 2395 2233 2437 dietae
2251 2394 2394 2444 Sedis,
2427 2406 2474 2435 ac

1469 2458 1694 2503 eorundem
1716 2458 1904 2498 fratrum
1929 2452 2232 2509 Capuc'inorum
2256 2450 2478 2507 respective

1467 2517 1581 2573 super
1604 2513 1742 2557 iisdem
1763 2510 1969 2565 Ecclefid,
1999 2514 2036 2554 &
2063 2510 2216 2562 domo,
2246 2510 2477 2554 Venerabi-

1468 2576 1547 2618 lem
1567 2576 1752 2616 Fratrem
1769 2602 1781 2624 ,
1795 2571 2035 2615 modernum
2052 2571 2287 2626 Episcopum
2301 2569 2478 2611 Malien-

1469 2634 1576 2682 sem,
1613 2631 1912 2685 Suffraganeum
1938 2629 1989 2672 ad
2004 2628 2235 2672 exercenda
2260 2625 2477 2669 Pontifica-

1468 2693 1520 2736 lia
1548 2691 1586 2732 in
1603 2689 1786 2732 Civitate
1812 2691 1851 2730 &
1870 2689 2046 2731 Dioeceli
2077 2685 2347 2742 Moguntina,
2371 2683 2478 2727 dieta

1470 2749 1736 2795 Autlioritate
1753 2749 1992 2805 deputatum
2007 2777 2021 2799 ,
2060 2746 2099 2788 in
2114 2745 2338 2801 syndicum
2364 2747 2479 2799 Apo-

1471 2808 1656 2852 stolicum
1681 2822 1772 2849 cum
1796 2808 1980 2851 omnibus
2013 2805 2277 2848 facultatibus
2304 2800 2479 2845 neceffa-

1471 2868 1541 2910 riis
1564 2868 1603 2908 δι
1631 2867 1870 2923 opportunis
1897 2864 2118 2910 earundem
2145 2872 2288 2907 tenore
2309 2860 2476 2918 praesen—

1470 2927 1570 2970 tium
1585 2925 1748 2969 facimus
1763 2956 1776 2979 ,
1805 2925 2086 2969 constituimus
2103 2953 2117 2975 ,
2147 2925 2182 2965 ἃ
2199 2922 2445 2977 deputamus
2459 2945 2475 2968 ‚

1468 2983 1579 3027 salva
1595 2996 1732 3028 tamen
1763 2989 1918 3043 semper
1945 2986 1982 3028 in
1996 2981 2193 3042 praemiffis
2214 2980 2477 3024 Authoritate

1467 3044 1810 3099 congregationis
1858 3043 2086 3088 eorundem
2126 3039 2436 3085 cardinalium„
2466 3063 2477 3076 ·

1468 3105 1748 3146 Decernentes
1765 3104 1972 3159 praesentes
1994 3102 2153 3145 litteras
2179 3099 2338 3149 firmas,
2374 3097 2478 3140 vali-

1466 3161 1564 3212 das,
1589 3164 1628 3204 &
1653 3162 1839 3205 efficaces
1864 3163 2061 3213 existere,
2089 3162 2128 3202 &
2153 3158 2269 3211 fore,
2302 3155 2476 3217 suosque

1463 3220 1664 3276 plenarios
1681 3250 1695 3272 ,
1721 3221 1954 3277 &integros
1969 3221 2129 3264 effefitus
2156 3216 2320 3267 sortiri,
2350 3218 2428 3258 &o
2455 3233 2470 3244 ·

1462 3279 1623 3329 tinere,
1650 3294 1696 3323 ac
1711 3279 1820 3324 dieto
1846 3280 2072 3336 Episcopo,
2096 3293 2143 3321 ac
2155 3278 2244 3320 aliis
2263 3304 2278 3327 ,
2303 3275 2353 3318 ad
2375 3216 2471 3372 ff&

1463 3336 1613 3393 spefiat
1629 3368 1644 3391 ,
1667 3340 1706 3380 &
1729 3353 1802 3394 pro
1816 3347 2005 3395 tempore
2033 3337 2360 3394 quandocunque
2394 3343 2469 3385 pe*

1461 3398 1583 3439 &abit
1599 3427 1613 3449 ,
1642 3398 1683 3440 in
1698 3397 1909 3449 omnibus,
1938 3400 1976 3439 &
1994 3411 2070 3452 per
2097 3397 2231 3439 omnia
2253 3386 2471 3452 pleniffime

1463 3454 1670 3512 suffragari
1687 3485 1698 3497 .
1731 3456 1879 3512 Sicque
1907 3455 1947 3499 in
1965 3454 2167 3511 praemiffis
2188 3447 2472 3509 pei-quoscun-

1462 3529 1541 3570 que
1559 3515 1725 3573 Judices
1749 3513 1992 3558 Ordinarios
2021 3517 2061 3556 δε
2077 3513 2309 3568 delegatos,
2345 3507 2469 3548 etiam

1461 3575 1680 3619 Causarum
1701 3573 1842 3615 Palatii
1857 3572 2083 3628 Apostolici
2100 3568 2321 3615 Auditores
2336 3565 2472 3621 ‚judi-

1460 3633 1577 3684 cari,
1606 3628 1818 3674 &definiri
1840 3632 2020 3683 debere,
2045 3645 2090 3671 ac
2107 3628 2267 3670 irritum
2283 3627 2321 3667 &
2337 3625 2466 3673 inane,

1457 3690 1484 3732 fi
1502 3692 1613 3734 secus
1643 3689 1759 3746 super
1783 3690 1842 3731 his
1865 3718 1879 3740 ,
1909 3693 1933 3735 a
1963 3691 2162 3746 quoquam
2182 3715 2196 3738 ,
2225 3683 2367 3743 quavis
2384 3688 2469 3727 Au·

1454 3750 1642 3795 ctoritate
1669 3748 1842 3794 scienter
1872 3749 1939 3793 vel
1967 3750 2206 3805 ignoranter
2241 3743 2468 3798 contigerit

2276 3812 2409 3848 atten-
