2658 4256
932 209 941 238 l
1023 234 1027 239 ,
1230 211 1246 227 ·
1496 210 1512 216 r
1526 218 1547 251 N.

934 208 1547 325 Leodzenfir.
2045 245 2210 328 {117

234 338 430 394 ahjpxpiis
447 338 665 396 Religionis
687 340 862 385 hostibus
878 338 1119 398 iniquiffimae
1145 356 1213 384 ve-
1275 340 1422 383 reddet
1456 341 1499 382 P·
1527 332 1773 383 Benedissus.
1798 337 2050 391 tendiculis,
2076 355 2132 397 *ex
2146 347 2267 389 Ordi.

229 394 377 443 :rationi
392 399 554 440 modum
568 401 750 443 adhiberi
767 425 776 437 ·
806 403 951 453 Neque
965 427 980 450 ,
1011 410 1053 442 ut
1079 400 1118 440 in
1143 399 1217 442 ad-
1276 412 1326 444 ne
1341 396 1640 452 Capucinorum
1655 393 1907 443 ‚Coloniensi
1924 391 2145 440 Provinciae
2164 403 2265 444 Prae-

229 454 341 499 vex-fis
362 454 457 509 saepe
480 455 549 508 fit,
582 458 782 514 frequenti
803 456 1045 501 miseriarum
1068 457 1214 499 vestra.'
1272 454 1446 510 politus,
1477 454 1543 509 qui
1568 450 1641 492 una
1665 463 1755 491 cum
1774 450 1852 507 *suis
1876 455 2081 498 Fratribus
2105 459 2270 512 pericu-

224 526 307 556 rum
319 518 704 559 commemoratione
732 514 977 561 animinostri
1001 510 1128 556 sensus
1144 516 1214 555 ob·
1275 513 1406 557 lorum
1420 526 1463 557 ac
1479 509 1718 554 miseriarum
1735 510 1951 553 vestrarum
1966 515 2163 569 particeps
2178 510 2268 559 fuit.

223 570 390 624 duruit,
420 571 487 616 sed
512 576 636 618 veluti
658 571 875 629 perfricato
903 571 1069 615 vulnere
1093 570 1214 613 dolor
1276 572 1386 628 Eos,
1416 583 1512 624 quos
1526 569 1579 611 ob
1594 564 1796 625 religiosas
1813 568 2007 621 virtutes,
2032 586 2077 613 ac
2093 571 2267 617 fructum

218 629 259 671 in
282 630 367 672 dies
384 634 504 688 magis
525 642 743 679 renovatur
762 661 775 673 .
808 630 960 675 Verum
984 630 1022 673 in
1042 639 1122 674 tam
1144 642 1215 679 an·
1273 628 1492 670 animarum
1507 654 1520 676 ,
1550 639 1666 684 quem
1682 627 1874 680 'quotidie
1903 628 2108 683 copiosum
2127 645 2268 687 tepor-,-

216 687 280 729 xia
296 686 560 736 sollicitudine
582 691 662 733 duo
679 689 803 731 Nobis
821 689 956 744 ingens
970 686 1138 732 afferunt
1152 686 1212 729 so·
1273 694 1388 734 tant,
1418 683 1651 739 jampridem
1668 692 1733 726 tua
1750 681 1889 737 sponte
1902 686 2061 742 diligis,
2090 687 2114 730 fi
2136 690 2266 737 nostra

218 745 357 789 latium
371 762 386 803 3
422 751 614 795 Filiorum
628 746 1027 790 videlicet-fortitudo
1041 748 1102 798 ‚&
1116 757 1212 790 con·
1270 742 1391 786 etiam
1406 740 1524 785 causa
1537 741 1674 784 fovere
1700 754 1839 797 pergas
1853 769 1867 791 ,
1897 756 2054 796 gratum
2069 747 2194 797 Nobis
2209 749 2268 790 fe-

215 803 354 848 stantia
371 834 385 858 ,
415 811 452 850 &
474 809 588 853 labor
601 833 615 856 ,
645 819 690 847 ac
710 799 909 852 sedulitas,
925 806 1067 858 quibus
1082 801 1213 846 immi·
1272 800 1389 846 ceris,
1401 801 1513 841 certe
1536 799 1688 841 alacres
1706 812 1752 840 ac
1774 808 1932 854 paratos
1952 803 1989 842 in
2008 803 2079 857 piis
2093 806 2267 848 ministe-

215 865 352 906 nentia
369 864 509 908 damna
531 872 718 907 avertere
735 891 751 913 ,
779 863 819 904 ’δε
839 864 1039 916 praesentia
1064 860 1208 915 depel-
1268 858 1337 900 riis
1350 886 1366 907 ,
1392 857 1456 897 vel
1472 869 1562 897 cum
1579 858 1669 898 vitae
1686 855 1910 899 discrimine
1927 861 1978 900 ob
2000 862 2139 902 eundis
2154 878 2268 917 repe.

215 920 298 962 lere
323 925 456 966 conati
472 922 602 967 sumus
616 949 630 972 ,
659 921 800 976 quibus
816 922 1000 961 voluntas
1016 917 1205 972 adiicitur
1266 917 1344 960 ries
1361 942 1372 954 .
1405 914 1667 960 Fraternitati
1687 916 1780 955 Tuae
1796 916 2069 969 Apostolicam
2097 921 2267 964 Benedi-

213 979 312 1020 nihil
342 978 699 1033 praetermittendi,
728 978 834 1034 quod
855 979 894 1019 in
922 991 1007 1020 rem
1023 975 1207 1019 Catholi-
1268 974 1438 1017 ctionem
1464 980 1717 1031 peramanter
1730 973 2008 1033 impertimur.
2047 978 2195 1021 Datum
2219 989 2265 1022 us

213 1050 352 1091 corum
381 1039 467 1081 fore
501 1037 775 1088 existimemus(
795 1064 806 1078 ·
836 1038 923 1082 Has
950 1036 1089 1079 literas
1117 1033 1209 1079 Tibi
1257 1032 1409 1096 stapra.

970 1197 1538 1310 NoTA.

211 1433 292 1518 Α
305 1434 340 1470 D
353 1431 545 1470 memoriam
561 1451 574 1474 ‚
598 1443 673 1478 quae
687 1432 724 1467 Ρ.
738 1428 907 1468 Βεηεᾶῐέὶῖ
924 1429 1088 1466 enuntiati
1099 1427 1228 1465 nomini
1244 1426 1383 1464 debetur
1397 1449 1409 1468 ‚
1425 1429 1540 1476 plures
1553 1439 1757 1468 concurrunt
1770 1428 1912 1467 Ordinis
1921 1430 2129 1475 Provinciae,
2142 1425 2270 1468 Leodia'

327 1480 410 1515 enlis
426 1480 585 1517 videlicet
596 1501 609 1520 ,
637 1478 772 1522 Belgica
787 1502 800 1522 ‚
829 1479 990 1515 Rheuana
1003 1501 1016 1520 ‚
1040 1475 1250 1513 Colonienlis
1261 1500 1274 1518 ‚
1298 1477 1332 1512 8<
1350 1477 1533 1515 Helvetica
1551 1506 1560 1519 ‚
1577 1479 1610 1515 &
1626 1479 1748 1514 mutuo
1761 1479 1885 1514 collata
1898 1477 2033 1513 materie
2045 1478 2193 1515 formant
2214 1480 2268 1515 di-

209 1537 289 1571 gnae
302 1527 410 1565 laudis
422 1528 556 1564 initium
569 1551 578 1562 .
608 1526 794 1563 Leodienfis
809 1526 901 1561 suum
917 1537 962 1562 ex
973 1536 1051 1560 ortu
1064 1525 1255 1561 Concivem
1268 1525 1418 1560 celebrat
1435 1549 1447 1568 ,
1473 1525 1608 1569 Belgica
1622 1526 1720 1560 illum
1739 1526 1758 1559 a
1776 1524 1808 1559 se
1824 1524 1858 1559 in
1882 1525 1963 1560 S-P.
1975 1525 2152 1563 Franmisco
2167 1538 2265 1570 rege-

208 1575 316 1611 nitum
330 1577 474 1612 celebrat
494 1602 499 1612 .
530 1577 688 1611 Rhenana
703 1597 715 1617 ‚
741 1574 776 1610 8<
792 1573 1003 1612 Colonienlis
1019 1573 1145 1610 virtute
1158 1572 1250 1608 illius
1267 1596 1279 1614 ,
1302 1572 1420 1608 florem
1439 1572 1632 1609 Monasticae
1649 1571 1841 1617 Disciplina
1856 1572 1944 1606 haud
1961 1584 2078 1615 parurn
2095 1574 2266 1611 firmatum

207 1621 413 1659 confitentur
427 1646 438 1666 ‚
465 1623 498 1659 8<
511 1622 690 1659 Helvetica
702 1622 745 1657 ab
756 1634 799 1659 eo
815 1621 1014 1658 vilitationis
1029 1620 1207 1657 Generalis
1219 1620 1417 1655 beneficium
1438 1618 1496 1654 fibi
1511 1620 1699 1665 impensum
1718 1629 1907 1655 memorat.
1935 1620 2132 1658 AEstimavit
2147 1623 2181 1658 St
2196 1623 2267 1669 ipse

212 1669 480 1716 PontificiiSolii
495 1695 508 1715 ,
532 1671 565 1707 8<
581 1670 754 1707 Catholici
764 1671 870 1705 Orbis
882 1669 1024 1706 summus
1042 1668 1176 1703 Arbiter
1190 1667 1346 1707 Urbanus
1357 1666 1460 1709 Vlll.
1474 1666 1605 1704 altioris
1618 1666 1784 1712 sapientire
1795 1691 1806 1708 ‚
1821 1678 1889 1714 qua
1902 1667 2045 1710 claruit,
2072 1669 2237 1717 Spiritum
2247 1695 2266 1717 ³

208 1716 246 1752 ἃ
274 1717 407 1755 Litteris
434 1718 624 1756 pontificiis
646 1719 687 1752 ad
712 1717 845 1761 Regem
866 1715 1175 1753 Christianiliimum
1188 1738 1201 1756 ,
1229 1713 1399 1750 eleetores
1420 1713 1454 1748 δε
1475 1714 1664 1760 episcopos
1693 1714 1830 1760 imperii
1858 1714 1891 1749 in
1926 1715 2105 1754 subsidium
2131 1718 2266 1764 pericli-

205 1765 310 1802 tantis
323 1765 415 1802 Fidei
432 1769 515 1802 Eum
527 1765 702 1808 ablega-rit
742 1764 861 1802 Fabius
875 1763 1007 1799 Chilius
1016 1762 1084 1809 jam
1099 1772 1261 1807 tempore,
1272 1774 1343 1808 quo
1357 1762 1597 1806 Apostolicum
1610 1763 1652 1798 ad
1668 1763 1833 1800 Traklurn
1850 1763 2018 1799 inferioris
2032 1766 2143 1804 Rheni
2159 1767 2267 1803 Nun-

205 1811 294 1847 tium
308 1814 431 1855 agebat
446 1847 452 1851 ,
482 1814 618 1859 palmari
633 1811 748 1847 favore
767 1823 843 1846 eum
858 1813 1057 1855 complexus
1080 1810 1126 1846 est
1143 1837 1150 1849 ‚
1174 1810 1328 1858 huncque
1342 1811 1385 1845 ad
1406 1810 1617 1848 Pontificatt'i
1657 1812 1784 1856 apicem
1800 1811 1945 1847 eve-:stus
1960 1815 2142 1849 renovavit
2158 1839 2171 1858 ,
2183 1815 2266 1850 dum

203 1859 425 1895 Benedib'tum
455 1861 575 1896 Romae
596 1860 786 1907 praesentem
805 1883 817 1904 ‚
837 1860 871 1896 8<
900 1860 996 1894 illum
1017 1859 1165 1895 crebrius
1184 1859 1400 1894 accedentem
1423 1858 1577 1894 audivit.
1602 1860 1670 1894 Pro
1681 1859 1820 1907 joanne
1837 1859 1996 1906 Philippo
2022 1862 2177 1908 Principe
2192 1864 2268 1898 Ele.

207 1906 300 1947 stote
317 1907 543 1951 moguntino,
558 1908 850 1954 Archiepiscopale
866 1909 1010 1944 Pallium
1021 1907 1056 1953 ip
1102 1907 1221 1942 Romae
1235 1906 1420 1954 aceepit&
1439 1905 1478 1940 Ei
1495 1909 1528 1941 in
1538 1907 1661 1942 Choro
1676 1907 1955 1953 Metropolitanae
1969 1911 2175 1952 Moguntinae
2185 1922 2267 1953 conf

200 1953 276 1990 fusa
291 1954 422 1994 invidia
441 1955 601 2004 appendit
616 1981 625 1991 .
655 1956 770 2003 Hujus
780 1955 1006 2003 Suffraganeo
1019 1979 1029 1995 ,
1078 1965 1132 1989 um
1148 1955 1342 2000 Regularcs
1355 1954 1418 1990 suae
1433 1952 1625 1992 Viiitationi
1650 1956 1850 2002 apocrypho
1875 1955 1952 2003 jure
1972 1955 2135 2004 subjicere
2152 1966 2266 1999 tentas

204 2001 256 2037 vit
269 2025 283 2046 ,
305 2003 429 2040 restitit
456 2005 656 2040 Benedictus
669 2008 743 2041 zelo
757 2028 771 2047 ‚
796 2017 894 2052 quem
911 2003 1094 2039 modalium
1108 2004 1200 2049 aeque
1213 2016 1252 2039 ac
1264 2002 1384 2040 serium
1399 2001 1534 2038 Eleaor
1557 2004 1687 2048 stupuit
1703 2031 1711 2040 .

299 2051 493 2095 Spirituum
508 2053 702 2095 miseretur,
733 2054 812 2088 dum
831 2051 1012 2089 Abbatiffae
1026 2074 1038 2091 ,
1059 2050 1158 2097 cujus
1175 2051 1349 2099 praestigiis
1362 2050 1533 2086 Crucifixi
1547 2053 1665 2096 imago
1689 2051 1872 2098 aliquoties
1890 2053 2084 2097 sanguinem
2110 2054 2265 2094 stillare„

206 2096 278 2135 visa
290 2097 336 2133 est
349 2124 359 2139 ‚
382 2099 418 2135 &
431 2111 529 2147 quam
542 2101 693 2134 Colonia
709 2100 894 2136 saniffitatis
907 2100 992 2135 tama
1007 2099 1184 2134 honoravit
1195 2123 1207 2142 ‚
1233 2111 1353 2135 munus
1371 2099 1542 2144 Abbatiale
1555 2100 1729 2146 deponere
1738 2102 1871 2137 mandat
1885 2124 1896 2142 ‚
1924 2105 1955 2136 &
1967 2113 2011 2137 ex
2029 2102 2125 2140 furiis
2138 2104 2171 2140 8<
2185 2104 2233 2140 ira
2244 2129 2262 2150 ,

209 2157 277 2192 qua
285 2146 427 2182 obedire
440 2148 655 2192 tergiversata
668 2148 713 2184 est
732 2173 744 2190 ,
769 2149 879 2193 sagam
897 2159 969 2183 eam
981 2146 1136 2191 detegit,
1161 2158 1289 2183 eventu
1306 2147 1482 2183 veritatem
1502 2148 1688 2195 probante.
2168 2151 2172 2155 '
2261 2189 2264 2195 .

306 2195 515 2232 francofurti
527 2206 644 2231 contra
658 2195 689 2231 se
701 2197 904 2233 concitatum
916 2207 1028 2234 canem
1043 2205 1111 2229 non
1127 2194 1194 2230 line
1209 2195 1410 2231 intuentium
1427 2195 1561 2241 stupore
1575 2222 1585 2238 ,
1612 2196 1703 2232 facto
1718 2197 1810 2242 figno
1836 2198 1963 2234 Crucis
1982 2199 2189 2244 compescuit
2202 2228 2213 2243 ,
2228 2202 2266 2239 δι

207 2240 429 2278 paderbornae
442 2245 761 2288 Energumemorum
775 2245 956 2290 factionem
967 2266 980 2286 ‚
1006 2242 1132 2278 Ordini
1147 2243 1259 2281 nostro
1275 2248 1453 2280 minantem
1470 2267 1484 2287 ,
1508 2245 1543 2281 &
1557 2243 1718 2284 Virorum
1734 2247 1816 2281 alitis
1845 2246 1979 2290 piorum
2004 2246 2214 2292 suggestione
2229 2251 2264 2286 δε

206 2287 348 2326 consilio
361 2289 548 2335 suffultam,
575 2301 646 2326 tum
657 2292 795 2327 erudito
811 2295 942 2327 calamo
957 2292 972 2330 ζ
995 2300 1065 2326 ωσι
1081 2289 1236 2327 fervente
1250 2291 1405 2327 oratione
1420 2293 1590 2328 continuit
1603 2317 1612 2327 .
1643 2293 1769 2339 Lepide
1785 2293 1819 2327 in
1836 2293 2036 2329 Trevirenst
2051 2296 2266 2340 RRPl'Jeq

204 2335 365 2373 suitarum
382 2338 508 2375 Mulaeo
522 2340 595 2384 egit
607 2361 619 2382 ‚
644 2341 723 2375 dum
734 2341 822 2375 enim
834 2339 957 2377 callide
972 2349 1033 2385 pro
1050 2338 1262 2376 Dostoratsss
1277 2340 1408 2380 Laurea
1418 2341 1557 2385 quaeltio
1573 2351 1644 2376 erat
1658 2340 1809 2385 expolita
1827 2365 1839 2382 ,
1857 2353 1898 2375 an
1913 2341 1947 2376 iu
1963 2341 2092 2380 inferno
2104 2342 2185 2380 effer
2198 2346 2266 2387 Orq

206 2385 273 2432 do,
298 2386 332 2421 8t
348 2387 379 2421 in
394 2387 472 2423 casu
487 2411 500 2430 ,
525 2399 568 2423 an
587 2387 714 2428 Praelati
728 2386 789 2424 lint
804 2387 977 2424 vocitandi
992 2386 1126 2422 Priores
1145 2389 1199 2422 vel
1214 2386 1400 2424 Guardiani
1419 2389 1434 2421 ?
1460 2387 1577 2434 argute
1593 2387 1801 2427 Benedistus
1811 2390 1980 2430 Retstores
2003 2401 2063 2428 eos
2084 2392 2264 2430 nominano

204 2433 272 2470 dos
283 2433 392 2469 intulit
406 2457 420 2477 ‚
443 2435 477 2470 &
494 2447 539 2471 ex
554 2437 594 2471 D.
616 2436 724 2471 Paulo
739 2434 893 2474 firmavit
905 2459 918 2480 ,
939 2435 1094 2472 Retrores
1105 2433 1322 2472 tenebrarum
1334 2435 1455 2472 harum
1466 2460 1475 2469 .

252 2491 256 2496 ·
298 2483 430 2519 Animae
448 2483 694 2520 Defunctorum
706 2495 749 2520 ex
761 2480 873 2521 tenera
892 2485 1013 2529 pietate
1025 2508 1037 2526 ‚
1061 2484 1215 2528 quaillas
1229 2483 1363 2532 adjuvit
1375 2506 1388 2526 ‚
1404 2483 1521 2519 habuit
1538 2483 1596 2519 libi
1613 2483 1798 2520 familiares
1813 2506 1827 2527 ‚
1852 2485 1901 2521 ita
1919 2494 1958 2520 ut
1967 2485 2071 2523 ηοξὶυ
2084 2486 2203 2534 saepius
2215 2484 2260 2526 ad

205 2529 350 2575 januam
361 2532 452 2566 cellae
468 2532 660 2577 pulsarent,
686 2532 861 2576 &placide
881 2532 975 2569 illius
994 2530 1146 2575 suffragia
1172 2533 1359 2577 poscerent.
1387 2531 1594 2567 Custodiam
1621 2530 1884 2578 Weliphalicam
1900 2533 2040 2570 visitans
2066 2536 2100 2569 in
2125 2537 2257 2574 sedibus

203 2577 347 2614 Par‹:chi
360 2579 561 2621 pernoetans
570 2603 586 2624 ‚
609 2579 643 2615 8<
655 2580 764 2616 media
781 2579 878 2616 noEte
895 2582 939 2617 ad
957 2580 1213 2625 persolvendum
1244 2581 1380 2627 pensum
1397 2578 1604 2617 Matutinum
1615 2580 1732 2615 cubitu
1749 2579 1885 2624 surgens
1899 2606 1914 2624 ,
1938 2581 2083 2621 faculam
2108 2582 2143 2619 in
2163 2586 2255 2621 atrio

202 2625 340 2662 Dosz
353 2626 584 2665 scintillantem
604 2628 774 2672 advertit,
797 2630 833 2665 &
851 2629 932 2665 dum
946 2629 1110 2675 Spiritum
1133 2628 1190 2663 sua
1213 2641 1278 2675 ope
1294 2627 1446 2674 indigum
1461 2628 1521 2662 sub
1541 2640 1580 2667 ea
1597 2629 1695 2663 latere
1709 2626 1920 2673 suspicatur,
1946 2631 2000 2666 hic
2018 2630 2196 2677 quaelitus,
2222 2633 2256 2670 se

203 2671 345 2707 Parochi
358 2675 520 2711 Sororem
532 2700 544 2719 ,
570 2676 644 2723 post
657 2677 818 2713 incestum
828 2677 970 2714 occisam
983 2677 1103 2712 fatetur
1116 2699 1129 2719 ,
1154 2677 1188 2711 8<
1203 2688 1330 2724 corpus
1345 2676 1541 2721 pavimento
1553 2676 1626 2711 atrii
1640 2675 1832 2712 comestum
1847 2678 2034 2714 benedie'tae
2052 2689 2147 2715 terrae
2160 2693 2257 2721 man-

204 2717 294 2774 dari,
307 2718 433 2765 {ibique
443 2723 487 2757 ad
511 2724 648 2759 &Aras
662 2725 830 2770 parentari
842 2734 958 2770 rogat.
985 2724 1082 2759 Vota
1096 2725 1232 2761 Sororis
1243 2722 1447 2764 Benediftus
1463 2722 1517 2765 pie
1529 2723 1707 2769 exequitur
1720 2747 1733 2766 ,
1757 2729 1790 2759 δι
1807 2725 1954 2760 Fratrem
1970 2729 2158 2763 Parochum
2176 2730 2254 2775 Spi-

202 2776 273 2801 ritu
285 2768 556 2811 compunaionis
568 2772 746 2807 ialubriter
762 2774 908 2819 replevit
925 2799 928 2802 -
959 2774 995 2809 ln
1012 2774 1202 2810 Daemones
1215 2773 1335 2808 mirum
1356 2771 1506 2806 exercuit
1528 2771 1706 2817 imperium
1722 2795 1734 2813 ‚
1758 2773 1791 2808 &
1813 2771 1882 2806 dire
1898 2783 1959 2807 eos
1975 2774 2171 2809 exorcismis
2188 2786 2258 2814 rot-2

201 2812 240 2848 stt
258 2837 268 2848 .
298 2813 476 2851 vexerunt
489 2817 524 2852 8<
540 2816 574 2851 hi
590 2817 680 2853 varie
695 2819 911 2855 Benedietum
938 2820 1035 2856 minis
1049 2843 1062 2863 ‚
1085 2820 1209 2867 quibus
1223 2824 1256 2857 &
1275 2820 1414 2855 verbera
1440 2820 1554 2853 addita
1572 2820 1640 2853 fore
1654 2818 1862 2858 fatebantur,
1890 2819 1950 2851 nili
1966 2819 2121 2858 recitatio
2134 2823 2259 2871 Officij,

202 2861 374 2916 Matiani,
399 2863 440 2899 ab
458 2863 523 2898 illo
539 2875 718 2908 nunquam
733 2866 848 2900 omiss'a
865 2889 884 2901 .-
899 2878 958 2902 eos
984 2866 1236 2911 impedivisset.
1260 2867 1407 2902 Cursum
1431 2865 1645 2903 Vifitationis
1666 2864 1861 2905 Helveticae
1879 2866 1961 2904 dum
1978 2868 2123 2905 necdum
2140 2872 2253 2918 exple-

203 2920 256 2946 vit
266 2933 278 2952 ‚
297 2909 428 2948 cursum
446 2911 525 2950 vita
546 2921 600 2957 ¹5·
618 2911 1077 2951 Februarii1660.1,ucemae
1099 2914 1362 2952 consummavit.
2214 2915 2216 2918 ⁴

2108 3815 2204 3857 DE·
