2658 4256
863 178 1527 297 ‘Apoffolicm

212 308 343 344 euram
357 299 616 354 Animarum,
650 304 690 344 δε
710 302 847 345 omnia
870 301 974 360 juria
990 306 1205 348 Parochia·

2100 218 2203 299 23

1267 305 1396 348 nostra
1414 306 1468 349 de
1492 317 1571 346 non
1585 306 1854 350 concedendis
1868 307 2142 366 Indulgentiis
2160 317 2270 358 adin.¹

211 354 261 400 lia
297 355 567 403 administrant
601 389 612 401 .
644 363 698 403 Et
730 374 805 416 pro
841 363 970 415 gratia
997 390 1012 413 ,
1053 377 1208 419 quam..
1265 365 1342 406 star
1369 393 1384 414 ‚
1420 361 1662 417 coeterisque
1697 367 1914 408 contrariis
1946 367 2269 425 quibuscunque.

204 407 318 461 >Deus
340 415 420 458 &c-

340 531 623 603 Sqnllissimus
648 540 791 586 annuit
821 535 919 586 'Die
953 546 1033 586 26.
1062 534 1206 606 Mens:

614 602 831 657 Novemb.
869 624 956 666 172
966 609 1013 656 8.

310 745 443 787 Locus
469 741 598 796 Sigilli
615 770 626 783 .

633 856 699 907 N.
731 858 856 909 Card.
891 861 1062 928 qucia.

252 991 300 1030 ln
325 986 482 1042 Regesto
507 988 651 1028 sum.
665 985 959 1029 Memoriaiium
971 1001 987 1027 ’.

190 1222 246 1270 In
276 1220 409 1269 anis
432 1217 735 1276 Miffionum',
759 1221 806 1269 in
835 1218 997 1286 quibus
1022 1224 1201 1269 Fratres

256 1287 479 1339 Ecclefias
502 1291 705 1356 proprias
729 1306 818 1339 non
838 1288 1000 1339 habent
1012 1324 1028 1348 ,
1045 1290 1202 1339 Indul-

252 1361 429 1476 {entias
461 1359 687 1418 Ordinis,
734 1358 1018 1409 saecularibus
1049 1360 1203 1408 Eccle-

270 1440 325 1476 1is
352 1442 690 1478 communicat.

187 1556 738 1613 BENEDICTUS
789 1558 1002 1609 PAPA
1055 1558 1200 1607 XIV.

380 1694 645 1753 Adfaturam
669 1701 730 1740 ret·
752 1700 976 1740 memoriam
991 1726 1002 1738 .

305 1812 471 1856 AElestes
497 1812 683 1856 Ecclefiae
705 1813 958 1865 Thesauros,
983 1828 1194 1868 quorum-‚o

316 1869 648 1927 dispensationem
661 1872 773 1915 Fidei
788 1874 923 1915 nostrae
935 1873 1113 1915 eredidit
1125 1872 1195 1915 Al·-

183 1932 346 1974 tiffimus
361 1959 376 1983 ,
405 1929 452 1972 iis
474 1930 712 1984 potiffimum
728 1930 1065 1974 christifidelibus
1077 1960 1093 1983 ‚
1106 1931 1197 1988 qui-

183 1990 258 2032 bus
299 1989 578 2046 opportunitas
605 2018 620 2040 ‚
649 1991 689 2031 &
712 1989 976 2034 commodum
1003 1989 1198 2033 Ecciefia-

184 2062 274 2091 rum
300 2076 316 2099 ‚
345 2048 683 2104 quemadmodum
716 2049 810 2091 alibi
838 2049 1036 2102 reperitur
1059 2077 1074 2098 ‚
1119 2061 1196 2090 non

186 2106 267 2157 est,
297 2106 470 2148 libenter
501 2118 739 2160 erogamus.
773 2106 887 2149 Alias
903 2105 1092 2161 siquidem
1126 2104 1196 2148 fel.

186 2163 347 2207 record.
376 2163 559 2207 Urbanus
586 2166 664 2208 PP.
682 2165 805 2207 Vnt.
835 2163 1102 2207 Praedeceffor
1127 2179 1197 2206 no-

187 2223 264 2265 ster
292 2221 342 2264 ad
359 2220 690 2275 supplicationem
717 2232 813 2264 tunc
829 2223 1079 2265 existentium
1097 2225 1196 2264 Pro·

187 2280 429 2331 vincialis,&
442 2280 627 2322 Fratrum
639 2279 803 2322 Ordinis
819 2281 1022 2324 Minorum
1037 2283 1203 2324 S.Fran-

186 2337 279 2382 cisci
305 2338 605 2393 Capucinorum
626 2348 967 2395 nuncupatorum,
979 2340 1201 2382 Provinciae

186 2397 426 2446 Helveticae,
441 2394 522 2437 suas
537 2397 576 2438 in
594 2395 707 2438 fimili
733 2396 859 2439 forma
880 2398 1016 2440 Brevis
1043 2397 1200 2439 litteras

187 2454 304 2498 dedit
330 2455 484 2497 tenoris
500 2481 514 2502 a
537 2455 608 2511 qui
628 2456 808 2511 sequitur
831 2471 888 2497 =
918 2456 1106 2500 Urbanus
1125 2459 1200 2498 Pa-

183 2527 235 2570 pt
253 2515 376 2557 vui.
402 2512 573 2555 Dileffis
602 2513 714 2555 Filiis
732 2514 976 2558 Provinciali
992 2544 1008 2567 ‚
1037 2517 1078 2556 &
1101 2517 1199 2556 Fra-

182 2573 314 2615 tribus
327 2570 493 2614 Ordinis
517 2572 724 2615 Minorum
756 2572 887 2625 Sancti
902 2573 1099 2616 Francisci
1116 2575 1198 2616 Ca·

182 2631 423 2685 pucinorum
453 2640 792 2684 nuncupatorum,
806 2632 1031 2674 Provinciae
1044 2631 1200 2674 Helve-

182 2689 287 2739 ticae‚
300 2688 465 2731 salutem
478 2715 494 2738 ·,
512 2690 549 2729 Sc
567 2690 840 2744 Apostolicam
855 2689 1195 2733 Benedieiionem.

181 2745 249 2787 Ad
276 2745 500 2800 augendam
529 2746 700 2789 vestram
723 2748 1014 2803 Religionem,
1045 2749 1197 2790 &Ani-

182 2816 338 2846 marum
363 2802 530 2845 salutem
543 2805 772 2847 Caelestibus
790 2806 974 2848 Ecclefiae
998 2805 1196 2850 thesauris

182 2862 248 2918 pia
263 2859 465 2902 charitate
481 2859 657 2909 intenti,
687 2864 811 2904 Vobis
827 2863 1012 2906 omnibus
1027 2893 1043 2914 ,
1067 2867 1107 2906 δι.
1120 2864 1196 2906 sin·

183 2919 286 2976 gulis
302 2917 396 2961 vere
411 2916 702 2972 poenitentibus
716 2919 753 2958 ὃς
767 2918 949 2960 confeffis
961 2948 976 2970 ,
1008 2936 1052 2962 ac
1076 2926 1196 2964 Sacra

184 2976 486 3020 communione
502 2973 686 3025 refectis,
711 2975 777 3029 qui
792 2975 967 3030 aliquam
990 2990 1039 3018 ex
1056 2978 1198 3018 Eccle-

183 3037 247 3077 siis
270 3033 769 3084 Saecularium,Provinciae
792 3033 1008 3086 praedictat,
1038 3033 1198 3088 inqua,

185 3097 254 3138 seu
272 3093 418 3149 quibus
433 3105 508 3146 per
525 3105 595 3132 vos
614 3091 759 3133 Divina
773 3090 913 3132 Officia
928 3120 942 3142 ,
974 3095 1035 3136 seu
1055 3090 1198 3133 Eccle-

184 3152 331 3196 siastica
346 3154 608 3192 Sacramenta
622 3149 1116 3201 administrantur‚devote
1140 3149 1195 3191 vi·

184 3210 432 3258 sitaveritis,
459 3209 499 3250 &
525 3207 579 3249 ibi
605 3222 680 3263 pro
705 3208 1023 3250 Christianorum
1046 3207 1198 3250 Princi-

185 3281 281 3325 pum
306 3266 528 3309 concordia
546 3294 561 3316 ,
593 3267 782 3308 haeresum
818 3265 1087 3321 extirpatione
1116 3294 1131 3316 ‚
1158 3267 1200 3306 δε

186 3329 335 3369 Sanssae
363 3324 512 3370 Matris
536 3324 722 3366 Ecclesia:
749 3324 998 3366 exaltatione
1037 3326 1120 3378 pias
1146 3323 1196 3366 ad

188 3388 323 3428 Deum
345 3397 487 3439 preces
510 3382 736 3425 effuderitis
757 3410 772 3432 ,
800 3392 844 3425 ut
867 3396 934 3424 eas
959 3396 1122 3432 omncs,
1156 3383 1197 3422 δε

189 3442 356 3498 singulas
374 3441 675 3497 indulgentia,
707 3443 748 3482 δι
774 3451 1031 3495 peccatorum
1061 3436 1196 3483 remis·-

190 3501 314 3542 siones
327 3528 342 3551 ‚
365 3503 411 3542 ac
427 3501 756 3554 poenitentiarum
775 3499 1043 3542 relaxationes
1057 3497 1194 3541 conse-

193 3559 363 3614 quamini
394 3589 407 3609 ,
443 3572 539 3613 quas
569 3558 944 3613 consequeremini,
970 3557 994 3598 si
1023 3557 1193 3612 aliquam

191 3632 240 3659 cx
266 3618 437 3672 propriis
456 3616 645 3659 Ecclefiis
669 3616 802 3659 vestra:
817 3616 1043 3670 Religionis
1060 3614 1193 3670 perso-

191 3675 334 3716 naliter
353 3702 367 3724 ,
393 3675 593 3717 &devote
615 3674 838 3718 visitaretis
855 3673 1193 3726 ,misericorditer

188 3736 228 3776 in
252 3735 424 3775 Domino
442 3734 696 3778 concedimus
712 3761 726 3784 ‚
755 3748 832 3776 non
859 3732 1010 3775 obstan.
1035 3730 1191 3787 Regula

1269 422 1526 465 Praesentibus
1541 448 1556 471 ,
1582 421 1783 476 postquam
1798 426 1979 479 proprias
1999 425 2200 468 Ecclefias
2231 432 2269 471 in

1266 478 1411 522 eisdem
1427 479 1758 522 vestrisDomibus
1776 482 2179 533 habueritis‚minime
2202 499 2271 527 va-

1264 538 1424 580 lituris.
1457 540 1609 579 Datum
1636 538 1775 578 Romae
1796 540 1898 592 apud
1926 543 1966 583 S.
1981 541 2152 583 Mariam
2180 545 2269 583 Ma-

1260 595 1389 651 jorem
1428 594 1498 636 sub
1525 593 1690 636 Annulo
1723 593 1934 639 Piscatoris
1976 600 2054 641 Die
2071 613 2164 640 xxx.
2183 601 2270 641 Au—

1261 652 1359 707 gusti
1383 668 1417 695 M
1432 667 1494 694 Dc
1509 665 1601 694 xxx
1619 664 1631 693 ι
1655 665 1696 694 v.
1724 651 1989 698 Pontificati‘is
2009 656 2133 699 nosti-i
2148 660 2270 698 Anno

1261 710 1505 754 duodecimo
1526 739 1537 751 .
1570 725 1625 750 ..τ
1658 711 1715 751 Μ.
1743 711 1794 750 Α.
1821 714 2040 756 Maraldus.
2070 730 2126 756 =
2155 718 2271 770 Qio-

1257 768 1367 810 niam
1381 777 1518 810 autem
1532 782 1659 822 nuper
1681 781 1759 823 pro
1774 780 1889 822 parte
1906 772 2041 814 diieffl
2057 774 2152 815 Pilii
2172 777 2271 815 Pro·

1257 826 1457 867 curatoris
1471 825 1686 868 Generalis
1707 854 1722 875 ‚
1750 825 1924 881 ejusdem
1950 831 2111 872 Ordinis
2135 861 2152 883 ‚
2182 834 2269 872 No-

1260 883 1318 925 bis
1345 882 1611 938 supplicatum
1639 883 1716 924 fuit
1733 909 1748 930 ,
1783 894 1827 925 ut
1851 886 2052 928 indultum
2080 902 2151 941 per
2172 902 2271 942 prae-

1258 941 1425 982 insertas
1450 942 1602 982 Urbani
1631 942 1931 985 Praedecessoris
1971 945 2141 999 praedicti
2184 947 2270 987 Lit-

1257 1009 1367 1042 teras
1383 999 1585 1040 Fratribus
1609 997 1834 1054 hujusmodi
1855 1002 1895 1043 in
1925 1004 2136 1045 Provincia
2167 1004 2272 1045 Hel·-

1260 1058 1393 1100 vetica
1405 1058 1602 1100 duntaxat
1615 1057 1855 1112 degentibus
1866 1058 2091 1102 concessum
2107 1075 2189 1102 non
2209 1061 2270 1102 so-

1263 1116 1344 1157 lum
1362 1115 1413 1158 ad
1425 1117 1592 1158 Fratres
1609 1129 1748 1160 omnes
1763 1115 1938 1173 ejusdem
1952 1118 2115 1159 Ordinis
2127 1146 2140 1169 ,
2151 1119 2270 1175 quiin

1261 1174 1486 1216 Provinciis
1506 1175 1624 1217 Ultra
1641 1184 1800 1217 montes
1818 1186 2114 1218 commorantes
2128 1180 2272 1218 Sacro·

1261 1246 1352 1275 rum
1363 1233 1648 1287 Operatiorum
1665 1233 2086 1291 Miffionariorumque
2101 1233 2270 1277 funetio·

1261 1305 1361 1341 nes,
1385 1289 1542 1338 officia,
1567 1293 1607 1334 δι
1631 1292 1706 1336 alia
1732 1292 1892 1347 pietatis
1908 1306 2028 1350 opera
2048 1303 2272 1349 peragunt3

1264 1351 1402 1392 verum
1417 1349 1538 1392 etiam
1559 1351 1610 1392 ad
1638 1365 1708 1393 eos
1722 1350 1924 1407 utriusque
1939 1349 2049 1394 sextis
2067 1350 2271 1401 Christifi·⁴

1261 1409 1376 1451 deles
1394 1436 1409 1458 ‚
1440 1408 1508 1462 qui
1537 1408 1676 1451 iisdem
1701 1410 1996 1461 functionibus,
2023 1409 2165 1451 officiis
2181 1437 2195 1460 ,
2229 1412 2268 1450 &

1262 1466 1421 1523 pietatis
1448 1467 1637 1520 operibus
1664 1481 1736 1520 per
1757 1466 1885 1507 dietas
1899 1467 2131 1509 Provincias
2161 1468 2269 1510 ultra

1262 1529 1427 1568 Montes
1455 1524 1507 1563 ab
1532 1523 1621 1575 ipfis
1647 1524 1851 1564 Fratribus
1879 1522 1964 1565 fieri
1989 1522 2114 1565 solitis
2142 1525 2270 1567 inter-⁶

1262 1583 1349 1624 sunt
1364 1608 1380 1629 ,
1411 1580 1660 1628 extendere,
1678 1583 1717 1622 &
1732 1582 1782 1622 de
1799 1581 2049 1636 benignitate
2062 1584 2270 1636 Apostoli-

1262 1654 1309 1681 ca
1339 1637 1560 1680 concedere
1591 1638 1852 1694 dignaremur
1875 1668 1886 1680 .
1920 1644 2008 1683 Nos
2039 1641 2164 1696 igitur
2194 1642 2271 1696 piis

1260 1696 1935 1754 ejusdemProcuratorisGeneralis
1952 1699 2267 1755 votis,quantiim

1258 1770 1350 1799 cum
1366 1755 1543 1796 Domino
1556 1753 1752 1810 possumus
1771 1786 1785 1807 .,
1813 1757 1985 1812 benigne
2007 1771 2180 1801 annuere
2203 1772 2270 1804 νο,

1254 1816 1383 1859 lentes
1396 1840 1410 1861 ‚
1423 1827 1594 1868 eumque
1606 1814 1626 1855 a
1640 1817 1763 1870 quibu
1779 1813 1856 1858 svis
1873 1818 2271 1859 Excommunicatio-

1257 1874 1316 1917 nis
1330 1901 1344 1923 ‚
1371 1869 1624 1926 suspenfionis
1639 1903 1655 1923 ‚
1685 1875 1724 1914 &
1748 1874 1954 1916 interdiffiii
1974 1902 1988 1924 ‚
2007 1874 2172 1930 aliisque
2189 1879 2267 1917 Ec·

1258 1930 1480 1976 clefiasticis
1495 1929 1700 1974 sententiis
1715 1961 1728 1982 ,
1743 1931 1939 1984 censuris,
1955 1934 1992 1973 &
2009 1935 2137 1987 poenis
2160 1936 2180 1976 a
2196 1933 2264 1989 ju-

1259 2006 1301 2033 re
1314 2016 1329 2038 ,
1343 1989 1408 2031 vel
1426 1990 1473 2031 ab
1489 1989 1665 2040 homine,
1678 1991 1814 2046 quavis
1830 1991 2034 2034 occasione
2047 2018 2062 2040 ‚
2085 1991 2152 2034 vel
2170 2000 2265 2033 caua

1257 2049 1294 2093 sa
1320 2047 1411 2090 latis
1432 2075 1447 2099 ,
1486 2046 1510 2088 si
1537 2050 1678 2102 quibus
1705 2049 2014 2105 quomodolibet
2046 2050 2262 2093 innodatus

1257 2105 1386 2151 existit
1404 2135 1418 2157 ‚
1443 2105 1493 2146 ad
1511 2105 1692 2148 effectum
1711 2108 1961 2159 praesentium
1991 2110 2147 2150 tantum
2171 2123 2267 2149 con-

1257 2164 1504 2220 sequendum
1516 2193 1532 2215 ,
1558 2167 1697 2207 harum
1723 2164 1823 2209 serie
1839 2167 2091 2210 absolventes
2105 2193 2120 2215 ‚
2142 2168 2183 2208 δι
2197 2167 2268 2208 ab·-

1263 2225 1438 2266 solutum
1455 2223 1542 2266 fore
1556 2222 1765 2268 censentes
1784 2251 1798 2274 ‚
1821 2223 2178 2279 supplicationibus
2194 2225 2268 2265 hu-

1261 2281 1431 2338 jusmodi
1449 2282 1660 2333 inclinati,
1676 2282 1950 2338 praeinsertum
1967 2281 2191 2337 hujusmodi
2211 2282 2269 2322 in-

1261 2340 1421 2382 dultum
1437 2341 1590 2384 Urbani
1610 2337 1905 2384 praedecessoris
1923 2341 2094 2396 praediffl
2111 2340 2181 2382 sub
2200 2338 2269 2396 Μ’-μ

1261 2401 1354 2443 dem
1374 2399 1495 2441 modo
1507 2426 1521 2450 ‚
1537 2401 1577 2441 &
1591 2396 1721 2441 forma
1738 2408 1820 2442 tam
1842 2399 1891 2442 ad
1910 2408 2152 2441 memoratos
2169 2400 2267 2440 Fra-

1260 2467 1368 2506 tres,
1388 2459 1506 2513 quam
1533 2459 1583 2499 ad
1610 2457 1811 2514 utriusque
1839 2455 1953 2499 sexfis
1972 2455 2263 2499 Christifideies

1258 2518 1299 2559 in
1320 2515 1547 2558 Provinciis
1575 2516 1683 2558 ultra
1709 2520 1870 2559 Montes
1895 2514 2089 2570 praediffis
2115 2515 2267 2570 degen-¹

1260 2585 1321 2617 tes
1340 2602 1353 2625 ,
1383 2573 1604 2617 dummodo
1629 2573 1815 2630 praemiffa
1847 2575 1980 2617 omnia
2005 2576 2265 2629 peregerint,

1259 2632 1513 2676 extendimus
1524 2661 1539 2685 ,
1556 2632 1770 2689 iisdemque
1783 2632 2040 2676 concedimus
2055 2662 2064 2673 .
2082 2636 2176 2675 Non
2191 2633 2268 2673 ob-

1258 2690 1451 2736 stantibus
1476 2690 1630 2745 Regula
1643 2692 1906 2734 Cancellariae
1921 2691 2057 2733 nostrae
2070 2688 2267 2746 Apostoli—

1256 2765 1311 2792 cae
1327 2751 1380 2792 de
1396 2763 1474 2792 non
1491 2750 1761 2796 concedendis
1780 2748 2042 2803 Indulgentiis
2059 2747 2232 2789 adinstar
2246 2776 2264 2801 ,

1257 2806 1486 2863 caterisque
1499 2809 1712 2850 contrariis
1735 2806 2059 2861 quibuscunque.
2091 2804 2265 2848 Praeseni

1257 2867 1388 2914 tibus,
1402 2866 1605 2921 postquam
1620 2867 1781 2906 Fratres
1795 2861 1968 2916 praedie‘ti
1983 2864 2163 2916 proprias
2182 2866 2261 2906 Ec-

1257 2924 1391 2966 ctesias
1415 2927 1453 2964 in
1483 2922 1675 2964 Domibus
1700 2919 1774 2960 suis
1798 2933 2137 2977 quarumcumque
2156 2925 2263 2978 Pro*⁴

1259 2981 1476 3021 vinciarum
1503 2978 1608 3020 ultra
1636 2981 1797 3022 Montes
1822 2979 2069 3030 habuerint,
2096 2979 2264 3034 minime

1259 3035 1443 3077 valituris
1459 3063 1471 3075 .
2258 3032 2264 3035 ’

1321 3096 1471 3135 Datum
1496 3095 1637 3137 Romae
1667 3093 1773 3151 apud
1805 3096 1848 3138 S.
1874 3093 2039 3137 Mariam
2069 3094 2262 3152 Maiorem

1257 3150 1325 3193 sub
1351 3151 1513 3194 Annulo
1549 3153 1759 3196 Piscatoris
1782 3179 1796 3202 ‚
1832 3154 1908 3194 Die
1933 3165 1958 3192 x
1979 3165 1992 3192 ι
2012 3168 2054 3197 ν.
2090 3155 2264 3197 Februa-

1258 3209 1306 3252 rii
1342 3224 1375 3251 M
1393 3226 1423 3252 n
1438 3224 1460 3251 c
1474 3224 1495 3251 c
1513 3224 1535 3252 x
1551 3226 1572 3252 1.
1593 3223 1607 3255 1
1636 3225 1668 3255 ι.
1709 3209 1971 3257 pontificatus
2014 3211 2132 3265 nostri
2176 3216 2262 3266 An-

1258 3282 1311 3312 no
1334 3265 1512 3311 secundo
1531 3297 1543 3309 .

1669 3387 1722 3427 D.
1748 3383 1876 3429 Card.
1900 3382 2122 3430 Passioneus
2135 3415 2146 3425 -

1313 3502 1433 3544 Breve
1449 3500 1674 3558 firmatum
1698 3503 1740 3542 in
1754 3500 1922 3544 Archivo
1938 3504 2122 3545 Gener-ali
2143 3503 2258 3546 ordi·

1368 3561 1427 3601 nis
1452 3563 1641 3603 Armario
1670 3558 1818 3611 Bullae,
1846 3560 1985 3609 Brevia
2002 3562 2103 3602 &c..

2107 3793 2208 3834 Om-
