<?xml version="1.0" encoding="UTF-8"?>
<!DOCTYPE html PUBLIC "-//W3C//DTD XHTML 1.0 Transitional//EN"
    "http://www.w3.org/TR/xhtml1/DTD/xhtml1-transitional.dtd">
<html xmlns="http://www.w3.org/1999/xhtml" xml:lang="en" lang="en">
 <head>
  <title>
</title>
<meta http-equiv="Content-Type" content="text/html;charset=utf-8" />
  <meta name='ocr-system' content='tesseract 3.04.00' />
  <meta name='ocr-capabilities' content='ocr_page ocr_carea ocr_par ocr_line ocrx_word'/>
</head>
<body>
  <div class='ocr_page' id='page_1' title='image "./bullariumordinis04cath_0358.png"; bbox 0 0 2638 4204; ppageno 0'>
   <div class='ocr_carea' id='block_1_1' title="bbox 457 221 629 312">
    <p class='ocr_par' dir='ltr' id='par_1_1' title="bbox 457 221 629 312">
     <span class='ocr_line' id='line_1_1' title="bbox 457 221 629 312; baseline -0.017 0"><span class='ocrx_word' id='word_1_1' title='bbox 457 221 629 312; x_wconf 86' lang='lat'>330</span> 
     </span>
    </p>
   </div>
   <div class='ocr_carea' id='block_1_2' title="bbox 390 327 1415 683">
    <p class='ocr_par' dir='ltr' id='par_1_2' title="bbox 390 327 1415 459">
     <span class='ocr_line' id='line_1_2' title="bbox 390 327 1415 401; baseline -0.016 -11"><span class='ocrx_word' id='word_1_2' title='bbox 390 339 480 390; x_wconf 87' lang='lat' dir='ltr'>Pro</span> <span class='ocrx_word' id='word_1_3' title='bbox 522 334 772 387; x_wconf 72' lang='lat' dir='ltr'>Catholicae</span> <span class='ocrx_word' id='word_1_4' title='bbox 837 328 1084 401; x_wconf 74' lang='lat' dir='ltr'>Religionis</span> <span class='ocrx_word' id='word_1_5' title='bbox 1137 327 1415 374; x_wconf 87' lang='lat' dir='ltr'>incremento</span> 
     </span>
     <span class='ocr_line' id='line_1_3' title="bbox 469 397 1412 459; baseline -0.016 -1"><span class='ocrx_word' id='word_1_6' title='bbox 469 413 674 459; x_wconf 86' lang='lat' dir='ltr'>Domum</span> <span class='ocrx_word' id='word_1_7' title='bbox 692 401 927 453; x_wconf 84' lang='lat' dir='ltr'>Fratribus</span> <span class='ocrx_word' id='word_1_8' title='bbox 945 398 1200 454; x_wconf 84' lang='lat' dir='ltr'>nostris‚vel</span> <span class='ocrx_word' id='word_1_9' title='bbox 1216 397 1312 444; x_wconf 82' lang='lat' dir='ltr'>aliis</span> <span class='ocrx_word' id='word_1_10' title='bbox 1327 399 1412 445; x_wconf 89' lang='lat' dir='ltr'>Re-</span> 
     </span>
    </p>

    <p class='ocr_par' dir='ltr' id='par_1_3' title="bbox 417 469 1407 683">
     <span class='ocr_line' id='line_1_4' title="bbox 417 469 1407 548; baseline -0.017 -18"><span class='ocrx_word' id='word_1_11' title='bbox 417 484 422 488; x_wconf 83' lang='lat'><em>&#39;</em></span> <span class='ocrx_word' id='word_1_12' title='bbox 465 476 633 548; x_wconf 85' lang='lat' dir='ltr'>ligiofis</span> <span class='ocrx_word' id='word_1_13' title='bbox 672 470 949 522; x_wconf 83' lang='lat' dir='ltr'>Reformatis</span> <span class='ocrx_word' id='word_1_14' title='bbox 969 475 1012 518; x_wconf 89' lang='lat' dir='ltr'>in</span> <span class='ocrx_word' id='word_1_15' title='bbox 1032 469 1240 519; x_wconf 88' lang='lat' dir='ltr'>Civitate</span> <span class='ocrx_word' id='word_1_16' title='bbox 1268 470 1407 515; x_wconf 80' lang='lat' dir='ltr'>Fran-</span> 
     </span>
     <span class='ocr_line' id='line_1_5' title="bbox 466 536 1407 603; baseline -0.014 -4"><span class='ocrx_word' id='word_1_17' title='bbox 466 545 633 598; x_wconf 86' lang='lat' dir='ltr'>cofurti</span> <span class='ocrx_word' id='word_1_18' title='bbox 683 543 879 592; x_wconf 87' lang='lat' dir='ltr'>construi</span> <span class='ocrx_word' id='word_1_19' title='bbox 910 578 925 601; x_wconf 92' lang='lat'><strong>,</strong></span> <span class='ocrx_word' id='word_1_20' title='bbox 973 536 1328 603; x_wconf 86' lang='lat' dir='ltr'>Arcbiepiscopo</span> <span class='ocrx_word' id='word_1_21' title='bbox 1361 550 1407 586; x_wconf 88' lang='lat' dir='ltr'>et</span> 
     </span>
     <span class='ocr_line' id='line_1_6' title="bbox 466 608 1339 683; baseline -0.016 -14"><span class='ocrx_word' id='word_1_22' title='bbox 466 616 669 669; x_wconf 66' lang='lat' dir='ltr'>electori</span> <span class='ocrx_word' id='word_1_23' title='bbox 690 616 974 683; x_wconf 85' lang='lat' dir='ltr'>Moguntino</span> <span class='ocrx_word' id='word_1_24' title='bbox 1010 608 1305 660; x_wconf 84' lang='lat' dir='ltr'>commendat</span> <span class='ocrx_word' id='word_1_25' title='bbox 1325 642 1339 656; x_wconf 93' lang='lat'><strong>.</strong></span> 
     </span>
    </p>
   </div>
   <div class='ocr_carea' id='block_1_3' title="bbox 405 807 1416 985">
    <p class='ocr_par' dir='ltr' id='par_1_4' title="bbox 405 807 1416 985">
     <span class='ocr_line' id='line_1_7' title="bbox 405 807 1416 869; baseline -0.01 -11"><span class='ocrx_word' id='word_1_26' title='bbox 405 818 440 861; x_wconf 81' lang='grc' dir='ltr'><strong>Α</strong></span> <span class='ocrx_word' id='word_1_27' title='bbox 454 823 600 869; x_wconf 85' lang='lat' dir='ltr'>tergo:</span> <span class='ocrx_word' id='word_1_28' title='bbox 639 810 861 853; x_wconf 72' lang='lat' dir='ltr'>Venerabili</span> <span class='ocrx_word' id='word_1_29' title='bbox 879 809 1031 858; x_wconf 81' lang='lat' dir='ltr'>Fratri,</span> <span class='ocrx_word' id='word_1_30' title='bbox 1047 809 1199 864; x_wconf 67' lang='lat' dir='ltr'>Joanni</span> <span class='ocrx_word' id='word_1_31' title='bbox 1216 807 1416 860; x_wconf 74' lang='lat' dir='ltr'>svicardo,</span> 
     </span>
     <span class='ocr_line' id='line_1_8' title="bbox 515 869 1291 927; baseline -0.006 -13"><span class='ocrx_word' id='word_1_32' title='bbox 515 869 810 927; x_wconf 74' lang='lat' dir='ltr'>Archiepssopo</span> <span class='ocrx_word' id='word_1_33' title='bbox 838 872 1075 924; x_wconf 82' lang='lat' dir='ltr'>Moguntino</span> <span class='ocrx_word' id='word_1_34' title='bbox 1089 896 1103 919; x_wconf 84' lang='lat'>‚</span> <span class='ocrx_word' id='word_1_35' title='bbox 1133 870 1174 909; x_wconf 77' lang='lat'>5.</span> <span class='ocrx_word' id='word_1_36' title='bbox 1189 870 1238 910; x_wconf 88' lang='lat' dir='ltr'>R.</span> <span class='ocrx_word' id='word_1_37' title='bbox 1258 870 1291 910; x_wconf 91' lang='lat' dir='ltr'>l.</span> 
     </span>
     <span class='ocr_line' id='line_1_9' title="bbox 721 926 1104 985; baseline -0.005 -15"><span class='ocrx_word' id='word_1_38' title='bbox 721 932 895 985; x_wconf 73' lang='lat' dir='ltr'>Princt&#39;ps‘</span> <span class='ocrx_word' id='word_1_39' title='bbox 921 926 1104 973; x_wconf 57' lang='lat' dir='ltr'>nteriori.</span> 
     </span>
    </p>
   </div>
   <div class='ocr_carea' id='block_1_4' title="bbox 551 1117 1256 1176">
    <p class='ocr_par' dir='ltr' id='par_1_5' title="bbox 551 1117 1256 1176">
     <span class='ocr_line' id='line_1_10' title="bbox 551 1117 1256 1176; baseline -0.01 -5"><span class='ocrx_word' id='word_1_40' title='bbox 551 1120 889 1176; x_wconf 84' lang='lat' dir='ltr'>PAULUS</span> <span class='ocrx_word' id='word_1_41' title='bbox 941 1117 1143 1167; x_wconf 90' lang='lat' dir='ltr'>PAPA</span> <span class='ocrx_word' id='word_1_42' title='bbox 1191 1117 1256 1166; x_wconf 86' lang='lat' dir='ltr'>V.</span> 
     </span>
    </p>
   </div>
   <div class='ocr_carea' id='block_1_5' title="bbox 406 1312 1408 1432">
    <p class='ocr_par' dir='ltr' id='par_1_6' title="bbox 406 1312 1408 1432">
     <span class='ocr_line' id='line_1_11' title="bbox 406 1312 1408 1376; baseline -0.007 -14"><span class='ocrx_word' id='word_1_43' title='bbox 406 1315 638 1362; x_wconf 71' lang='lat' dir='ltr'>Venerabilis</span> <span class='ocrx_word' id='word_1_44' title='bbox 660 1317 811 1360; x_wconf 80' lang='lat' dir='ltr'>Frater</span> <span class='ocrx_word' id='word_1_45' title='bbox 830 1317 1007 1376; x_wconf 82' lang='lat' dir='ltr'>salutem</span> <span class='ocrx_word' id='word_1_46' title='bbox 1024 1344 1037 1366; x_wconf 89' lang='lat'>‚</span> <span class='ocrx_word' id='word_1_47' title='bbox 1067 1314 1123 1368; x_wconf 46' lang='grc' dir='ltr'>ἀι</span> <span class='ocrx_word' id='word_1_48' title='bbox 1151 1312 1408 1373; x_wconf 69' lang='lat' dir='ltr'>Apostolicam</span> 
     </span>
     <span class='ocr_line' id='line_1_12' title="bbox 743 1376 1064 1432; baseline 0 -14"><span class='ocrx_word' id='word_1_49' title='bbox 743 1376 1064 1432; x_wconf 52' lang='lat' dir='ltr'>{cnedibitonem</span> 
     </span>
    </p>
   </div>
   <div class='ocr_carea' id='block_1_6' title="bbox 393 1559 1413 3121">
    <p class='ocr_par' dir='ltr' id='par_1_7' title="bbox 517 1559 1408 1606">
     <span class='ocr_line' id='line_1_13' title="bbox 517 1559 1408 1606; baseline 0 -4"><span class='ocrx_word' id='word_1_50' title='bbox 517 1561 704 1603; x_wconf 85' lang='lat' dir='ltr'>Ertiores</span> <span class='ocrx_word' id='word_1_51' title='bbox 720 1559 812 1604; x_wconf 71' lang='lat' dir='ltr'>faeti</span> <span class='ocrx_word' id='word_1_52' title='bbox 835 1563 854 1605; x_wconf 69' lang='lat' dir='ltr'>a</span> <span class='ocrx_word' id='word_1_53' title='bbox 872 1562 1102 1606; x_wconf 78' lang='lat' dir='ltr'>Venerabili</span> <span class='ocrx_word' id='word_1_54' title='bbox 1119 1565 1259 1605; x_wconf 81' lang='lat' dir='ltr'>Fratre</span> <span class='ocrx_word' id='word_1_55' title='bbox 1276 1561 1408 1603; x_wconf 84' lang='lat' dir='ltr'>Anto-</span> 
     </span>
    </p>

    <p class='ocr_par' dir='ltr' id='par_1_8' title="bbox 393 1616 1413 2887">
     <span class='ocr_line' id='line_1_14' title="bbox 533 1616 1404 1677; baseline -0.001 -16"><span class='ocrx_word' id='word_1_56' title='bbox 533 1621 817 1677; x_wconf 69' lang='lat' dir='ltr'>ni02Episcopo</span> <span class='ocrx_word' id='word_1_57' title='bbox 834 1616 1195 1677; x_wconf 85' lang='lat' dir='ltr'>Vigilienfi,nostro</span> <span class='ocrx_word' id='word_1_58' title='bbox 1210 1620 1404 1674; x_wconf 87' lang='lat' dir='ltr'>Apostoli-</span> 
     </span>
     <span class='ocr_line' id='line_1_15' title="bbox 398 1678 1404 1736; baseline -0.005 -14"><span class='ocrx_word' id='word_1_59' title='bbox 398 1694 449 1722; x_wconf 87' lang='lat' dir='ltr'>co</span> <span class='ocrx_word' id='word_1_60' title='bbox 466 1681 630 1721; x_wconf 48' lang='lat' dir='ltr'>suuncio</span> <span class='ocrx_word' id='word_1_61' title='bbox 644 1708 658 1730; x_wconf 81' lang='lat'><strong>,</strong></span> <span class='ocrx_word' id='word_1_62' title='bbox 679 1680 789 1735; x_wconf 91' lang='lat' dir='ltr'>quod</span> <span class='ocrx_word' id='word_1_63' title='bbox 807 1679 831 1721; x_wconf 83' lang='lat' dir='ltr'>fi</span> <span class='ocrx_word' id='word_1_64' title='bbox 850 1685 1071 1736; x_wconf 85' lang='lat' dir='ltr'>erigeretur</span> <span class='ocrx_word' id='word_1_65' title='bbox 1087 1678 1248 1734; x_wconf 86' lang='lat' dir='ltr'>aliquod</span> <span class='ocrx_word' id='word_1_66' title='bbox 1267 1681 1404 1720; x_wconf 88' lang='lat' dir='ltr'>Mona·</span> 
     </span>
     <span class='ocr_line' id='line_1_16' title="bbox 398 1736 1405 1793; baseline -0.003 -14"><span class='ocrx_word' id='word_1_67' title='bbox 398 1738 560 1780; x_wconf 84' lang='lat' dir='ltr'>sterium</span> <span class='ocrx_word' id='word_1_68' title='bbox 578 1739 1090 1793; x_wconf 86' lang='lat' dir='ltr'>Fratrum‚Capucin0rum</span> <span class='ocrx_word' id='word_1_69' title='bbox 1105 1766 1119 1789; x_wconf 85' lang='lat'>‚</span> <span class='ocrx_word' id='word_1_70' title='bbox 1147 1737 1225 1778; x_wconf 82' lang='lat' dir='ltr'>sive</span> <span class='ocrx_word' id='word_1_71' title='bbox 1238 1736 1405 1778; x_wconf 80' lang='lat' dir='ltr'>alterius</span> 
     </span>
     <span class='ocr_line' id='line_1_17' title="bbox 398 1794 1403 1851; baseline -0.005 -12"><span class='ocrx_word' id='word_1_72' title='bbox 398 1796 564 1839; x_wconf 88' lang='lat' dir='ltr'>Ordinis</span> <span class='ocrx_word' id='word_1_73' title='bbox 582 1795 882 1851; x_wconf 82' lang='lat' dir='ltr'>Religiosorum</span> <span class='ocrx_word' id='word_1_74' title='bbox 917 1794 1248 1838; x_wconf 85' lang='lat' dir='ltr'>Reformatorurn</span> <span class='ocrx_word' id='word_1_75' title='bbox 1280 1798 1316 1836; x_wconf 88' lang='lat' dir='ltr'>in</span> <span class='ocrx_word' id='word_1_76' title='bbox 1333 1794 1403 1835; x_wconf 89' lang='lat' dir='ltr'>Ci-</span> 
     </span>
     <span class='ocr_line' id='line_1_18' title="bbox 398 1852 1384 1908; baseline -0.005 -11"><span class='ocrx_word' id='word_1_77' title='bbox 398 1856 526 1897; x_wconf 81' lang='lat' dir='ltr'>vitate</span> <span class='ocrx_word' id='word_1_78' title='bbox 543 1853 814 1904; x_wconf 78' lang='lat' dir='ltr'>Francofurti,</span> <span class='ocrx_word' id='word_1_79' title='bbox 832 1854 1039 1908; x_wconf 86' lang='lat' dir='ltr'>negotium</span> <span class='ocrx_word' id='word_1_80' title='bbox 1052 1853 1275 1896; x_wconf 86' lang='lat' dir='ltr'>Catholicae</span> <span class='ocrx_word' id='word_1_81' title='bbox 1289 1852 1384 1894; x_wconf 86' lang='lat' dir='ltr'>Reli</span> 
     </span>
     <span class='ocr_line' id='line_1_19' title="bbox 395 1910 1405 1969; baseline 0.001 -18"><span class='ocrx_word' id='word_1_82' title='bbox 395 1912 525 1969; x_wconf 85' lang='lat' dir='ltr'>gionis</span> <span class='ocrx_word' id='word_1_83' title='bbox 549 1912 585 1952; x_wconf 86' lang='lat' dir='ltr'>in</span> <span class='ocrx_word' id='word_1_84' title='bbox 604 1911 821 1954; x_wconf 82' lang='lat' dir='ltr'>Germania</span> <span class='ocrx_word' id='word_1_85' title='bbox 837 1913 968 1955; x_wconf 72' lang='lat' dir='ltr'>multo</span> <span class='ocrx_word' id='word_1_86' title='bbox 982 1911 1125 1954; x_wconf 89' lang='lat' dir='ltr'>melius</span> <span class='ocrx_word' id='word_1_87' title='bbox 1158 1910 1194 1953; x_wconf 83' lang='lat' dir='ltr'>se</span> <span class='ocrx_word' id='word_1_88' title='bbox 1211 1911 1378 1953; x_wconf 79' lang='lat' dir='ltr'>haberet</span> <span class='ocrx_word' id='word_1_89' title='bbox 1393 1940 1405 1953; x_wconf 89' lang='lat'><strong>.</strong></span> 
     </span>
     <span class='ocr_line' id='line_1_20' title="bbox 400 1970 1407 2024; baseline -0.003 -12"><span class='ocrx_word' id='word_1_90' title='bbox 400 1975 626 2023; x_wconf 81' lang='lat' dir='ltr'>Propterea</span> <span class='ocrx_word' id='word_1_91' title='bbox 651 1971 690 2011; x_wconf 88' lang='lat' dir='ltr'>in</span> <span class='ocrx_word' id='word_1_92' title='bbox 718 1971 812 2012; x_wconf 87' lang='lat' dir='ltr'>Tuae</span> <span class='ocrx_word' id='word_1_93' title='bbox 846 1971 1128 2013; x_wconf 83' lang='lat' dir='ltr'>Fraternitatis</span> <span class='ocrx_word' id='word_1_94' title='bbox 1161 1970 1407 2024; x_wconf 86' lang='lat' dir='ltr'>prudentia,</span> 
     </span>
     <span class='ocr_line' id='line_1_21' title="bbox 396 2026 1407 2084; baseline -0.003 -12"><span class='ocrx_word' id='word_1_95' title='bbox 396 2037 519 2084; x_wconf 86' lang='lat' dir='ltr'>atque</span> <span class='ocrx_word' id='word_1_96' title='bbox 537 2026 632 2071; x_wconf 87' lang='lat' dir='ltr'>zelo</span> <span class='ocrx_word' id='word_1_97' title='bbox 654 2026 788 2073; x_wconf 82' lang='lat' dir='ltr'>confisi</span> <span class='ocrx_word' id='word_1_98' title='bbox 805 2059 819 2080; x_wconf 92' lang='lat'><strong>,</strong></span> <span class='ocrx_word' id='word_1_99' title='bbox 846 2029 1120 2072; x_wconf 82' lang='lat' dir='ltr'>mandavimus</span> <span class='ocrx_word' id='word_1_100' title='bbox 1143 2027 1273 2072; x_wconf 88' lang='lat' dir='ltr'>eidem</span> <span class='ocrx_word' id='word_1_101' title='bbox 1291 2031 1407 2069; x_wconf 87' lang='lat' dir='ltr'>Nun-</span> 
     </span>
     <span class='ocr_line' id='line_1_22' title="bbox 395 2086 1408 2142; baseline -0.002 -13"><span class='ocrx_word' id='word_1_102' title='bbox 395 2088 462 2129; x_wconf 89' lang='lat' dir='ltr'>cio</span> <span class='ocrx_word' id='word_1_103' title='bbox 476 2086 640 2136; x_wconf 77' lang='lat' dir='ltr'>nostro,</span> <span class='ocrx_word' id='word_1_104' title='bbox 672 2097 715 2129; x_wconf 89' lang='lat' dir='ltr'>ut</span> <span class='ocrx_word' id='word_1_105' title='bbox 744 2086 797 2129; x_wconf 87' lang='lat' dir='ltr'>de</span> <span class='ocrx_word' id='word_1_106' title='bbox 821 2086 999 2129; x_wconf 87' lang='lat' dir='ltr'>ineunda</span> <span class='ocrx_word' id='word_1_107' title='bbox 1020 2097 1248 2142; x_wconf 83' lang='lat' dir='ltr'>opportuna</span> <span class='ocrx_word' id='word_1_108' title='bbox 1279 2087 1408 2128; x_wconf 89' lang='lat' dir='ltr'>ratio-</span> 
     </span>
     <span class='ocr_line' id='line_1_23' title="bbox 394 2143 1404 2200; baseline -0.004 -11"><span class='ocrx_word' id='word_1_109' title='bbox 394 2158 447 2189; x_wconf 89' lang='lat' dir='ltr'>ne</span> <span class='ocrx_word' id='word_1_110' title='bbox 469 2143 653 2200; x_wconf 87' lang='lat' dir='ltr'>erigendi</span> <span class='ocrx_word' id='word_1_111' title='bbox 678 2145 908 2200; x_wconf 71' lang='lat' dir='ltr'>praedietum</span> <span class='ocrx_word' id='word_1_112' title='bbox 927 2146 1208 2188; x_wconf 82' lang='lat' dir='ltr'>Monasterium</span> <span class='ocrx_word' id='word_1_113' title='bbox 1230 2147 1404 2188; x_wconf 88' lang='lat' dir='ltr'>Franco·</span> 
     </span>
     <span class='ocr_line' id='line_1_24' title="bbox 393 2202 1407 2260; baseline 0.005 -16"><span class='ocrx_word' id='word_1_114' title='bbox 393 2202 494 2245; x_wconf 84' lang='lat' dir='ltr'>furti</span> <span class='ocrx_word' id='word_1_115' title='bbox 522 2205 671 2245; x_wconf 86' lang='lat' dir='ltr'>Tecum</span> <span class='ocrx_word' id='word_1_116' title='bbox 698 2203 840 2247; x_wconf 75' lang='lat' dir='ltr'>sedulo</span> <span class='ocrx_word' id='word_1_117' title='bbox 856 2214 995 2260; x_wconf 76' lang='lat' dir='ltr'>ageret</span> <span class='ocrx_word' id='word_1_118' title='bbox 1009 2232 1020 2244; x_wconf 89' lang='lat'><strong>.</strong></span> <span class='ocrx_word' id='word_1_119' title='bbox 1053 2208 1157 2248; x_wconf 84' lang='lat' dir='ltr'>Nam</span> <span class='ocrx_word' id='word_1_120' title='bbox 1173 2204 1282 2247; x_wconf 84' lang='lat' dir='ltr'>sicuti</span> <span class='ocrx_word' id='word_1_121' title='bbox 1299 2205 1407 2249; x_wconf 72' lang='lat' dir='ltr'>‹ie-³</span> 
     </span>
     <span class='ocr_line' id='line_1_25' title="bbox 399 2259 1406 2319; baseline 0.003 -17"><span class='ocrx_word' id='word_1_122' title='bbox 399 2261 554 2317; x_wconf 86' lang='lat' dir='ltr'>optima</span> <span class='ocrx_word' id='word_1_123' title='bbox 570 2259 786 2319; x_wconf 77' lang='lat' dir='ltr'>voluntate</span> <span class='ocrx_word' id='word_1_124' title='bbox 805 2274 873 2304; x_wconf 86' lang='lat' dir='ltr'>tua</span> <span class='ocrx_word' id='word_1_125' title='bbox 906 2262 1021 2319; x_wconf 77' lang='lat' dir='ltr'>plane</span> <span class='ocrx_word' id='word_1_126' title='bbox 1047 2264 1152 2305; x_wconf 85' lang='lat' dir='ltr'>certi</span> <span class='ocrx_word' id='word_1_127' title='bbox 1165 2262 1317 2315; x_wconf 85' lang='lat' dir='ltr'>sumus,</span> <span class='ocrx_word' id='word_1_128' title='bbox 1353 2265 1406 2305; x_wconf 90' lang='lat' dir='ltr'>ita</span> 
     </span>
     <span class='ocr_line' id='line_1_26' title="bbox 397 2319 1409 2378; baseline 0.005 -19"><span class='ocrx_word' id='word_1_129' title='bbox 397 2332 558 2376; x_wconf 89' lang='lat' dir='ltr'>quoque</span> <span class='ocrx_word' id='word_1_130' title='bbox 572 2319 732 2363; x_wconf 86' lang='lat' dir='ltr'>abunde</span> <span class='ocrx_word' id='word_1_131' title='bbox 755 2320 939 2365; x_wconf 89' lang='lat' dir='ltr'>novimus</span> <span class='ocrx_word' id='word_1_132' title='bbox 955 2351 971 2373; x_wconf 88' lang='lat'>‚</span> <span class='ocrx_word' id='word_1_133' title='bbox 986 2323 1172 2376; x_wconf 74' lang='lat' dir='ltr'>quantum</span> <span class='ocrx_word' id='word_1_134' title='bbox 1189 2323 1409 2378; x_wconf 81' lang='lat' dir='ltr'>prudentiae</span> 
     </span>
     <span class='ocr_line' id='line_1_27' title="bbox 395 2378 1406 2437; baseline 0.001 -16"><span class='ocrx_word' id='word_1_135' title='bbox 395 2387 475 2421; x_wconf 82' lang='lat' dir='ltr'>tuae</span> <span class='ocrx_word' id='word_1_136' title='bbox 489 2378 667 2420; x_wconf 87' lang='lat' dir='ltr'>tribuere</span> <span class='ocrx_word' id='word_1_137' title='bbox 686 2378 928 2423; x_wconf 78' lang='lat' dir='ltr'>debeamus:</span> <span class='ocrx_word' id='word_1_138' title='bbox 959 2381 1106 2437; x_wconf 87' lang='lat' dir='ltr'>quibus</span> <span class='ocrx_word' id='word_1_139' title='bbox 1138 2381 1326 2425; x_wconf 76' lang='lat' dir='ltr'>decausis</span> <span class='ocrx_word' id='word_1_140' title='bbox 1355 2382 1406 2423; x_wconf 90' lang='lat' dir='ltr'>ab</span> 
     </span>
     <span class='ocr_line' id='line_1_28' title="bbox 397 2435 1404 2496; baseline 0.006 -20"><span class='ocrx_word' id='word_1_141' title='bbox 397 2435 696 2480; x_wconf 82' lang='lat' dir='ltr'>efficacioribus</span> <span class='ocrx_word' id='word_1_142' title='bbox 720 2438 1074 2484; x_wconf 84' lang='lat' dir='ltr'>cohortationibus</span> <span class='ocrx_word' id='word_1_143' title='bbox 1090 2470 1103 2493; x_wconf 77' lang='lat'>‚</span> <span class='ocrx_word' id='word_1_144' title='bbox 1136 2453 1178 2483; x_wconf 86' lang='lat' dir='ltr'>ut</span> <span class='ocrx_word' id='word_1_145' title='bbox 1196 2444 1404 2496; x_wconf 86' lang='lat' dir='ltr'>negotium</span> 
     </span>
     <span class='ocr_line' id='line_1_29' title="bbox 396 2494 1409 2553; baseline 0.006 -17"><span class='ocrx_word' id='word_1_146' title='bbox 396 2496 476 2537; x_wconf 91' lang='lat' dir='ltr'>hoc</span> <span class='ocrx_word' id='word_1_147' title='bbox 506 2494 631 2536; x_wconf 76' lang='lat' dir='ltr'>alacri</span> <span class='ocrx_word' id='word_1_148' title='bbox 663 2495 798 2536; x_wconf 85' lang='lat' dir='ltr'>animo</span> <span class='ocrx_word' id='word_1_149' title='bbox 829 2494 1009 2550; x_wconf 82' lang='lat' dir='ltr'>suscipias</span> <span class='ocrx_word' id='word_1_150' title='bbox 1024 2527 1038 2548; x_wconf 88' lang='lat'>‚</span> <span class='ocrx_word' id='word_1_151' title='bbox 1070 2499 1222 2553; x_wconf 81' lang='lat' dir='ltr'>pariter</span> <span class='ocrx_word' id='word_1_152' title='bbox 1239 2500 1409 2542; x_wconf 78' lang='lat' dir='ltr'>abstine-</span> 
     </span>
     <span class='ocr_line' id='line_1_30' title="bbox 395 2551 1408 2608; baseline 0.004 -13"><span class='ocrx_word' id='word_1_153' title='bbox 395 2566 483 2595; x_wconf 86' lang='lat' dir='ltr'>mus</span> <span class='ocrx_word' id='word_1_154' title='bbox 501 2581 512 2594; x_wconf 88' lang='lat'><strong>.</strong></span> <span class='ocrx_word' id='word_1_155' title='bbox 548 2551 747 2594; x_wconf 84' lang='lat' dir='ltr'>Nuncium</span> <span class='ocrx_word' id='word_1_156' title='bbox 763 2562 898 2594; x_wconf 87' lang='lat' dir='ltr'>autem</span> <span class='ocrx_word' id='word_1_157' title='bbox 914 2554 1090 2596; x_wconf 85' lang='lat' dir='ltr'>nostrum</span> <span class='ocrx_word' id='word_1_158' title='bbox 1106 2569 1184 2596; x_wconf 90' lang='lat' dir='ltr'>non</span> <span class='ocrx_word' id='word_1_159' title='bbox 1199 2556 1306 2598; x_wconf 86' lang='lat' dir='ltr'>secus</span> <span class='ocrx_word' id='word_1_160' title='bbox 1318 2587 1334 2608; x_wconf 91' lang='lat'><strong>,</strong></span> <span class='ocrx_word' id='word_1_161' title='bbox 1363 2571 1408 2599; x_wconf 88' lang='lat' dir='ltr'>ae</span> 
     </span>
     <span class='ocr_line' id='line_1_31' title="bbox 397 2610 1410 2671; baseline 0.003 -16"><span class='ocrx_word' id='word_1_162' title='bbox 397 2614 483 2655; x_wconf 87' lang='lat' dir='ltr'>Nos</span> <span class='ocrx_word' id='word_1_163' title='bbox 501 2610 707 2664; x_wconf 88' lang='lat' dir='ltr'>loquentes</span> <span class='ocrx_word' id='word_1_164' title='bbox 722 2610 858 2655; x_wconf 88' lang='lat' dir='ltr'>audies</span> <span class='ocrx_word' id='word_1_165' title='bbox 873 2640 883 2652; x_wconf 89' lang='lat'><strong>.</strong></span> <span class='ocrx_word' id='word_1_166' title='bbox 922 2614 1050 2656; x_wconf 85' lang='lat' dir='ltr'>Deum</span> <span class='ocrx_word' id='word_1_167' title='bbox 1065 2628 1224 2667; x_wconf 84' lang='lat' dir='ltr'>oramus</span> <span class='ocrx_word' id='word_1_168' title='bbox 1239 2641 1253 2661; x_wconf 64' lang='grc' dir='ltr'>ι,</span> <span class='ocrx_word' id='word_1_169' title='bbox 1280 2627 1326 2658; x_wconf 91' lang='lat' dir='ltr'>ut</span> <span class='ocrx_word' id='word_1_170' title='bbox 1345 2630 1410 2671; x_wconf 92' lang='lat' dir='ltr'>pa-</span> 
     </span>
     <span class='ocr_line' id='line_1_32' title="bbox 400 2667 1412 2727; baseline 0.006 -16"><span class='ocrx_word' id='word_1_171' title='bbox 400 2667 564 2711; x_wconf 82' lang='lat' dir='ltr'>storales</span> <span class='ocrx_word' id='word_1_172' title='bbox 581 2668 741 2710; x_wconf 89' lang='lat' dir='ltr'>labores</span> <span class='ocrx_word' id='word_1_173' title='bbox 755 2677 845 2711; x_wconf 87' lang='lat' dir='ltr'>tuos</span> <span class='ocrx_word' id='word_1_174' title='bbox 868 2669 1101 2715; x_wconf 77' lang='lat' dir='ltr'>clementer¹</span> <span class='ocrx_word' id='word_1_175' title='bbox 1121 2673 1304 2727; x_wconf 81' lang='lat' dir='ltr'>respiciat</span> <span class='ocrx_word' id='word_1_176' title='bbox 1321 2703 1336 2725; x_wconf 86' lang='lat'>‚</span> <span class='ocrx_word' id='word_1_177' title='bbox 1367 2689 1412 2717; x_wconf 87' lang='lat' dir='ltr'>ac</span> 
     </span>
     <span class='ocr_line' id='line_1_33' title="bbox 398 2725 1413 2784; baseline 0.007 -16"><span class='ocrx_word' id='word_1_178' title='bbox 398 2729 460 2771; x_wconf 91' lang='lat' dir='ltr'>Te</span> <span class='ocrx_word' id='word_1_179' title='bbox 475 2725 590 2778; x_wconf 88' lang='lat' dir='ltr'>super</span> <span class='ocrx_word' id='word_1_180' title='bbox 602 2728 779 2779; x_wconf 86' lang='lat' dir='ltr'>Gregem</span> <span class='ocrx_word' id='word_1_181' title='bbox 797 2733 911 2767; x_wconf 88' lang='lat' dir='ltr'>tuum</span> <span class='ocrx_word' id='word_1_182' title='bbox 927 2726 1069 2769; x_wconf 76' lang='lat' dir='ltr'>sedulo</span> <span class='ocrx_word' id='word_1_183' title='bbox 1091 2730 1324 2784; x_wconf 86' lang='lat' dir='ltr'>vigilantem</span> <span class='ocrx_word' id='word_1_184' title='bbox 1341 2734 1413 2775; x_wconf 90' lang='lat' dir='ltr'>be-</span> 
     </span>
     <span class='ocr_line' id='line_1_34' title="bbox 400 2784 1407 2847; baseline 0.012 -24"><span class='ocrx_word' id='word_1_185' title='bbox 400 2786 544 2840; x_wconf 79' lang='lat' dir='ltr'>nignus</span> <span class='ocrx_word' id='word_1_186' title='bbox 569 2784 791 2832; x_wconf 69' lang='lat' dir='ltr'>custodiat,</span> <span class='ocrx_word' id='word_1_187' title='bbox 822 2797 866 2826; x_wconf 83' lang='lat' dir='ltr'>ac</span> <span class='ocrx_word' id='word_1_188' title='bbox 897 2786 1160 2831; x_wconf 73' lang='lat' dir='ltr'>fraternitati</span> <span class='ocrx_word' id='word_1_189' title='bbox 1176 2791 1269 2833; x_wconf 82' lang='lat' dir='ltr'>Tuae</span> <span class='ocrx_word' id='word_1_190' title='bbox 1290 2805 1407 2847; x_wconf 87' lang='lat' dir='ltr'>pera·</span> 
     </span>
     <span class='ocr_line' id='line_1_35' title="bbox 401 2840 861 2887; baseline -0.007 -1"><span class='ocrx_word' id='word_1_191' title='bbox 401 2853 556 2886; x_wconf 83' lang='lat' dir='ltr'>manter</span> <span class='ocrx_word' id='word_1_192' title='bbox 570 2840 861 2887; x_wconf 76' lang='lat' dir='ltr'>benedicimus.</span> 
     </span>
    </p>

    <p class='ocr_par' dir='ltr' id='par_1_9' title="bbox 398 2900 1406 3121">
     <span class='ocr_line' id='line_1_36' title="bbox 457 2900 1404 2956; baseline 0.012 -14"><span class='ocrx_word' id='word_1_193' title='bbox 457 2903 604 2943; x_wconf 76' lang='lat' dir='ltr'>Datum</span> <span class='ocrx_word' id='word_1_194' title='bbox 623 2903 760 2945; x_wconf 84' lang='lat' dir='ltr'>Romae</span> <span class='ocrx_word' id='word_1_195' title='bbox 785 2900 889 2956; x_wconf 86' lang='lat' dir='ltr'>apud</span> <span class='ocrx_word' id='word_1_196' title='bbox 924 2905 1102 2947; x_wconf 70' lang='lat' dir='ltr'>sanctam</span> <span class='ocrx_word' id='word_1_197' title='bbox 1131 2907 1301 2950; x_wconf 84' lang='lat' dir='ltr'>Mariam</span> <span class='ocrx_word' id='word_1_198' title='bbox 1318 2913 1404 2953; x_wconf 88' lang='lat' dir='ltr'>Ma·</span> 
     </span>
     <span class='ocr_line' id='line_1_37' title="bbox 398 2958 1406 3018; baseline 0.008 -16"><span class='ocrx_word' id='word_1_199' title='bbox 398 2958 530 3018; x_wconf 87' lang='lat' dir='ltr'>jorem</span> <span class='ocrx_word' id='word_1_200' title='bbox 559 2958 627 3002; x_wconf 85' lang='lat' dir='ltr'>sub</span> <span class='ocrx_word' id='word_1_201' title='bbox 652 2958 821 3003; x_wconf 77' lang='lat' dir='ltr'>Annulo</span> <span class='ocrx_word' id='word_1_202' title='bbox 853 2959 1066 3004; x_wconf 86' lang='lat' dir='ltr'>Piscatoris</span> <span class='ocrx_word' id='word_1_203' title='bbox 1102 2977 1117 3005; x_wconf 87' lang='lat'>1</span> <span class='ocrx_word' id='word_1_204' title='bbox 1135 2979 1174 3007; x_wconf 87' lang='lat' dir='ltr'>x.</span> <span class='ocrx_word' id='word_1_205' title='bbox 1203 2967 1406 3011; x_wconf 79' lang='lat' dir='ltr'>Kalendas</span> 
     </span>
     <span class='ocr_line' id='line_1_38' title="bbox 402 3018 1406 3074; baseline 0.009 -12"><span class='ocrx_word' id='word_1_206' title='bbox 402 3018 571 3074; x_wconf 87' lang='lat' dir='ltr'>Augusti</span> <span class='ocrx_word' id='word_1_207' title='bbox 605 3033 637 3061; x_wconf 82' lang='lat' dir='ltr'>M</span> <span class='ocrx_word' id='word_1_208' title='bbox 655 3035 683 3061; x_wconf 85' lang='lat' dir='ltr'>n</span> <span class='ocrx_word' id='word_1_209' title='bbox 701 3034 722 3062; x_wconf 90' lang='lat' dir='ltr'><strong>c</strong></span> <span class='ocrx_word' id='word_1_210' title='bbox 738 3032 760 3062; x_wconf 88' lang='lat' dir='ltr'>x</span> <span class='ocrx_word' id='word_1_211' title='bbox 776 3031 813 3061; x_wconf 85' lang='grc' dir='ltr'>ν.</span> <span class='ocrx_word' id='word_1_212' title='bbox 858 3019 1121 3066; x_wconf 87' lang='lat' dir='ltr'>Poutificatus</span> <span class='ocrx_word' id='word_1_213' title='bbox 1159 3025 1281 3068; x_wconf 90' lang='lat' dir='ltr'>nostri</span> <span class='ocrx_word' id='word_1_214' title='bbox 1321 3029 1406 3072; x_wconf 87' lang='lat' dir='ltr'>An-</span> 
     </span>
     <span class='ocr_line' id='line_1_39' title="bbox 403 3076 724 3121; baseline -0.003 0"><span class='ocrx_word' id='word_1_215' title='bbox 403 3091 458 3121; x_wconf 89' lang='lat' dir='ltr'>no</span> <span class='ocrx_word' id='word_1_216' title='bbox 480 3076 697 3120; x_wconf 76' lang='lat' dir='ltr'>undecimo</span> <span class='ocrx_word' id='word_1_217' title='bbox 712 3106 724 3120; x_wconf 91' lang='lat'><em>.</em></span> 
     </span>
    </p>
   </div>
   <div class='ocr_carea' id='block_1_7' title="bbox 972 3257 1292 3304">
    <p class='ocr_par' dir='ltr' id='par_1_10' title="bbox 972 3257 1292 3304">
     <span class='ocr_line' id='line_1_40' title="bbox 972 3257 1292 3304; baseline 0.016 -5"><span class='ocrx_word' id='word_1_218' title='bbox 972 3257 1114 3302; x_wconf 86' lang='lat' dir='ltr'>Petrus</span> <span class='ocrx_word' id='word_1_219' title='bbox 1127 3263 1292 3304; x_wconf 79' lang='lat' dir='ltr'>Stroza.</span> 
     </span>
    </p>
   </div>
   <div class='ocr_carea' id='block_1_8' title="bbox 462 3426 1409 3603">
    <p class='ocr_par' dir='ltr' id='par_1_11' title="bbox 462 3426 1409 3603">
     <span class='ocr_line' id='line_1_41' title="bbox 462 3426 1409 3483; baseline 0.013 -13"><span class='ocrx_word' id='word_1_220' title='bbox 462 3426 704 3482; x_wconf 71' lang='lat' dir='ltr'>Autograph.</span> <span class='ocrx_word' id='word_1_221' title='bbox 721 3426 765 3471; x_wconf 86' lang='lat' dir='ltr'>in</span> <span class='ocrx_word' id='word_1_222' title='bbox 780 3430 951 3474; x_wconf 73' lang='lat' dir='ltr'>Archivo</span> <span class='ocrx_word' id='word_1_223' title='bbox 966 3436 1116 3480; x_wconf 80' lang='lat' dir='ltr'>secreto</span> <span class='ocrx_word' id='word_1_224' title='bbox 1140 3436 1318 3481; x_wconf 82' lang='lat' dir='ltr'>Vaticano</span> <span class='ocrx_word' id='word_1_225' title='bbox 1334 3443 1409 3483; x_wconf 86' lang='lat' dir='ltr'>Re-</span> 
     </span>
     <span class='ocr_line' id='line_1_42' title="bbox 507 3485 1406 3603; baseline 0.02 -77"><span class='ocrx_word' id='word_1_226' title='bbox 507 3485 620 3603; x_wconf 52' lang='lat' dir='ltr'>{qust</span> <span class='ocrx_word' id='word_1_227' title='bbox 635 3491 827 3603; x_wconf 50' lang='grc' dir='ltr'>ξὲξυίιιηι</span> <span class='ocrx_word' id='word_1_228' title='bbox 873 3492 984 3535; x_wconf 74' lang='lat' dir='ltr'>Pauli</span> <span class='ocrx_word' id='word_1_229' title='bbox 1022 3495 1060 3538; x_wconf 81' lang='lat' dir='ltr'>V.</span> <span class='ocrx_word' id='word_1_230' title='bbox 1103 3495 1153 3539; x_wconf 91' lang='lat' dir='ltr'>ad</span> <span class='ocrx_word' id='word_1_231' title='bbox 1193 3498 1406 3556; x_wconf 84' lang='lat' dir='ltr'>Principes</span> 
     </span>
    </p>
   </div>
   <div class='ocr_carea' id='block_1_9' title="bbox 1140 186 1723 276">
    <p class='ocr_par' dir='ltr' id='par_1_12' title="bbox 1140 186 1723 276">
     <span class='ocr_line' id='line_1_43' title="bbox 1140 186 1723 276; baseline -0.014 -1"><span class='ocrx_word' id='word_1_232' title='bbox 1140 186 1723 276; x_wconf 81' lang='lat' dir='ltr'>Provincia</span> 
     </span>
    </p>
   </div>
   <div class='ocr_carea' id='block_1_10' title="bbox 1474 315 2490 938">
    <p class='ocr_par' dir='ltr' id='par_1_13' title="bbox 1474 315 2490 938">
     <span class='ocr_line' id='line_1_44' title="bbox 1474 315 2485 388; baseline -0.002 -18"><span class='ocrx_word' id='word_1_233' title='bbox 1474 325 1768 388; x_wconf 86' lang='lat' dir='ltr'>Emptionem</span> <span class='ocrx_word' id='word_1_234' title='bbox 1807 315 1987 368; x_wconf 73' lang='lat' dir='ltr'>Domfis</span> <span class='ocrx_word' id='word_1_235' title='bbox 2029 321 2270 387; x_wconf 81' lang='lat' dir='ltr'>Regularis</span> <span class='ocrx_word' id='word_1_236' title='bbox 2311 325 2359 374; x_wconf 90' lang='lat' dir='ltr'>S.</span> <span class='ocrx_word' id='word_1_237' title='bbox 2390 330 2485 379; x_wconf 74' lang='lat' dir='ltr'>An:</span> 
     </span>
     <span class='ocr_line' id='line_1_45' title="bbox 1543 390 2487 449; baseline 0.005 -8"><span class='ocrx_word' id='word_1_238' title='bbox 1543 394 1654 442; x_wconf 87' lang='lat' dir='ltr'>tonii</span> <span class='ocrx_word' id='word_1_239' title='bbox 1686 428 1701 449; x_wconf 93' lang='lat'><strong>,</strong></span> <span class='ocrx_word' id='word_1_240' title='bbox 1737 391 1792 440; x_wconf 89' lang='lat' dir='ltr'>de</span> <span class='ocrx_word' id='word_1_241' title='bbox 1826 390 1993 439; x_wconf 59' lang='lat' dir='ltr'>Sancto</span> <span class='ocrx_word' id='word_1_242' title='bbox 2020 394 2231 440; x_wconf 90' lang='lat' dir='ltr'>Antonio</span> <span class='ocrx_word' id='word_1_243' title='bbox 2260 397 2487 447; x_wconf 89' lang='lat' dir='ltr'>Viennen-</span> 
     </span>
     <span class='ocr_line' id='line_1_46' title="bbox 1538 460 2489 521; baseline 0.007 -9"><span class='ocrx_word' id='word_1_244' title='bbox 1538 461 1607 521; x_wconf 88' lang='lat' dir='ltr'>fi,</span> <span class='ocrx_word' id='word_1_245' title='bbox 1652 481 1757 511; x_wconf 89' lang='lat' dir='ltr'>cum</span> <span class='ocrx_word' id='word_1_246' title='bbox 1798 479 1967 509; x_wconf 85' lang='lat' dir='ltr'>annexa</span> <span class='ocrx_word' id='word_1_247' title='bbox 2001 463 2039 508; x_wconf 91' lang='lat' dir='ltr'>ei</span> <span class='ocrx_word' id='word_1_248' title='bbox 2071 460 2267 509; x_wconf 79' lang='lat' dir='ltr'>Ecclesia</span> <span class='ocrx_word' id='word_1_249' title='bbox 2298 467 2489 519; x_wconf 85' lang='lat' dir='ltr'>Franco·</span> 
     </span>
     <span class='ocr_line' id='line_1_47' title="bbox 1538 530 2487 599; baseline -0.002 -16"><span class='ocrx_word' id='word_1_250' title='bbox 1538 531 1647 583; x_wconf 80' lang='lat' dir='ltr'>furti</span> <span class='ocrx_word' id='word_1_251' title='bbox 1686 534 1742 582; x_wconf 85' lang='lat' dir='ltr'>ad</span> <span class='ocrx_word' id='word_1_252' title='bbox 1773 530 1982 580; x_wconf 83' lang='lat' dir='ltr'>favorem</span> <span class='ocrx_word' id='word_1_253' title='bbox 2023 535 2237 581; x_wconf 87' lang='lat' dir='ltr'>Fratrum</span> <span class='ocrx_word' id='word_1_254' title='bbox 2271 533 2370 599; x_wconf 82' lang='lat' dir='ltr'>post</span> <span class='ocrx_word' id='word_1_255' title='bbox 2397 537 2487 588; x_wconf 84' lang='lat' dir='ltr'>ces-</span> 
     </span>
     <span class='ocr_line' id='line_1_48' title="bbox 1535 603 2486 672; baseline 0 -18"><span class='ocrx_word' id='word_1_256' title='bbox 1535 603 1710 655; x_wconf 86' lang='lat' dir='ltr'>fionem</span> <span class='ocrx_word' id='word_1_257' title='bbox 1751 608 1855 653; x_wconf 89' lang='lat' dir='ltr'>RR.</span> <span class='ocrx_word' id='word_1_258' title='bbox 1891 607 2077 651; x_wconf 85' lang='lat' dir='ltr'>Parrum</span> <span class='ocrx_word' id='word_1_259' title='bbox 2110 604 2352 652; x_wconf 85' lang='lat' dir='ltr'>Societatis</span> <span class='ocrx_word' id='word_1_260' title='bbox 2373 605 2486 672; x_wconf 89' lang='lat' dir='ltr'>Jesu</span> 
     </span>
     <span class='ocr_line' id='line_1_49' title="bbox 1543 671 2488 742; baseline -0.007 -17"><span class='ocrx_word' id='word_1_261' title='bbox 1543 673 1772 731; x_wconf 43' lang='lat' dir='ltr'>fastam&amp;</span> <span class='ocrx_word' id='word_1_262' title='bbox 1782 671 1998 742; x_wconf 86' lang='lat' dir='ltr'>postolica</span> <span class='ocrx_word' id='word_1_263' title='bbox 2015 673 2304 722; x_wconf 67' lang='lat' dir='ltr'>Austoritate</span> <span class='ocrx_word' id='word_1_264' title='bbox 2327 675 2488 728; x_wconf 78' lang='lat' dir='ltr'>confir.</span> 
     </span>
     <span class='ocr_line' id='line_1_50' title="bbox 1546 745 2487 804; baseline -0.001 -9"><span class='ocrx_word' id='word_1_265' title='bbox 1546 749 1692 804; x_wconf 85' lang='lat' dir='ltr'>mari,</span> <span class='ocrx_word' id='word_1_266' title='bbox 1721 765 1773 794; x_wconf 86' lang='lat' dir='ltr'>ac</span> <span class='ocrx_word' id='word_1_267' title='bbox 1805 745 1911 793; x_wconf 82' lang='lat' dir='ltr'>inibi</span> <span class='ocrx_word' id='word_1_268' title='bbox 1941 747 2240 793; x_wconf 85' lang='lat' dir='ltr'>Conventum</span> <span class='ocrx_word' id='word_1_269' title='bbox 2270 748 2487 798; x_wconf 84' lang='lat' dir='ltr'>Fratrum</span> 
     </span>
     <span class='ocr_line' id='line_1_51' title="bbox 1547 812 2490 885; baseline 0 -19"><span class='ocrx_word' id='word_1_270' title='bbox 1547 819 1679 885; x_wconf 89' lang='lat' dir='ltr'>erigi,</span> <span class='ocrx_word' id='word_1_271' title='bbox 1695 812 2051 883; x_wconf 88' lang='lat' dir='ltr'>Archiepiscopo</span> <span class='ocrx_word' id='word_1_272' title='bbox 2063 817 2352 884; x_wconf 84' lang='lat' dir='ltr'>Moguntino</span> <span class='ocrx_word' id='word_1_273' title='bbox 2368 833 2490 866; x_wconf 88' lang='lat' dir='ltr'>com·</span> 
     </span>
     <span class='ocr_line' id='line_1_52' title="bbox 1544 904 1713 938; baseline 0 -1"><span class='ocrx_word' id='word_1_274' title='bbox 1544 904 1713 938; x_wconf 84' lang='lat' dir='ltr'>mittit.</span> 
     </span>
    </p>
   </div>
   <div class='ocr_carea' id='block_1_11' title="bbox 1499 1013 2459 1174">
    <p class='ocr_par' dir='ltr' id='par_1_14' title="bbox 1499 1013 2459 1174">
     <span class='ocr_line' id='line_1_53' title="bbox 1499 1013 2459 1074; baseline 0 -15"><span class='ocrx_word' id='word_1_275' title='bbox 1499 1017 1537 1059; x_wconf 74' lang='lat' dir='ltr'>A</span> <span class='ocrx_word' id='word_1_276' title='bbox 1556 1027 1699 1072; x_wconf 83' lang='lat' dir='ltr'>tergo:</span> <span class='ocrx_word' id='word_1_277' title='bbox 1740 1013 1956 1058; x_wconf 81' lang='lat' dir='ltr'>Venerabili</span> <span class='ocrx_word' id='word_1_278' title='bbox 1969 1019 2116 1059; x_wconf 70' lang='lat' dir='ltr'>Fratri</span> <span class='ocrx_word' id='word_1_279' title='bbox 2130 1046 2144 1067; x_wconf 91' lang='lat'>,</span> <span class='ocrx_word' id='word_1_280' title='bbox 2162 1013 2459 1074; x_wconf 73' lang='lat' dir='ltr'>Arcbiepr&#39;stopo</span> 
     </span>
     <span class='ocr_line' id='line_1_54' title="bbox 1668 1077 2284 1131; baseline 0 -14"><span class='ocrx_word' id='word_1_281' title='bbox 1668 1077 1903 1131; x_wconf 81' lang='lat' dir='ltr'>Moguntino</span> <span class='ocrx_word' id='word_1_282' title='bbox 1918 1104 1933 1125; x_wconf 78' lang='lat'>‚</span> <span class='ocrx_word' id='word_1_283' title='bbox 1961 1078 2090 1117; x_wconf 78' lang='lat' dir='ltr'>s.R.1.</span> <span class='ocrx_word' id='word_1_284' title='bbox 2108 1078 2284 1130; x_wconf 81' lang='lat' dir='ltr'>Principi</span> 
     </span>
     <span class='ocr_line' id='line_1_55' title="bbox 1873 1133 2075 1174; baseline 0 0"><span class='ocrx_word' id='word_1_285' title='bbox 1873 1133 2042 1174; x_wconf 69' lang='lat' dir='ltr'>Elchors·</span> <span class='ocrx_word' id='word_1_286' title='bbox 2063 1162 2075 1174; x_wconf 89' lang='lat'><strong>.</strong></span> 
     </span>
    </p>
   </div>
   <div class='ocr_carea' id='block_1_12' title="bbox 1519 1252 2423 1319">
    <p class='ocr_par' dir='ltr' id='par_1_15' title="bbox 1519 1252 2423 1319">
     <span class='ocr_line' id='line_1_56' title="bbox 1519 1252 2423 1319; baseline -0.01 -10"><span class='ocrx_word' id='word_1_287' title='bbox 1519 1252 2231 1319; x_wconf 12' lang='lat' dir='ltr'>URBANUSVPAPA</span> <span class='ocrx_word' id='word_1_288' title='bbox 2270 1254 2423 1300; x_wconf 86' lang='lat' dir='ltr'>vt11.</span> 
     </span>
    </p>
   </div>
   <div class='ocr_carea' id='block_1_13' title="bbox 1480 1378 2487 1481">
    <p class='ocr_par' dir='ltr' id='par_1_16' title="bbox 1480 1378 2487 1481">
     <span class='ocr_line' id='line_1_57' title="bbox 1480 1378 2487 1437; baseline -0.005 -12"><span class='ocrx_word' id='word_1_289' title='bbox 1480 1381 1715 1425; x_wconf 76' lang='lat' dir='ltr'>Venerabilis</span> <span class='ocrx_word' id='word_1_290' title='bbox 1745 1385 1895 1425; x_wconf 80' lang='lat' dir='ltr'>Frater</span> <span class='ocrx_word' id='word_1_291' title='bbox 1904 1380 2108 1437; x_wconf 65' lang='lat' dir='ltr'>salutem,</span> <span class='ocrx_word' id='word_1_292' title='bbox 2140 1379 2192 1430; x_wconf 58' lang='grc' dir='ltr'>ὠν</span> <span class='ocrx_word' id='word_1_293' title='bbox 2217 1379 2357 1436; x_wconf 87' lang='lat' dir='ltr'><em>Aposto</em></span> <span class='ocrx_word' id='word_1_294' title='bbox 2365 1378 2487 1430; x_wconf 78' lang='lat' dir='ltr'>licam</span> 
     </span>
     <span class='ocr_line' id='line_1_58' title="bbox 1813 1438 2151 1481; baseline -0.006 0"><span class='ocrx_word' id='word_1_295' title='bbox 1813 1438 2118 1481; x_wconf 65' lang='lat' dir='ltr'>Benedzffionem</span> <span class='ocrx_word' id='word_1_296' title='bbox 2138 1466 2151 1480; x_wconf 89' lang='lat'><strong>.</strong></span> 
     </span>
    </p>
   </div>
   <div class='ocr_carea' id='block_1_14' title="bbox 1464 1554 2488 3261">
    <p class='ocr_par' dir='ltr' id='par_1_17' title="bbox 1464 1554 2488 3261">
     <span class='ocr_line' id='line_1_59' title="bbox 1596 1554 2483 1614; baseline -0.006 -13"><span class='ocrx_word' id='word_1_297' title='bbox 1596 1558 1688 1602; x_wconf 67' lang='lat' dir='ltr'>Lias</span> <span class='ocrx_word' id='word_1_298' title='bbox 1722 1572 1795 1614; x_wconf 94' lang='lat' dir='ltr'>pro</span> <span class='ocrx_word' id='word_1_299' title='bbox 1826 1565 1945 1612; x_wconf 79' lang='lat' dir='ltr'>parte</span> <span class='ocrx_word' id='word_1_300' title='bbox 1975 1555 2218 1599; x_wconf 65' lang='lat' dir='ltr'>dileetorum</span> <span class='ocrx_word' id='word_1_301' title='bbox 2252 1554 2450 1597; x_wconf 85' lang='lat' dir='ltr'>Filiorum</span> <span class='ocrx_word' id='word_1_302' title='bbox 2467 1563 2483 1607; x_wconf 82' lang='lat'>‚&#39;</span> 
     </span>
     <span class='ocr_line' id='line_1_60' title="bbox 1620 1612 2487 1672; baseline -0.002 -13"><span class='ocrx_word' id='word_1_303' title='bbox 1620 1618 1884 1672; x_wconf 83' lang='lat' dir='ltr'>Praeceptoris</span> <span class='ocrx_word' id='word_1_304' title='bbox 1901 1646 1915 1668; x_wconf 86' lang='lat'>‚</span> <span class='ocrx_word' id='word_1_305' title='bbox 1946 1617 1985 1658; x_wconf 87' lang='lat'>&amp;</span> <span class='ocrx_word' id='word_1_306' title='bbox 2004 1619 2196 1659; x_wconf 85' lang='lat' dir='ltr'>Fratrum</span> <span class='ocrx_word' id='word_1_307' title='bbox 2225 1612 2378 1656; x_wconf 70' lang='lat' dir='ltr'>Domus</span> <span class='ocrx_word' id='word_1_308' title='bbox 2397 1616 2487 1658; x_wconf 87' lang='lat' dir='ltr'>Re-</span> 
     </span>
     <span class='ocr_line' id='line_1_61' title="bbox 1467 1673 2484 1729; baseline -0.001 -14"><span class='ocrx_word' id='word_1_309' title='bbox 1467 1675 1618 1729; x_wconf 79' lang='lat' dir='ltr'>gularis</span> <span class='ocrx_word' id='word_1_310' title='bbox 1630 1676 1799 1718; x_wconf 89' lang='lat' dir='ltr'>Ordinis</span> <span class='ocrx_word' id='word_1_311' title='bbox 1815 1675 2099 1723; x_wconf 77' lang='lat' dir='ltr'>S-Ant‹›nii,de</span> <span class='ocrx_word' id='word_1_312' title='bbox 2115 1674 2346 1718; x_wconf 84' lang='lat' dir='ltr'>s.Antonio</span> <span class='ocrx_word' id='word_1_313' title='bbox 2358 1673 2484 1715; x_wconf 91' lang='lat' dir='ltr'>Vien-</span> 
     </span>
     <span class='ocr_line' id='line_1_62' title="bbox 1468 1733 2485 1790; baseline -0.002 -15"><span class='ocrx_word' id='word_1_314' title='bbox 1468 1735 1571 1775; x_wconf 77' lang='lat' dir='ltr'>nensi</span> <span class='ocrx_word' id='word_1_315' title='bbox 1587 1763 1599 1784; x_wconf 84' lang='lat'>‚</span> <span class='ocrx_word' id='word_1_316' title='bbox 1619 1734 1772 1790; x_wconf 88' lang='lat' dir='ltr'>Oppidi</span> <span class='ocrx_word' id='word_1_317' title='bbox 1804 1733 1855 1777; x_wconf 92' lang='lat' dir='ltr'>de</span> <span class='ocrx_word' id='word_1_318' title='bbox 1873 1733 2030 1776; x_wconf 81' lang='lat' dir='ltr'>H6chst</span> <span class='ocrx_word' id='word_1_319' title='bbox 2047 1762 2060 1783; x_wconf 84' lang='lat'>,</span> <span class='ocrx_word' id='word_1_320' title='bbox 2085 1733 2332 1787; x_wconf 81' lang='lat' dir='ltr'>Moguntinae</span> <span class='ocrx_word' id='word_1_321' title='bbox 2348 1734 2485 1774; x_wconf 83' lang='lat' dir='ltr'>Dioec.</span> 
     </span>
     <span class='ocr_line' id='line_1_63' title="bbox 1469 1790 2486 1849; baseline -0.002 -16"><span class='ocrx_word' id='word_1_322' title='bbox 1469 1793 1597 1834; x_wconf 85' lang='lat' dir='ltr'>Nobis</span> <span class='ocrx_word' id='word_1_323' title='bbox 1614 1794 1801 1848; x_wconf 83' lang='lat' dir='ltr'>expolito</span> <span class='ocrx_word' id='word_1_324' title='bbox 1818 1822 1831 1844; x_wconf 82' lang='lat'>‚</span> <span class='ocrx_word' id='word_1_325' title='bbox 1848 1793 1955 1849; x_wconf 78' lang='lat' dir='ltr'>quod</span> <span class='ocrx_word' id='word_1_326' title='bbox 1973 1793 2075 1835; x_wconf 68' lang='lat' dir='ltr'>dieta</span> <span class='ocrx_word' id='word_1_327' title='bbox 2095 1795 2247 1835; x_wconf 88' lang='lat' dir='ltr'>Domus</span> <span class='ocrx_word' id='word_1_328' title='bbox 2265 1790 2486 1845; x_wconf 77' lang='lat' dir='ltr'>Regularis</span> 
     </span>
     <span class='ocr_line' id='line_1_64' title="bbox 1466 1847 2488 1906; baseline 0 -14"><span class='ocrx_word' id='word_1_329' title='bbox 1466 1864 1545 1892; x_wconf 86' lang='lat' dir='ltr'>aere</span> <span class='ocrx_word' id='word_1_330' title='bbox 1570 1851 1703 1894; x_wconf 86' lang='lat' dir='ltr'>alieno</span> <span class='ocrx_word' id='word_1_331' title='bbox 1728 1862 1887 1906; x_wconf 81' lang='lat' dir='ltr'>gravata</span> <span class='ocrx_word' id='word_1_332' title='bbox 1906 1851 2183 1906; x_wconf 85' lang='lat' dir='ltr'>reperiebatur</span> <span class='ocrx_word' id='word_1_333' title='bbox 2199 1879 2213 1902; x_wconf 89' lang='lat'>‚</span> <span class='ocrx_word' id='word_1_334' title='bbox 2234 1864 2311 1893; x_wconf 87' lang='lat' dir='ltr'>nec</span> <span class='ocrx_word' id='word_1_335' title='bbox 2330 1847 2488 1892; x_wconf 63' lang='lat' dir='ltr'>Prince-</span> 
     </span>
     <span class='ocr_line' id='line_1_65' title="bbox 1470 1907 2486 1967; baseline -0.001 -17"><span class='ocrx_word' id='word_1_336' title='bbox 1470 1920 1564 1966; x_wconf 86' lang='lat' dir='ltr'>ptor</span> <span class='ocrx_word' id='word_1_337' title='bbox 1576 1940 1589 1961; x_wconf 84' lang='lat'>‚</span> <span class='ocrx_word' id='word_1_338' title='bbox 1606 1912 1645 1952; x_wconf 76' lang='grc' dir='ltr'>δι</span> <span class='ocrx_word' id='word_1_339' title='bbox 1662 1913 1819 1953; x_wconf 85' lang='lat' dir='ltr'>Fratres</span> <span class='ocrx_word' id='word_1_340' title='bbox 1837 1910 2011 1967; x_wconf 67' lang='lat' dir='ltr'>praedieti</span> <span class='ocrx_word' id='word_1_341' title='bbox 2025 1924 2074 1951; x_wconf 83' lang='lat' dir='ltr'>aes</span> <span class='ocrx_word' id='word_1_342' title='bbox 2093 1910 2268 1952; x_wconf 87' lang='lat' dir='ltr'>alienum</span> <span class='ocrx_word' id='word_1_343' title='bbox 2284 1907 2486 1965; x_wconf 85' lang='lat' dir='ltr'>hujusmo-</span> 
     </span>
     <span class='ocr_line' id='line_1_66' title="bbox 1469 1968 2484 2025; baseline -0.001 -15"><span class='ocrx_word' id='word_1_344' title='bbox 1469 1969 1509 2010; x_wconf 75' lang='lat' dir='ltr'>di</span> <span class='ocrx_word' id='word_1_345' title='bbox 1527 1969 1700 2012; x_wconf 85' lang='lat' dir='ltr'>faciliori</span> <span class='ocrx_word' id='word_1_346' title='bbox 1721 1997 1735 2021; x_wconf 80' lang='lat'><strong>,</strong></span> <span class='ocrx_word' id='word_1_347' title='bbox 1766 1972 1805 2013; x_wconf 77' lang='grc' dir='ltr'>δι</span> <span class='ocrx_word' id='word_1_348' title='bbox 1821 1971 1947 2013; x_wconf 87' lang='lat' dir='ltr'>minus</span> <span class='ocrx_word' id='word_1_349' title='bbox 1963 1968 2216 2025; x_wconf 75' lang='lat' dir='ltr'>dispendiosa</span> <span class='ocrx_word' id='word_1_350' title='bbox 2231 1968 2388 2010; x_wconf 88' lang='lat' dir='ltr'>ratione</span> <span class='ocrx_word' id='word_1_351' title='bbox 2412 1981 2484 2009; x_wconf 85' lang='lat' dir='ltr'>ex-</span> 
     </span>
     <span class='ocr_line' id='line_1_67' title="bbox 1472 2027 2488 2085; baseline -0.002 -16"><span class='ocrx_word' id='word_1_352' title='bbox 1472 2028 1658 2082; x_wconf 84' lang='lat' dir='ltr'>tinguere</span> <span class='ocrx_word' id='word_1_353' title='bbox 1674 2037 1861 2084; x_wconf 82' lang='lat' dir='ltr'>poterant</span> <span class='ocrx_word' id='word_1_354' title='bbox 1875 2059 1891 2080; x_wconf 91' lang='lat'>,</span> <span class='ocrx_word' id='word_1_355' title='bbox 1926 2031 2043 2085; x_wconf 69' lang='lat' dir='ltr'>quam</span> <span class='ocrx_word' id='word_1_356' title='bbox 2058 2029 2085 2069; x_wconf 84' lang='lat' dir='ltr'>si</span> <span class='ocrx_word' id='word_1_357' title='bbox 2100 2027 2175 2069; x_wconf 81' lang='lat' dir='ltr'>alia</span> <span class='ocrx_word' id='word_1_358' title='bbox 2197 2027 2378 2080; x_wconf 77' lang='lat' dir='ltr'>quaedam</span> <span class='ocrx_word' id='word_1_359' title='bbox 2397 2029 2488 2068; x_wconf 86' lang='lat' dir='ltr'>Do-</span> 
     </span>
     <span class='ocr_line' id='line_1_68' title="bbox 1472 2084 2484 2144; baseline -0.003 -15"><span class='ocrx_word' id='word_1_360' title='bbox 1472 2101 1557 2129; x_wconf 87' lang='lat' dir='ltr'>mus</span> <span class='ocrx_word' id='word_1_361' title='bbox 1578 2088 1794 2144; x_wconf 85' lang='lat' dir='ltr'>Regularis</span> <span class='ocrx_word' id='word_1_362' title='bbox 1825 2102 1914 2130; x_wconf 89' lang='lat' dir='ltr'>cum</span> <span class='ocrx_word' id='word_1_363' title='bbox 1943 2086 2010 2142; x_wconf 77' lang='lat' dir='ltr'>ipsi</span> <span class='ocrx_word' id='word_1_364' title='bbox 2033 2098 2182 2128; x_wconf 84' lang='lat' dir='ltr'>annexa</span> <span class='ocrx_word' id='word_1_365' title='bbox 2208 2084 2387 2126; x_wconf 85' lang='lat' dir='ltr'>Ecclefia</span> <span class='ocrx_word' id='word_1_366' title='bbox 2411 2084 2484 2127; x_wconf 63' lang='lat' dir='ltr'>itu</span> 
     </span>
     <span class='ocr_line' id='line_1_69' title="bbox 1471 2140 2485 2203; baseline -0.006 -14"><span class='ocrx_word' id='word_1_367' title='bbox 1471 2146 1634 2203; x_wconf 88' lang='lat' dir='ltr'>Oppido</span> <span class='ocrx_word' id='word_1_368' title='bbox 1656 2144 1911 2191; x_wconf 79' lang='lat' dir='ltr'>Francofurti</span> <span class='ocrx_word' id='word_1_369' title='bbox 1934 2145 2045 2188; x_wconf 67' lang='lat' dir='ltr'>diaae</span> <span class='ocrx_word' id='word_1_370' title='bbox 2061 2143 2257 2188; x_wconf 84' lang='lat' dir='ltr'>Dioecefis</span> <span class='ocrx_word' id='word_1_371' title='bbox 2283 2141 2393 2198; x_wconf 83' lang='lat' dir='ltr'>juxta</span> <span class='ocrx_word' id='word_1_372' title='bbox 2417 2140 2485 2184; x_wconf 73' lang='lat' dir='ltr'>sua</span> 
     </span>
     <span class='ocr_line' id='line_1_70' title="bbox 1470 2203 2482 2259; baseline -0.008 -10"><span class='ocrx_word' id='word_1_373' title='bbox 1470 2205 1658 2249; x_wconf 83' lang='lat' dir='ltr'>notiffima</span> <span class='ocrx_word' id='word_1_374' title='bbox 1685 2205 1809 2249; x_wconf 88' lang='lat' dir='ltr'>latera</span> <span class='ocrx_word' id='word_1_375' title='bbox 1839 2206 1936 2255; x_wconf 81' lang='lat' dir='ltr'>sita,</span> <span class='ocrx_word' id='word_1_376' title='bbox 1967 2206 2006 2247; x_wconf 69' lang='grc' dir='ltr'>ὅ(</span> <span class='ocrx_word' id='word_1_377' title='bbox 2032 2205 2052 2246; x_wconf 74' lang='grc' dir='ltr'>εὶ</span> <span class='ocrx_word' id='word_1_378' title='bbox 2079 2203 2318 2259; x_wconf 74' lang='grc' dir='ltr'>ρτῐωοάἱὲὶει</span> <span class='ocrx_word' id='word_1_379' title='bbox 2345 2205 2482 2245; x_wconf 87' lang='lat' dir='ltr'>Domo</span> 
     </span>
     <span class='ocr_line' id='line_1_71' title="bbox 1471 2258 2487 2320; baseline -0.007 -12"><span class='ocrx_word' id='word_1_380' title='bbox 1471 2265 1719 2320; x_wconf 89' lang='lat' dir='ltr'>dependens,</span> <span class='ocrx_word' id='word_1_381' title='bbox 1735 2265 1798 2307; x_wconf 82' lang='lat' dir='ltr'>seu</span> <span class='ocrx_word' id='word_1_382' title='bbox 1815 2265 1864 2307; x_wconf 89' lang='lat' dir='ltr'>ad</span> <span class='ocrx_word' id='word_1_383' title='bbox 1881 2263 1989 2305; x_wconf 91' lang='lat' dir='ltr'>illam</span> <span class='ocrx_word' id='word_1_384' title='bbox 2008 2261 2189 2317; x_wconf 75' lang='lat' dir='ltr'>legitime</span> <span class='ocrx_word' id='word_1_385' title='bbox 2205 2262 2382 2316; x_wconf 52' lang='lat' dir='ltr'>spernus</span> <span class='ocrx_word' id='word_1_386' title='bbox 2394 2287 2409 2310; x_wconf 83' lang='lat'>‚</span> <span class='ocrx_word' id='word_1_387' title='bbox 2424 2258 2487 2302; x_wconf 85' lang='lat' dir='ltr'>di-</span> 
     </span>
     <span class='ocr_line' id='line_1_72' title="bbox 1470 2319 2486 2376; baseline -0.008 -9"><span class='ocrx_word' id='word_1_388' title='bbox 1470 2325 1582 2367; x_wconf 72' lang='lat' dir='ltr'>leetis</span> <span class='ocrx_word' id='word_1_389' title='bbox 1603 2324 1709 2366; x_wconf 88' lang='lat' dir='ltr'>Filiis</span> <span class='ocrx_word' id='word_1_390' title='bbox 1727 2321 1979 2375; x_wconf 84' lang='lat' dir='ltr'>Presbyteris</span> <span class='ocrx_word' id='word_1_391' title='bbox 2001 2319 2320 2376; x_wconf 78' lang='lat' dir='ltr'>SocietatisJefit</span> <span class='ocrx_word' id='word_1_392' title='bbox 2336 2332 2486 2360; x_wconf 88' lang='lat' dir='ltr'>conce-</span> 
     </span>
     <span class='ocr_line' id='line_1_73' title="bbox 1469 2376 2486 2434; baseline -0.007 -8"><span class='ocrx_word' id='word_1_393' title='bbox 1469 2385 1703 2434; x_wconf 79' lang='lat' dir='ltr'>deretur-‚ac</span> <span class='ocrx_word' id='word_1_394' title='bbox 1716 2382 1754 2424; x_wconf 88' lang='lat' dir='ltr'>in</span> <span class='ocrx_word' id='word_1_395' title='bbox 1771 2394 1911 2425; x_wconf 89' lang='lat' dir='ltr'>eorum</span> <span class='ocrx_word' id='word_1_396' title='bbox 1923 2376 2103 2421; x_wconf 84' lang='lat' dir='ltr'>favorem</span> <span class='ocrx_word' id='word_1_397' title='bbox 2115 2377 2486 2433; x_wconf 83' lang='lat' dir='ltr'>alienaretur-,pre-</span> 
     </span>
     <span class='ocr_line' id='line_1_74' title="bbox 1469 2434 2485 2497; baseline -0.007 -11"><span class='ocrx_word' id='word_1_398' title='bbox 1469 2445 1656 2497; x_wconf 88' lang='lat' dir='ltr'>tiumque</span> <span class='ocrx_word' id='word_1_399' title='bbox 1699 2455 1748 2483; x_wconf 87' lang='lat' dir='ltr'>ex</span> <span class='ocrx_word' id='word_1_400' title='bbox 1781 2438 2016 2483; x_wconf 90' lang='lat' dir='ltr'>venditione</span> <span class='ocrx_word' id='word_1_401' title='bbox 2052 2434 2205 2478; x_wconf 73' lang='lat' dir='ltr'>Domus</span> <span class='ocrx_word' id='word_1_402' title='bbox 2251 2435 2485 2492; x_wconf 79' lang='lat' dir='ltr'>hujusmodi</span> 
     </span>
     <span class='ocr_line' id='line_1_75' title="bbox 1471 2493 2482 2557; baseline -0.002 -16"><span class='ocrx_word' id='word_1_403' title='bbox 1471 2505 1714 2557; x_wconf 86' lang='lat' dir='ltr'>proveniens</span> <span class='ocrx_word' id='word_1_404' title='bbox 1738 2502 1778 2541; x_wconf 91' lang='lat' dir='ltr'>in</span> <span class='ocrx_word' id='word_1_405' title='bbox 1810 2498 1903 2540; x_wconf 71' lang='lat' dir='ltr'>dieti</span> <span class='ocrx_word' id='word_1_406' title='bbox 1935 2497 2021 2539; x_wconf 87' lang='lat' dir='ltr'>aeris</span> <span class='ocrx_word' id='word_1_407' title='bbox 2039 2493 2482 2539; x_wconf 80' lang='lat' dir='ltr'>alienidiffolutionem</span> 
     </span>
     <span class='ocr_line' id='line_1_76' title="bbox 1471 2554 2484 2610; baseline -0.007 -7"><span class='ocrx_word' id='word_1_408' title='bbox 1471 2561 1892 2609; x_wconf 86' lang='lat' dir='ltr'>converteretur,Nos</span> <span class='ocrx_word' id='word_1_409' title='bbox 1908 2554 2128 2599; x_wconf 87' lang='lat' dir='ltr'>eorundem</span> <span class='ocrx_word' id='word_1_410' title='bbox 2152 2555 2428 2610; x_wconf 79' lang='lat' dir='ltr'>Praeceptoris,</span> <span class='ocrx_word' id='word_1_411' title='bbox 2443 2555 2484 2596; x_wconf 77' lang='grc' dir='ltr'>δι</span> 
     </span>
     <span class='ocr_line' id='line_1_77' title="bbox 1477 2613 2483 2673; baseline -0.009 -10"><span class='ocrx_word' id='word_1_412' title='bbox 1477 2622 1661 2663; x_wconf 87' lang='lat' dir='ltr'>Fratrum</span> <span class='ocrx_word' id='word_1_413' title='bbox 1684 2615 2035 2673; x_wconf 86' lang='lat' dir='ltr'>supplicationibus</span> <span class='ocrx_word' id='word_1_414' title='bbox 2050 2629 2097 2657; x_wconf 89' lang='lat' dir='ltr'>ea</span> <span class='ocrx_word' id='word_1_415' title='bbox 2115 2615 2153 2655; x_wconf 88' lang='lat' dir='ltr'>in</span> <span class='ocrx_word' id='word_1_416' title='bbox 2171 2623 2284 2668; x_wconf 85' lang='lat' dir='ltr'>parte</span> <span class='ocrx_word' id='word_1_417' title='bbox 2309 2623 2403 2654; x_wconf 88' lang='lat' dir='ltr'>tunc</span> <span class='ocrx_word' id='word_1_418' title='bbox 2422 2613 2483 2654; x_wconf 88' lang='lat' dir='ltr'>in-</span> 
     </span>
     <span class='ocr_line' id='line_1_78' title="bbox 1474 2672 2481 2729; baseline -0.01 -7"><span class='ocrx_word' id='word_1_419' title='bbox 1474 2678 1615 2722; x_wconf 86' lang='lat' dir='ltr'>clinati</span> <span class='ocrx_word' id='word_1_420' title='bbox 1634 2707 1646 2729; x_wconf 87' lang='lat'><strong>,</strong></span> <span class='ocrx_word' id='word_1_421' title='bbox 1672 2679 1722 2721; x_wconf 89' lang='lat' dir='ltr'>de</span> <span class='ocrx_word' id='word_1_422' title='bbox 1735 2674 2043 2720; x_wconf 80' lang='lat' dir='ltr'>venerabilium</span> <span class='ocrx_word' id='word_1_423' title='bbox 2061 2674 2243 2714; x_wconf 84' lang='lat' dir='ltr'>Fratrum</span> <span class='ocrx_word' id='word_1_424' title='bbox 2258 2672 2481 2714; x_wconf 86' lang='lat' dir='ltr'>nostrorum</span> 
     </span>
     <span class='ocr_line' id='line_1_79' title="bbox 1477 2729 2484 2786; baseline -0.009 -6"><span class='ocrx_word' id='word_1_425' title='bbox 1477 2737 1626 2780; x_wconf 88' lang='lat' dir='ltr'><strong>S.R.E.</strong></span> <span class='ocrx_word' id='word_1_426' title='bbox 1643 2735 1921 2779; x_wconf 82' lang='lat' dir='ltr'>cardinalium</span> <span class='ocrx_word' id='word_1_427' title='bbox 1946 2731 2119 2786; x_wconf 87' lang='lat' dir='ltr'>negotiis</span> <span class='ocrx_word' id='word_1_428' title='bbox 2134 2729 2404 2785; x_wconf 84' lang='lat' dir='ltr'>Propagandae</span> <span class='ocrx_word' id='word_1_429' title='bbox 2418 2730 2484 2772; x_wconf 78' lang='lat' dir='ltr'>Fi·</span> 
     </span>
     <span class='ocr_line' id='line_1_80' title="bbox 1472 2789 2483 2851; baseline -0.007 -13"><span class='ocrx_word' id='word_1_430' title='bbox 1472 2796 1540 2838; x_wconf 91' lang='lat' dir='ltr'>dei</span> <span class='ocrx_word' id='word_1_431' title='bbox 1567 2795 1866 2851; x_wconf 86' lang='lat' dir='ltr'>praepofitorum</span> <span class='ocrx_word' id='word_1_432' title='bbox 1890 2791 2056 2834; x_wconf 80' lang='lat' dir='ltr'>consilio</span> <span class='ocrx_word' id='word_1_433' title='bbox 2072 2817 2085 2839; x_wconf 80' lang='lat'>‚</span> <span class='ocrx_word' id='word_1_434' title='bbox 2103 2789 2367 2833; x_wconf 73' lang='lat' dir='ltr'>fraternitati</span> <span class='ocrx_word' id='word_1_435' title='bbox 2386 2790 2483 2831; x_wconf 85' lang='lat' dir='ltr'>Tuae</span> 
     </span>
     <span class='ocr_line' id='line_1_81' title="bbox 1472 2849 2485 2909; baseline -0.005 -13"><span class='ocrx_word' id='word_1_436' title='bbox 1472 2869 1544 2909; x_wconf 89' lang='lat' dir='ltr'>per</span> <span class='ocrx_word' id='word_1_437' title='bbox 1561 2854 1660 2896; x_wconf 87' lang='lat' dir='ltr'>alias</span> <span class='ocrx_word' id='word_1_438' title='bbox 1676 2854 1825 2896; x_wconf 81' lang='lat' dir='ltr'>nostras</span> <span class='ocrx_word' id='word_1_439' title='bbox 1854 2854 1893 2895; x_wconf 88' lang='lat' dir='ltr'>in</span> <span class='ocrx_word' id='word_1_440' title='bbox 1911 2850 2024 2892; x_wconf 79' lang='lat' dir='ltr'>simili</span> <span class='ocrx_word' id='word_1_441' title='bbox 2049 2850 2178 2891; x_wconf 85' lang='lat' dir='ltr'>forma</span> <span class='ocrx_word' id='word_1_442' title='bbox 2196 2849 2337 2892; x_wconf 88' lang='lat' dir='ltr'>Brevis</span> <span class='ocrx_word' id='word_1_443' title='bbox 2360 2861 2485 2904; x_wconf 63' lang='lat' dir='ltr'>expes</span> 
     </span>
     <span class='ocr_line' id='line_1_82' title="bbox 1468 2907 2483 2963; baseline -0.008 -8"><span class='ocrx_word' id='word_1_444' title='bbox 1468 2913 1572 2955; x_wconf 83' lang='lat' dir='ltr'>ditas</span> <span class='ocrx_word' id='word_1_445' title='bbox 1593 2912 1748 2955; x_wconf 80' lang='lat' dir='ltr'>litteras</span> <span class='ocrx_word' id='word_1_446' title='bbox 1763 2910 1946 2955; x_wconf 89' lang='lat' dir='ltr'>dedimus</span> <span class='ocrx_word' id='word_1_447' title='bbox 1970 2909 2008 2952; x_wconf 88' lang='lat' dir='ltr'>in</span> <span class='ocrx_word' id='word_1_448' title='bbox 2026 2907 2225 2951; x_wconf 85' lang='lat' dir='ltr'>mandatis</span> <span class='ocrx_word' id='word_1_449' title='bbox 2239 2936 2252 2958; x_wconf 86' lang='lat'>‚</span> <span class='ocrx_word' id='word_1_450' title='bbox 2268 2916 2483 2963; x_wconf 83' lang='lat' dir='ltr'>quatenus,</span> 
     </span>
     <span class='ocr_line' id='line_1_83' title="bbox 1467 2964 2482 3026; baseline -0.005 -13"><span class='ocrx_word' id='word_1_451' title='bbox 1467 2972 1638 3016; x_wconf 76' lang='lat' dir='ltr'>connita</span> <span class='ocrx_word' id='word_1_452' title='bbox 1655 2973 1746 3015; x_wconf 86' lang='lat' dir='ltr'>Tibi</span> <span class='ocrx_word' id='word_1_453' title='bbox 1763 2970 1942 3026; x_wconf 70' lang='lat' dir='ltr'>legitime</span> <span class='ocrx_word' id='word_1_454' title='bbox 1955 2967 2007 3012; x_wconf 90' lang='lat' dir='ltr'>de</span> <span class='ocrx_word' id='word_1_455' title='bbox 2038 2964 2233 3022; x_wconf 83' lang='lat' dir='ltr'>praemiffis</span> <span class='ocrx_word' id='word_1_456' title='bbox 2246 2994 2262 3018; x_wconf 81' lang='lat'>‚</span> <span class='ocrx_word' id='word_1_457' title='bbox 2293 2964 2482 3010; x_wconf 68' lang='lat' dir='ltr'>eisdem-a</span> 
     </span>
     <span class='ocr_line' id='line_1_84' title="bbox 1470 3024 2483 3083; baseline -0.007 -9"><span class='ocrx_word' id='word_1_458' title='bbox 1470 3032 1719 3083; x_wconf 85' lang='lat' dir='ltr'>Praeceptori</span> <span class='ocrx_word' id='word_1_459' title='bbox 1734 3058 1747 3078; x_wconf 83' lang='lat'><strong>‚</strong></span> <span class='ocrx_word' id='word_1_460' title='bbox 1769 3032 1809 3072; x_wconf 72' lang='grc' dir='ltr'>δι</span> <span class='ocrx_word' id='word_1_461' title='bbox 1827 3029 2034 3072; x_wconf 82' lang='lat' dir='ltr'>Fratribus</span> <span class='ocrx_word' id='word_1_462' title='bbox 2052 3055 2066 3077; x_wconf 88' lang='lat'>‚</span> <span class='ocrx_word' id='word_1_463' title='bbox 2097 3035 2139 3066; x_wconf 81' lang='lat' dir='ltr'>ut</span> <span class='ocrx_word' id='word_1_464' title='bbox 2157 3024 2483 3068; x_wconf 67' lang='lat' dir='ltr'>secundodictam</span> 
     </span>
     <span class='ocr_line' id='line_1_85' title="bbox 1468 3084 2482 3141; baseline -0.008 -8"><span class='ocrx_word' id='word_1_465' title='bbox 1468 3093 1644 3133; x_wconf 87' lang='lat' dir='ltr'>Domum</span> <span class='ocrx_word' id='word_1_466' title='bbox 1675 3088 1898 3141; x_wconf 79' lang='lat' dir='ltr'>huiusmodi</span> <span class='ocrx_word' id='word_1_467' title='bbox 1927 3089 1966 3130; x_wconf 88' lang='lat' dir='ltr'>in</span> <span class='ocrx_word' id='word_1_468' title='bbox 1983 3087 2249 3139; x_wconf 79' lang='lat' dir='ltr'>presbyteros</span> <span class='ocrx_word' id='word_1_469' title='bbox 2273 3084 2482 3139; x_wconf 68' lang='lat' dir='ltr'>praedictos</span> 
     </span>
     <span class='ocr_line' id='line_1_86' title="bbox 1464 3141 2480 3209; baseline -0.008 -18"><span class='ocrx_word' id='word_1_470' title='bbox 1464 3149 1567 3209; x_wconf 83' lang='lat' dir='ltr'>justo</span> <span class='ocrx_word' id='word_1_471' title='bbox 1584 3179 1597 3199; x_wconf 89' lang='lat'>‚</span> <span class='ocrx_word' id='word_1_472' title='bbox 1623 3151 1663 3192; x_wconf 87' lang='lat'>&amp;</span> <span class='ocrx_word' id='word_1_473' title='bbox 1675 3147 1857 3191; x_wconf 85' lang='lat' dir='ltr'>rationaii</span> <span class='ocrx_word' id='word_1_474' title='bbox 1876 3146 2009 3202; x_wconf 85' lang='lat' dir='ltr'>pretio</span> <span class='ocrx_word' id='word_1_475' title='bbox 2024 3144 2096 3187; x_wconf 69' lang='lat' dir='ltr'>uni</span> <span class='ocrx_word' id='word_1_476' title='bbox 2113 3157 2204 3185; x_wconf 89' lang='lat' dir='ltr'>cum</span> <span class='ocrx_word' id='word_1_477' title='bbox 2221 3143 2404 3185; x_wconf 86' lang='lat' dir='ltr'>omnibus</span> <span class='ocrx_word' id='word_1_478' title='bbox 2419 3141 2480 3199; x_wconf 58' lang='lat' dir='ltr'>ju:</span> 
     </span>
     <span class='ocr_line' id='line_1_87' title="bbox 1468 3200 2480 3261; baseline -0.01 -9"><span class='ocrx_word' id='word_1_479' title='bbox 1468 3210 1577 3252; x_wconf 86' lang='lat' dir='ltr'>ribus</span> <span class='ocrx_word' id='word_1_480' title='bbox 1592 3237 1605 3259; x_wconf 80' lang='lat'><strong>‚</strong></span> <span class='ocrx_word' id='word_1_481' title='bbox 1631 3207 1917 3261; x_wconf 81' lang='lat' dir='ltr'>dependentiis</span> <span class='ocrx_word' id='word_1_482' title='bbox 1930 3233 1944 3256; x_wconf 76' lang='lat'>‚</span> <span class='ocrx_word' id='word_1_483' title='bbox 1972 3206 2011 3247; x_wconf 76' lang='grc' dir='ltr'>δε</span> <span class='ocrx_word' id='word_1_484' title='bbox 2027 3202 2283 3259; x_wconf 85' lang='lat' dir='ltr'>pertinentiis</span> <span class='ocrx_word' id='word_1_485' title='bbox 2299 3200 2374 3245; x_wconf 83' lang='lat' dir='ltr'>suis</span> <span class='ocrx_word' id='word_1_486' title='bbox 2391 3201 2480 3257; x_wconf 79' lang='lat' dir='ltr'>uni-</span> 
     </span>
    </p>
   </div>
   <div class='ocr_carea' id='block_1_15' title="bbox 1400 3261 2476 3317">
    <p class='ocr_par' dir='ltr' id='par_1_18' title="bbox 1400 3261 2476 3317">
     <span class='ocr_line' id='line_1_88' title="bbox 1400 3261 2476 3317; baseline -0.009 -8"><span class='ocrx_word' id='word_1_487' title='bbox 1400 3292 1402 3294; x_wconf 96' lang='lat'>·</span> <span class='ocrx_word' id='word_1_488' title='bbox 1469 3266 1590 3309; x_wconf 81' lang='lat' dir='ltr'>versis</span> <span class='ocrx_word' id='word_1_489' title='bbox 1618 3295 1633 3317; x_wconf 81' lang='lat'>,</span> <span class='ocrx_word' id='word_1_490' title='bbox 1666 3266 1835 3309; x_wconf 82' lang='lat' dir='ltr'>servatis</span> <span class='ocrx_word' id='word_1_491' title='bbox 1868 3263 2076 3310; x_wconf 85' lang='lat' dir='ltr'>servandis</span> <span class='ocrx_word' id='word_1_492' title='bbox 2099 3288 2114 3311; x_wconf 67' lang='lat' dir='ltr'>a</span> <span class='ocrx_word' id='word_1_493' title='bbox 2146 3261 2366 3306; x_wconf 79' lang='lat' dir='ltr'>transferre</span> <span class='ocrx_word' id='word_1_494' title='bbox 2387 3289 2404 3311; x_wconf 86' lang='lat'>,</span> <span class='ocrx_word' id='word_1_495' title='bbox 2430 3269 2476 3302; x_wconf 70' lang='lat' dir='ltr'>ac</span> 
     </span>
    </p>
   </div>
   <div class='ocr_carea' id='block_1_16' title="bbox 1466 3320 2501 3786">
    <p class='ocr_par' dir='ltr' id='par_1_19' title="bbox 1466 3320 2501 3786">
     <span class='ocr_line' id='line_1_89' title="bbox 1466 3320 2476 3378; baseline -0.01 -8"><span class='ocrx_word' id='word_1_496' title='bbox 1466 3327 1507 3370; x_wconf 81' lang='lat' dir='ltr'>in</span> <span class='ocrx_word' id='word_1_497' title='bbox 1536 3325 1697 3367; x_wconf 89' lang='lat' dir='ltr'>illorum</span> <span class='ocrx_word' id='word_1_498' title='bbox 1727 3325 1906 3369; x_wconf 81' lang='lat' dir='ltr'>favorem</span> <span class='ocrx_word' id='word_1_499' title='bbox 1932 3323 2109 3367; x_wconf 81' lang='lat' dir='ltr'>alienare</span> <span class='ocrx_word' id='word_1_500' title='bbox 2131 3350 2146 3372; x_wconf 85' lang='lat'><strong>,</strong></span> <span class='ocrx_word' id='word_1_501' title='bbox 2183 3320 2476 3378; x_wconf 68' lang='lat' dir='ltr'>pretiumque.-</span> 
     </span>
     <span class='ocr_line' id='line_1_90' title="bbox 1470 3372 2476 3441; baseline -0.009 -15"><span class='ocrx_word' id='word_1_502' title='bbox 1470 3385 1714 3441; x_wconf 88' lang='lat' dir='ltr'>proveniens</span> <span class='ocrx_word' id='word_1_503' title='bbox 1731 3385 1955 3437; x_wconf 81' lang='lat' dir='ltr'>huiusmodi</span> <span class='ocrx_word' id='word_1_504' title='bbox 1973 3383 2010 3425; x_wconf 88' lang='lat' dir='ltr'>in</span> <span class='ocrx_word' id='word_1_505' title='bbox 2022 3380 2212 3424; x_wconf 70' lang='lat' dir='ltr'>dietiaeris</span> <span class='ocrx_word' id='word_1_506' title='bbox 2225 3378 2347 3423; x_wconf 86' lang='lat' dir='ltr'>alieni</span> <span class='ocrx_word' id='word_1_507' title='bbox 2359 3372 2476 3417; x_wconf 78' lang='lat' dir='ltr'>diffo-</span> 
     </span>
     <span class='ocr_line' id='line_1_91' title="bbox 1469 3438 2475 3493; baseline -0.015 -5"><span class='ocrx_word' id='word_1_508' title='bbox 1469 3445 1695 3493; x_wconf 76' lang='lat' dir='ltr'>lurionem,</span> <span class='ocrx_word' id='word_1_509' title='bbox 1725 3446 1766 3487; x_wconf 76' lang='grc' dir='ltr'>δι</span> <span class='ocrx_word' id='word_1_510' title='bbox 1788 3457 1866 3485; x_wconf 88' lang='lat' dir='ltr'>non</span> <span class='ocrx_word' id='word_1_511' title='bbox 1893 3443 1930 3484; x_wconf 89' lang='lat' dir='ltr'>in</span> <span class='ocrx_word' id='word_1_512' title='bbox 1962 3440 2064 3483; x_wconf 85' lang='lat' dir='ltr'>alios</span> <span class='ocrx_word' id='word_1_513' title='bbox 2091 3438 2178 3482; x_wconf 86' lang='lat' dir='ltr'>usus</span> <span class='ocrx_word' id='word_1_514' title='bbox 2205 3444 2475 3487; x_wconf 59' lang='lat' dir='ltr'>convertere,</span> 
     </span>
     <span class='ocr_line' id='line_1_92' title="bbox 1469 3501 2501 3558; baseline -0.011 -12"><span class='ocrx_word' id='word_1_515' title='bbox 1469 3504 1566 3558; x_wconf 81' lang='lat' dir='ltr'>Ipsis</span> <span class='ocrx_word' id='word_1_516' title='bbox 1583 3506 1683 3547; x_wconf 69' lang='lat' dir='ltr'>vero</span> <span class='ocrx_word' id='word_1_517' title='bbox 1704 3501 1978 3558; x_wconf 83' lang='lat' dir='ltr'>Presbyteris,</span> <span class='ocrx_word' id='word_1_518' title='bbox 1996 3510 2041 3542; x_wconf 89' lang='lat' dir='ltr'>ut</span> <span class='ocrx_word' id='word_1_519' title='bbox 2063 3502 2233 3541; x_wconf 84' lang='lat' dir='ltr'>Domum</span> <span class='ocrx_word' id='word_1_520' title='bbox 2246 3509 2336 3536; x_wconf 89' lang='lat' dir='ltr'>cum</span> <span class='ocrx_word' id='word_1_521' title='bbox 2351 3502 2501 3536; x_wconf 70' lang='lat' dir='ltr'>anne-⁹</span> 
     </span>
     <span class='ocr_line' id='line_1_93' title="bbox 1467 3554 2477 3613; baseline -0.017 -8"><span class='ocrx_word' id='word_1_522' title='bbox 1467 3564 1528 3606; x_wconf 81' lang='lat' dir='ltr'>xis</span> <span class='ocrx_word' id='word_1_523' title='bbox 1549 3561 1800 3613; x_wconf 76' lang='lat' dir='ltr'>huiusmodi,</span> <span class='ocrx_word' id='word_1_524' title='bbox 1825 3560 1874 3603; x_wconf 89' lang='lat' dir='ltr'>ad</span> <span class='ocrx_word' id='word_1_525' title='bbox 1889 3558 2071 3602; x_wconf 69' lang='lat' dir='ltr'>effeetum</span> <span class='ocrx_word' id='word_1_526' title='bbox 2087 3556 2184 3600; x_wconf 87' lang='lat' dir='ltr'>inibi</span> <span class='ocrx_word' id='word_1_527' title='bbox 2198 3567 2316 3595; x_wconf 81' lang='lat' dir='ltr'>unam</span> <span class='ocrx_word' id='word_1_528' title='bbox 2335 3554 2477 3608; x_wconf 86' lang='lat' dir='ltr'>Regu.</span> 
     </span>
     <span class='ocr_line' id='line_1_94' title="bbox 1467 3611 2479 3672; baseline -0.01 -8"><span class='ocrx_word' id='word_1_529' title='bbox 1467 3622 1595 3665; x_wconf 88' lang='lat' dir='ltr'>larem</span> <span class='ocrx_word' id='word_1_530' title='bbox 1612 3626 1814 3672; x_wconf 84' lang='lat' dir='ltr'>Domum,</span> <span class='ocrx_word' id='word_1_531' title='bbox 1844 3618 1907 3662; x_wconf 84' lang='lat' dir='ltr'>seu</span> <span class='ocrx_word' id='word_1_532' title='bbox 1933 3617 2167 3672; x_wconf 85' lang='lat' dir='ltr'>Collegium</span> <span class='ocrx_word' id='word_1_533' title='bbox 2194 3613 2308 3655; x_wconf 70' lang='lat' dir='ltr'>diostae</span> <span class='ocrx_word' id='word_1_534' title='bbox 2335 3611 2479 3654; x_wconf 83' lang='lat' dir='ltr'>Socie-</span> 
     </span>
     <span class='ocr_line' id='line_1_95' title="bbox 1468 3669 2478 3736; baseline -0.009 -13"><span class='ocrx_word' id='word_1_535' title='bbox 1468 3682 1564 3723; x_wconf 82' lang='lat' dir='ltr'>tatis</span> <span class='ocrx_word' id='word_1_536' title='bbox 1589 3680 1806 3736; x_wconf 83' lang='lat' dir='ltr'>erigendi,</span> <span class='ocrx_word' id='word_1_537' title='bbox 1833 3679 2042 3732; x_wconf 83' lang='lat' dir='ltr'>acquirere</span> <span class='ocrx_word' id='word_1_538' title='bbox 2064 3673 2279 3724; x_wconf 83' lang='lat' dir='ltr'>valerent,</span> <span class='ocrx_word' id='word_1_539' title='bbox 2309 3685 2354 3713; x_wconf 91' lang='lat' dir='ltr'>ac</span> <span class='ocrx_word' id='word_1_540' title='bbox 2382 3669 2478 3714; x_wconf 68' lang='lat' dir='ltr'>alias</span> 
     </span>
     <span class='ocr_line' id='line_1_96' title="bbox 1467 3729 2484 3786; baseline -0.013 -3"><span class='ocrx_word' id='word_1_541' title='bbox 1467 3738 1540 3783; x_wconf 91' lang='lat' dir='ltr'>sub</span> <span class='ocrx_word' id='word_1_542' title='bbox 1559 3741 1762 3782; x_wconf 83' lang='lat' dir='ltr'>contentis</span> <span class='ocrx_word' id='word_1_543' title='bbox 1782 3736 1906 3779; x_wconf 84' lang='lat' dir='ltr'>modo</span> <span class='ocrx_word' id='word_1_544' title='bbox 1922 3739 1961 3779; x_wconf 76' lang='grc' dir='ltr'>δι</span> <span class='ocrx_word' id='word_1_545' title='bbox 1976 3733 2102 3777; x_wconf 71' lang='lat' dir='ltr'>forma</span> <span class='ocrx_word' id='word_1_546' title='bbox 2121 3747 2215 3775; x_wconf 79' lang='lat' dir='ltr'>runc</span> <span class='ocrx_word' id='word_1_547' title='bbox 2230 3729 2484 3786; x_wconf 62' lang='lat' dir='ltr'>expreffisdi-</span> 
     </span>
    </p>
   </div>
   <div class='ocr_carea' id='block_1_17' title="bbox 1469 3791 2482 3890">
    <p class='ocr_par' dir='ltr' id='par_1_20' title="bbox 1469 3791 2482 3890">
     <span class='ocr_line' id='line_1_97' title="bbox 1469 3791 2482 3855; baseline -0.016 -12"><span class='ocrx_word' id='word_1_548' title='bbox 1469 3799 1650 3844; x_wconf 80' lang='lat' dir='ltr'>centiam</span> <span class='ocrx_word' id='word_1_549' title='bbox 1673 3797 1917 3842; x_wconf 64' lang='lat' dir='ltr'>auctoritate</span> <span class='ocrx_word' id='word_1_550' title='bbox 1941 3794 2073 3840; x_wconf 84' lang='lat' dir='ltr'>nostra</span> <span class='ocrx_word' id='word_1_551' title='bbox 2087 3791 2360 3836; x_wconf 59' lang='lat' dir='ltr'>concederes,</span> <span class='ocrx_word' id='word_1_552' title='bbox 2384 3800 2482 3855; x_wconf 80' lang='lat' dir='ltr'>pro-</span> 
     </span>
     <span class='ocr_line' id='line_1_98' title="bbox 2325 3858 2422 3890; baseline 0 0"><span class='ocrx_word' id='word_1_553' title='bbox 2325 3858 2366 3890; x_wconf 89' lang='lat' dir='ltr'>ut</span> <span class='ocrx_word' id='word_1_554' title='bbox 2381 3861 2422 3890; x_wconf 85' lang='lat' dir='ltr'>in</span> 
     </span>
    </p>
   </div>
  </div>
 </body>
</html>
