2658 4256
612 285 1405 383 APPROBATIO
1456 283 2012 377 ORDIle.

435 489 524 540 Os
559 484 669 537 infra
702 484 856 555 scripti
887 483 1163 536 Definitores
1187 483 1433 534 Generales
1464 479 1656 532 Ordinis
1687 485 1901 535 Fratrum
1930 487 2173 537 Minorum
2194 487 2345 539 Sanffi

457 562 598 611 Patris
629 556 851 608 Francisci
885 559 1233 623 Capucinorum
1261 553 1562 622 collegialiter
1589 552 1736 610 uniti,
1762 552 1818 602 de
1842 572 2024 615 mente,
2048 556 2096 607 ὅ(
2129 557 2345 607 mandato

271 627 650 681 Reverendiffimi
688 626 929 694 P.Josephi
956 628 1116 676 Mariae
1144 625 1200 674 ab
1219 628 1506 678 Interamna,
1532 619 1734 670 Ministri
1763 623 1902 673 nostri
1919 628 2159 677 Generalis
2181 663 2196 685 ‚
2231 626 2349 676 vidi..

269 717 372 748 mus
390 735 405 757 ,
435 697 684 749 revidimus
701 732 716 754 ,
748 696 795 747 &
814 695 982 745 attente
1015 694 1402 745 consideravimus
1424 693 1632 742 Tomum
1647 695 1737 742 IV.
1756 696 1948 744 Bullarii
1970 697 2107 748 nostri
2127 698 2348 755 Ordinis,

266 770 292 818 a
324 775 379 818 R.
398 772 446 818 P.
466 766 695 816 Michaiile
724 762 948 834 Tugienfi
967 801 982 823 ,
1016 765 1208 815 Ordinis
1237 762 1377 814 nostri
1410 763 1785 821 Concionatore,
1820 762 1868 815 ὃ(
1900 768 2155 818 Provinciae
2185 765 2348 817 nostrae

261 839 514 890 Helveticae
547 839 659 886 olim
689 840 835 886 Sacrae
865 835 1135 904 Theologiae
1162 833 1351 884 Lefiore
1377 830 1469 882 ἃς.
1508 831 1674 900 magna
1705 831 2009 885 sollicitudine
2040 836 2089 889 ὅ(
2129 837 2349 887 industria

258 907 505 958 collecstum
526 942 540 963 ‚
565 904 787 972 variisque
814 907 961 960 notis,
986 923 1039 954 ac
1065 905 1236 953 notitiis
1262 901 1319 952 ad
1342 906 1561 964 majorem
1591 905 1849 971 legentium
1877 907 2124 957 utilitatem
2153 907 2349 956 illustra-

259 991 360 1027 tum
379 1013 392 1026 .
431 980 646 1042 Cumque
663 975 710 1024 in
737 972 894 1025 iisdem
922 977 1041 1024 notis
1062 974 1174 1023 nihil
1203 970 1314 1022 sanae
1331 971 1548 1022 dostrinae
1563 1007 1580 1030 ,
1601 988 1682 1023 aut
1707 974 1836 1024 bonis
1856 976 2064 1026 moribus
2081 976 2311 1026 dissonum
2329 1012 2348 1037 ‚

256 1063 340 1095 nec
368 1046 493 1095 aliud
526 1045 791 1113 quidpiam,
824 1044 951 1112 quod
980 1046 1025 1093 in
1057 1042 1370 1113 praejudicium
1401 1042 1550 1095 Tertii
1585 1059 1776 1114 vergere
1810 1046 1977 1114 poffit,
2009 1049 2349 1107 invenerimus,

257 1116 451 1185 dignum
476 1119 669 1166 omnino
699 1113 965 1173 censemuS‚
999 1129 1051 1163 ut
1087 1113 1278 1164 servatis
1302 1113 1359 1162 de
1381 1117 1484 1176 jure
1515 1111 1746 1166 servandis
1772 1118 1828 1167 ad
1860 1117 2062 1169 debitam
2090 1121 2351 1167 Provincia-

257 1204 392 1244 rum,
428 1205 480 1235 ac
509 1204 661 1236 rerum
689 1187 918 1258 gestarum
947 1186 1158 1235 notitiam
1180 1187 1308 1255 typis
1324 1183 1425 1233 dari
1445 1182 1496 1236 ὅ(
1519 1187 1720 1254 imprimi
1741 1187 1905 1258 poffit.
1937 1188 2165 1242 Dedimus
2183 1194 2349 1241 Roma

257 1256 332 1307 die
364 1275 388 1306 2
395 1277 445 1320 9.
458 1256 740 1328 Septembris
764 1263 913 1323 1746.
1363 1299 1393 1319 .-

808 1386 887 1436 Fr.
920 1384 1260 1436 Maximilianus
1289 1387 1316 1435 ἃ
1334 1384 1587 1452 Vangbeffle,
1609 1384 1834 1451 Dtffi'nitor
1852 1380 2078 1439 Generalis
2100 1390 2153 1440 C.
2170 1389 2211 1441 I.

809 1457 889 1507 fr.
924 1456 1170 1507 BenedJHus
1198 1461 1224 1507 ἃ
1239 1454 1450 1522 Mqffafia
1463 1489 1480 1512 ,
1496 1454 1721 1518 Dtffimor
1739 1456 1960 1505 Generalis
1995 1458 2043 1506 C.
2067 1456 2106 1508 I.
2124 1490 2128 1494 ·

811 1528 892 1578 Fr.
907 1528 1087 1585 Ioannes
1115 1525 1268 1574 Maria
1289 1529 1317 1570 ἃ
1344 1524 1496 1569 Parma
1516 1556 1530 1578 ,
1549 1521 1774 1590 Dffnitor
1788 1526 2009 1577 Generalis
2044 1527 2094 1577 C.
2117 1526 2159 1578 I.

811 1598 892 1647 Fr.
918 1593 1178 1644 Cherubinus
1209 1596 1238 1657 ᾇ
1270 1589 1431 1644 Noves
1457 1590 1685 1660 Dzffinicor
1710 1594 1931 1648 Generalis
1946 1635 1960 1649 .
1998 1597 2103 1667 Cap.
2127 1596 2168 1648 I.

249 2045 563 2137 F.Jost:ph
604 2046 807 2112 Maria
850 2042 926 2111 ab
974 2044 1322 2111 Interamna
1350 2090 1367 2119 ,
1407 2043 1665 2110 Ordinis
1699 2047 1976 2114 Fratrum
2011 2050 2341 2124 Minoi-uni

348 2143 404 2204 S.
426 2144 487 2204 P.
506 2138 810 2205 Francisci
848 2138 1317 2229 Capucinorum
1357 2137 1642 2203 Minister
1681 2143 2000 2207 Generalis
2041 2146 2227 2232 (li.)

404 2330 521 2384 UM
565 2329 773 2379 Tomum
801 2342 1015 2396 quartum
1046 2328 1236 2378 Bullarii
1255 2328 1448 2379 Ordinis
1466 2325 1604 2377 nostri
1631 2328 1656 2376 ὲ
1684 2332 1806 2381 R.P.
1824 2330 2058 2380 Michae'le
2075 2332 2341 2403 Tugienseg

422 2398 621 2463 ejusdem
654 2400 848 2450 Ordinis
880 2400 1225 2451 Concionatore
1244 2435 1259 2458 ,
1285 2403 1386 2450 Sac.
1410 2399 1682 2466 Theologiae
1707 2399 1756 2448 in
1779 2401 2022 2451 Provincia
2044 2405 2337 2459 Helvetia..-

246 2471 578 2528 Iex-Leston,
612 2468 661 2521 ὅ(
693 2489 776 2539 pro
797 2473 999 2521 Natione
1017 2471 1295 2519 Germanica
1324 2470 1440 2520 olim
1473 2470 1725 2520 Secretatio
1744 2472 1963 2522 Generali
1995 2476 2340 2541 compilatum,

246 2540 473 2609 variisque
501 2541 619 2590 notis
649 2539 698 2593 &
733 2544 907 2597 notitiis
937 2538 1244 2599 illustratum,
1270 2555 1468 2608 quatuor
1494 2537 1693 2604 ejusdem
1714 2541 1907 2591 Ordinis
1938 2541 2335 2597 nostriDiffinito-

244 2631 314 2662 res
337 2613 584 2663 Generales
613 2611 900 2672 reviderint,
923 2610 972 2664 ἃ
1004 2614 1048 2661 in
1084 2612 1235 2661 lucem
1261 2612 1331 2661 edi
1364 2610 1484 2679 polle
1511 2610 1837 2679 probaverint,
1865 2629 2020 2664 tenore
2046 2614 2335 2684 praesentium

243 2680 508 2733 facultatem
538 2683 865 2744 concedimus,
892 2698 942 2734 ut
973 2681 1160 2733 servatis
1186 2682 1412 2734 servandis
1436 2686 1562 2750 typis
1600 2684 1893 2751 imprimatur
1911 2722 1923 2735 .
1956 2690 2136 2738 Datum
2164 2705 2225 2737 ex
2253 2705 2335 2738 no·

244 2749 337 2800 stro
353 2757 604 2805 Conventa
631 2757 947 2808 Immaculatae
967 2756 1298 2825 Conceptionis
1327 2754 1384 2804 de
1410 2754 1542 2811 Urbe
1571 2769 1619 2816 3.
1645 2754 1868 2807 Ostobris
1905 2761 2053 2821 1746·

1073 2885 1153 2938 Fr.
1170 2884 1326 2955 Jofipb
1354 2884 1510 2938 Maria
1523 2921 1542 2947 ‚
1569 2888 1646 2954 qui
1655 2875 1789 2950 fiaeprit
1802 2914 1817 2931 .

523 3008 577 3056 L.
612 3015 669 3073 »Β
694 3007 745 3060 S.

2163 3802 2261 3848 AB<
