2658 4256
970 223 1549 312 Helvetica.
2125 262 2234 339 29

226 355 389 422 viginti
411 353 584 422 quinque
601 349 701 418 pofl
729 349 883 399 obitum
915 355 1030 399 annis
1066 352 1224 410 (exesa
1253 354 1353 400 licet
1384 350 1547 421 reliquii
1581 356 1760 418 corporis
1786 361 1942 420 parte)
1959 354 2055 420 sine
2080 366 2299 421 corruptio.

223 445 272 475 ne
298 439 456 490 reperto
474 461 486 473 .

363 494 567 562 Confiffits
594 529 610 550 ,
644 512 761 559 quem
798 492 873 542 Fr.
902 491 1178 558 Sigismundus
1215 495 1240 540 (ὶ
1281 491 1415 558 Tugia
1449 511 1502 541 ex
1534 491 1939 553 Zurlaubianorum,
1978 495 2181 543 Baronum
2211 498 2298 548 ded

217 566 407 624 -Thurn,
434 563 834 632 &Gestellenburg,
868 580 914 610 ac
940 565 1206 609 Dominarum
1239 566 1283 609 in
1313 563 1553 622 Hembrun,
1587 569 1640 611 &³
1669 564 1883 629 Anglilzen
1917 565 2120 633 Sanguine
2139 600 2152 620 ‚
2180 571 2300 613 unde-

218 641 300 686 cies
327 641 372 686 in
397 636 647 703 Definitorio
683 634 918 682 Provinciae
952 636 1171 697 occupavit
1202 668 1217 689 ,
1256 633 1518 697 prudentiam
1544 637 1698 698 pietati
1729 634 1931 699 sociatam
1961 639 2143 702 apprime}
2173 635 2298 684 testa-

216 725 319 766 tur,
356 708 441 755 haec
469 709 575 757 verb
603 721 741 749 nomen
775 707 864 765 ejus
895 703 1146 766 pos‘lerorum
1176 700 1369 750 memoric'i
1396 705 1560 769 dignum
1588 703 1749 752 reddit.

355 776 480 827 Dum
511 779 556 823 in
583 772 657 821 Fr.
675 770 934 838 Marquardo
965 772 1182 842 sarnensi,
1212 791 1266 819 ex
1292 779 1473 836 patritio
1508 774 1791 840 Imse'ldiornm
1818 793 1961 840 genere
1985 779 2182 840 peritiam
2213 776 2301 824 Ar-

211 849 446 899 chitec‘lurae
470 846 595 911 plura
619 840 639 889 ἓ
648 838 939 908 fundamentis
962 842 1095 891 ereHa
1111 878 1125 900 ,
1154 858 1240 890 tum
1277 841 1467 890 Virorum
1482 879 1497 900 ,
1527 860 1613 891 tum
1636 844 1892 893 Monialium
1920 846 2123 903 coenobia,
2153 864 2199 893 ac
2205 846 2300 911 spe-

209 919 364 985 ciositm
395 912 637 966 Parochiale
667 908 882 975 Templum
910 916 954 958 in
990 912 1218 978 Ku‘snacht.
1240 914 1514 961 commendant
1532 949 1547 971 ,
1593 915 1857 962 celebriorem·
1886 915 1988 963 Eum
2027 919 2071 962 in
2102 916 2299 963 Archite-

209 991 326 1040 &ura
355 985 532 1051 mystica
565 981 812 1031 ‘Provincia
838 997 1009 1045 experta
1038 983 1105 1030 es‘?
1122 1018 1137 1038 ,
1175 983 1267 1030 dum
1295 981 1501 1050 Magister
1533 984 1819 1034 Novitiorum
1840 985 1966 1051 plura
1995 1020 2010 1042 ,
2046 984 2101 1031 &¹
2130 988 2297 1035 viva-2

204 1060 252 1108 S.
269 1053 454 1122 Spiritus
470 1089 486 1112 ,
523 1058 577 1101 ες
604 1051 814 1116 Franctfii
850 1051 1023 1118 Templa
1049 1057 1202 1101 recenti
1231 1057 1400 1102 virtute
1430 1071 1575 1102 ornata
1588 1054 1813 1120 formavit
1829 1091 1842 1104 .
1882 1054 1933 1104 In
1961 1055 2202 1103 humilitate
2231 1060 2297 1104 ita

203 1126 433 1183 excelluit,
469 1139 515 1172 ut
547 1123 602 1171 (Υ
630 1120 857 1188 praehabiti
883 1119 1191 1189 Definitoratics
1222 1124 1424 1190 gffi'ssium,
1455 1127 1509 1174 <5
1541 1127 1629 1175 alia
1658 1130 1797 1175 munia
1824 1145 1986 1195 quaque
2017 1128 2300 1186 renuntiaret,

196 1195 424 1269 pastilam
439 1197 625 1247 virtutis
651 1192 736 1260 fine
760 1191 1006 1242 structuram
1033 1197 1173 1262 quieta
1199 1194 1345 1260 ascefi,
1383 1198 1437 1243 &¹
1461 1201 1505 1244 in
1530 1198 1794 1245 meditatione
1809 1196 1937 1266 Legis
1961 1196 2247 1260 completurus.

345 1268 424 1318 Fr.
453 1266 694 1334 ‘Januarius
719 1263 998 1331 Surlacensts,
1024 1265 1147 1330 nostri
1163 1269 1357 1330 temporis
1382 1266 1529 1325 decus,
1552 1266 1651 1335 suit
1681 1268 1758 1317 Vir
1784 1269 1929 1332 plenus
1945 1268 2107 1336 spiritu
2129 1301 2145 1323 ,
2183 1284 2298 1334 quem

198 1342 403 1411 gravitas
421 1333 575 1388 valcas
605 1335 663 1383 ad
668 1334 994 1401 similitudinem
1027 1335 1146 1382 illius
1164 1370 1181 1392 ,
1217 1355 1293 1404 quo
1330 1335 1377 1385 S.
1399 1336 1445 1385 P.
1473 1338 1711 1406 Francifius
1743 1339 1908 1407 depingi
1938 1338 2152 1404 consuevit
2166 1374 2181 1395 ,
2213 1335 2303 1402 fi'r‘

200 1415 308 1462 mati
332 1410 576 1458 indicavit.
616 1403 825 1452 Doctrina
843 1440 858 1463 ,
893 1402 975 1473 quc'i
1003 1409 1152 1453 enituit
1170 1441 1185 1463 ,
1207 1406 1306 1473 scut
1341 1409 1421 1455 illa
1449 1408 1692 1458 Sinc‘lorum
1708 1445 1723 1468 ,
1760 1411 2116 1474 contemplationis
2138 1408 2304 1474 spiritu

202 1484 426 1532 commixta
445 1513 461 1536 ,
495 1481 540 1526 in
561 1474 763 1542 stuporem
795 1479 958 1542 rapiens
989 1495 1054 1523 eos
1079 1511 1095 1533 ‚
1132 1480 1204 1543 qui
1233 1478 1354 1525 illum
1389 1484 1471 1528 vel
1493 1484 1537 1526 in
1568 1481 1718 1529 Schola
1747 1481 1947 1544 legentem
1964 1513 1979 1534 ‚
2015 1479 2099 1527 vel
2121 1487 2165 1524 iu
2199 1477 2302 1525 Pul-

195 1557 290 1621 pito
314 1565 570 1619 perorantem
588 1583 604 1605 ,
639 1546 724 1595 vel
750 1547 860 1595 alias
887 1551 931 1594 in
944 1545 1047 1614 soro
1073 1546 1362 1612 discurrentem
1398 1549 1655 1598 audiverunt
1674 1584 1686 1597 .
1725 1546 1776 1595 In
1801 1548 2039 1599 Provinciae
2069 1546 2265 1615 gubernio
2285 1583 2301 1605 ,

201 1623 315 1693 quod
339 1624 512 1691 quinque
539 1615 712 1668 vicibus
730 1616 910 1683 fitsiepit
935 1652 951 1673 ,
986 1617 1120 1672 zelum
1151 1616 1377 1682 Regularis
1402 1617 1696 1683 Observantiae
1735 1638 1823 1667 cum
1858 1620 1903 1667 di
1924 1622 2100 1667 cretione
2124 1622 2188 1666 ita
2212 1622 2302 1666 uni-

200 1698 282 1746 vit
297 1729 314 1751 ,
343 1707 390 1741 ut
405 1727 420 1749 ,
455 1688 654 1758 quantum
682 1689 846 1734 timoris
861 1720 877 1742 ,
912 1686 1076 1734 tantum
1103 1686 1156 1733 ὑ*
1181 1689 1334 1734 amoris
1356 1690 1400 1734 in
1436 1689 1659 1739 Fratribus
1691 1691 1939 1759 relinqueret
1959 1726 1971 1739 .
2023 1689 2098 1738 Vir
2128 1688 2303 1738 Sanilus

201 1764 466 1813 communiter
492 1759 543 1827 est
574 1754 744 1805 babitus
762 1790 780 1814 ,
813 1772 901 1805 tum
931 1754 980 1802 ob
993 1759 1158 1824 gratias
1174 1792 1189 1814 ,
1212 1759 1298 1808 ‘vel
1311 1757 1577 1811 benedicendo
1592 1797 1608 1821 ,
1646 1763 1729 1813 vel
1752 1781 1900 1810 manus
1924 1761 2161 1827 imponendo
2179 1796 2194 1818 ,
2222 1762 2307 1811 vel

192 1844 335 1903 preces
349 1829 561 1900 fimdendo
584 1829 728 1878 ‘variis
761 1826 955 1894 contestas
982 1843 1054 1875 aut
1084 1826 1270 1876 obtentas
1286 1865 1302 1886 ,
1338 1846 1426 1879 tum
1452 1832 1501 1878 ob
1528 1837 1638 1884 vitae
1665 1837 1937 1882 innocentiam
1956 1869 1972 1891 ,
2004 1850 2124 1900 quam
2157 1830 2301 1880 illiba-

199 1923 287 1957 tam
305 1905 521 1971 Jervavit
543 1935 560 1958 ,
590 1914 677 1947 tum
706 1896 754 1945 ob
786 1902 1016 1947 extaticam
1038 1898 1303 1949 devotionem
1321 1937 1336 1959 ,
1372 1900 1455 1970 qua
1481 1908 1524 1950 in
1558 1905 1691 1952 Deum
1711 1940 1727 1962 ,
1766 1905 2073 1971 Deiparamque
2094 1906 2198 1951 mire
2226 1921 2304 1951 exa

197 1991 300 2027 αντε
319 2012 332 2025 .
364 1972 601 2025 Stanislaus
641 1969 741 2018 Rex
777 1970 983 2029 Poloniae,
1021 1975 1074 2020 &
1110 1969 1393 2038 Lotharingiae
1424 1974 1529 2022 Dux
1543 1974 1810 2043 frequentius
1839 1976 1958 2023 illius
1981 1974 2169 2043 questvic
2200 1975 2306 2023 allo-

201 2052 368 2116 quium,
402 2046 457 2094 &
488 2047 532 2093 in
562 2039 747 2108 tefflram
760 2041 846 2107 sitae
871 2058 967 2107 erga
994 2042 1118 2089 illum
1147 2043 1465 2108 existimationis
1490 2043 1761 2115 &effetam
1798 2044 2003 2113 Imagines
2029 2045 2075 2094 S.
2095 2045 2248 2094 Felicis
2276 2048 2303 2093 ἆ

201 2117 436 2170 Cantalicio
452 2149 468 2172 ,
505 2113 558 2161 (θ’
587 2112 793 2169 aliorum,
833 2112 970 2180 Regia
983 2111 1064 2178 βα
1087 2130 1207 2161 manu
1233 2117 1430 2163 miniatas
1466 2119 1511 2164 in
1532 2119 1678 2166 donum
1704 2117 1849 2177 dedit3
1894 2117 2012 2166 Filia
2038 2133 2176 2165 autem
2209 2121 2301 2181 ejus

199 2189 392 2239 'moderna
421 2184 657 2235 Galliarum
689 2180 858 2249 Regina
883 2217 899 2239 ,
934 2184 1065 2230 adhuc
1099 2183 1244 2231 coelebs
1273 2220 1290 2242 ,
1315 2185 1479 2251 secreta
1514 2189 1647 2238 cordis
1674 2207 1753 2236 non
1770 2188 1901 2254 [ἔκηε]
1932 2193 1968 2235 ei
1988 2186 2217 2255 patefecit,
2249 2187 2305 2234 Φ*

198 2257 484 2327 adgeniculata
507 2251 822 2301 benedttlionem
841 2250 893 2300 ab
915 2271 958 2300 eo
979 2251 1282 2322 Weffnburgi
1310 2261 1490 2325 expetiit
1506 2294 1518 2307 .
1556 2261 1670 2310 Olcae
1694 2260 1927 2326 infirmatus
1946 2293 1963 2315 ,
1996 2258 2160 2325 ipsemet
2180 2257 2306 2324 ficum

200 2327 496 2397 Confi-starium
517 2322 539 2371 ἓ
568 2322 688 2372 Cella
715 2325 905 2374 ‘vocavit
921 2358 938 2381 ,
975 2325 1029 2373 (7
1050 2329 1089 2372 ei
1119 2343 1286 2392 agonem
1297 2327 1422 2391 situm
1455 2333 1647 2379 vicinum
1671 2330 1791 2379 dixit
1810 2365 1824 2380 .
1861 2328 2069 2380 Occubuit
2107 2329 2303 2397 quidem,

200 2403 334 2462 vivit
367 2415 504 2447 tamen
531 2397 577 2443 in
603 2392 786 2443 aelorum
820 2393 992 2462 gloria,
1027 2401 1081 2444 ἐξ
1109 2400 1211 2456 vite
1238 2395 1390 2458 Sanc‘if
1417 2403 1622 2465 opinione.

341 2469 485 2520 'Vivit
523 2466 578 2515 &⁶
613 2464 746 2514 adhuc
782 2463 859 2513 Fr.
893 2465 1156 2532 Apollinaris
1198 2465 1406 2533 Svitenfis
1451 2490 1504 2518 ex
1552 2473 1737 2521 Patritia
1775 2469 2109 2525 Weberianorum
2139 2469 2273 2519 Gente
2287 2504 2304 2527 ,

198 2546 273 2615 'qut‘
312 2541 397 2608 post
438 2539 581 2606 plures
621 2538 666 2584 in
716 2533 920 2602 Miffi‘one
966 2534 1257 2604 Mofiovitica
1295 2539 1455 2588 labores
1485 2576 1500 2597 ,
1550 2540 1802 2611 Sereniffi'mi
1829 2577 1845 2600 ,
1900 2542 1954 2590 ὠ·
1994 2541 2135 2590 ultimi
2180 2539 2303 2588 Prin·

197 2617 305 2681 cipis
330 2609 494 2679 ¹'Jacobi
521 2603 717 2657 Sobieslci
749 2605 984 2675 Theologus
1002 2643 1017 2667 ,
1044 2609 1099 2656 (J
1130 2608 1372 2676 consciencie
1398 2611 1558 2661 arbiter
1586 2613 1736 2665 eleHus
1755 2649 1768 2670 ,
1798 2612 1972 2678 instante
1999 2613 2124 2678 hujus
2151 2609 2299 2667 Filit'i,

196 2682 365 2752 Regina
394 2680 553 2750 Anglig
580 2680 677 2731 (γε.
712 2677 971 2728 Clementiua
990 2713 1008 2738 ,
1043 2677 1186 2745 Sacris
1216 2677 1569 2752 Indulgentiarmg
1605 2686 1660 2736 &¹
1692 2685 1873 2749 Rituum
1909 2681 2303 2752 Congregationibus

194 2753 285 2823 {uit
307 2754 537 2822 adscriptus
552 2781 569 2808 ρ
663 2775 665 2777 ·
1610 2748 1617 2751 ’

618 2865 812 2914 Continet
844 2865 1081 2919 Provincia

690 2980 932 3031 Conventus
957 2982 1157 3031 Fratrum
1192 2985 1327 3035 xxffi.

688 3100 957 3168 Refidentias
991 3100 1174 3151 Stabiles
1211 3119 1270 3153 v1
1287 3120 1304 3150 1
1320 3106 1355 3151 1.'

678 3218 943 3287 Monasteria
975 3220 1231 3285 Monialium
1251 3220 1561 3276 Tertiariarum
1576 3226 1871 3295 Capueinarum
1888 3223 1970 3293 fieb
1983 3224 2169 3295 delegata
2186 3227 2294 3290 Fra-j·

753 3308 758 3312 ’
793 3354 799 3358 1
829 3305 942 3340 trum
991 3290 1090 3340 curii
1119 3292 1386 3343 existentium
1423 3312 1508 3345 Vt.

691 3407 893 3474 Aliarum
927 3425 990 3472 vt
1002 3428 1022 3462 1
1037 3428 1080 3476 19

2151 3867 2241 3908 Mo·-
