2658 4256
922 242 925 247 ’
998 209 1546 301 'Boemicm

431 365 434 367 ·
475 345 516 385 D
545 346 579 386 E
612 346 651 387 C
681 345 721 386 R
752 344 787 385 E
819 343 857 385 Τ
885 343 925 384 O

387 461 579 530 Ejustlem
592 463 639 512 S.
653 461 987 530 Congregationis
1002 495 1017 509 .

190 600 268 647 Fr.
286 594 557 644 Valerianus
575 590 883 641 Miffionarius
905 586 1200 656 Apostolicus

257 682 336 734 per
353 664 617 715 Bohemiam
635 697 652 720 ,
679 660 729 712 ὅ(
747 662 1046 711 Germaniam
1064 661 1199 726 Supe-

256 737 427 786 riorem
445 731 697 783 instituitur
713 765 727 780 .

192 853 474 920 Sam‘liffi'mus
490 854 534 900 in
551 847 721 899 Chriflo
740 848 866 899 Pater
885 853 962 905 ,&
981 848 1040 896 D.
1055 845 1119 896 N.
1133 847 1193 896 D.

331 922 528 977 Urbanus
539 956 556 980 ,
569 920 744 969 Divina
772 917 1054 971 Providentia
1073 962 1075 964 .

555 989 670 1058 Papa
693 986 826 1038 VIII.

328 1110 481 1155 Mnium
497 1106 701 1150 hominum
727 1106 842 1149 saluti
856 1120 928 1162 pro
943 1107 1012 1150 suo
1029 1107 1193 1163 Aposto-

344 1169 423 1213 lico
437 1179 601 1209 munere
617 1166 836 1221 providero
846 1167 1026 1222 cupiens,
1042 1169 1102 1208 Te
1119 1170 1194 1209 Pa·

185 1238 287 1270 trem
315 1227 581 1273 Valerianum
598 1228 787 1281 Magnum
805 1254 818 1277 ,
834 1224 1192 1276 Mediolanensem,

183 1286 453 1342 Capucinum,
465 1284 543 1327 una
558 1298 648 1326 cum
665 1284 792 1327 Sociis
804 1312 816 1335 ,
831 1282 854 1326 a
869 1287 912 1326 P.
927 1288 1196 1328 Procuratore

186 1346 247 1387 tui
261 1344 424 1386 Ordinis
439 1344 533 1389 Tibi
549 1342 781 1397 assignandis
797 1343 846 1384 ad
866 1345 1048 1399 Regnum
1063 1345 1196 1386 Bohe-

187 1404 273 1444 miae
289 1404 453 1446 mittere
466 1403 677 1451 decrevit,
704 1403 741 1442 &
755 1402 910 1452 mittit,
928 1402 1025 1443 utin
1041 1416 1090 1444 eo
1104 1416 1197 1444 cum

185 1461 446 1504 facultatibus
465 1461 555 1503 Tibi
584 1473 656 1514 per
681 1459 775 1501 alias
800 1460 956 1502 litteras
968 1461 1196 1503 conceden-

185 1519 247 1561 dis
260 1547 273 1569 ,
302 1516 490 1562 consensu
504 1529 635 1560 tamen
650 1518 856 1561 Ordinarii
871 1520 977 1575 prius
992 1520 1200 1575 requisito,

185 1578 450 1631 Evangelium
469 1580 518 1619 D.
535 1575 692 1632 N-Jes'u
707 1578 856 1620 Christi
882 1580 1098 1620 annunties
1121 1608 1135 1630 ‚
1161 1580 1202 1619 δε

183 1645 324 1692 gentes
340 1637 428 1678 illas
441 1638 589 1681 doceas
610 1634 1046 1692 servarc,quaecumque
1062 1642 1101 1680 S.
1118 1641 1201 1678 Ma·-

185 1707 248 1736 ter
271 1696 448 1738 Ecclesia
482 1693 695 1736 Catholica
724 1695 953 1749 Apostolica
980 1697 1194 1738 Romana-.-

186 1753 395 1808 praecipit,
419 1755 460 1794 δι
479 1749 726 1808 praesertim,
755 1752 1008 1809 utJudicium
1032 1754 1194 1795 univer·

183 1811 267 1853 sale
282 1811 428 1854 eisdem
443 1810 705 1854 contesteris.
734 1812 798 1852 Tu
814 1811 953 1867 itaque
969 1811 1024 1853 rei
1041 1811 1193 1867 magni-

186 1869 369 1913 tudinem
388 1897 403 1920 ,
423 1872 462 1910 ἃ
477 1867 698 1924 Apostolici
727 1875 899 1912 muneris
915 1870 987 1910 tibi
1002 1868 1193 1913 commisii

183 1926 423 1984 gravitatem
441 1926 542 1970 serit>
555 1927 811 1982 perpendens
826 1956 839 1978 ,
867 1929 905 1970 in
917 1930 1053 1984 primis
1071 1934 1194 1979 cave,

183 2001 234 2028 ne
247 1984 295 2026 ad
312 1986 592 2029 haereticorum
612 1986 827 2029 conciones
839 2015 853 2038 ,
869 1998 937 2029 aut
959 1987 1056 2029 ritus
1076 1985 1192 2044 quos*

186 2045 287 2086 libet
320 2070 336 2092 ,
365 2046 504 2099 quovis
533 2053 729 2099 praetextu
756 2044 822 2087 vel
861 2045 972 2087 causa
999 2047 1194 2089 accedas:

187 2101 336 2145 deinde
349 2115 508 2144 omnem
522 2101 665 2145 adhibe
680 2116 817 2144 curam
833 2131 846 2154 ,
871 2114 913 2145 ut
936 2104 1199 2148 ministerium

187 2171 300 2201 tuum
315 2158 437 2215 digne
457 2188 472 2210 ,
484 2174 528 2202 ac
545 2158 723 2202 fideliter
735 2190 749 2213 ,
763 2163 885 2204 etiam
900 2176 992 2205 cum
1007 2163 1199 2220 sanguinis

189 2217 403 2266 effufione,
429 2232 475 2260 ac
500 2229 630 2261 morte
654 2217 760 2274 ipsa,
785 2219 810 2261 {i
830 2233 930 2275 opus
953 2220 1102 2274 fuerit,
1125 2224 1199 2266 im·-

191 2277 309 2333 plens
323 2305 336 2327 ,
353 2286 397 2319 ut
412 2277 769 2320 immarcessibilem
781 2282 989 2324 Coronam
1001 2283 1023 2325 a
1039 2284 1198 2328 Patre,

188 2335 408 2379 Luminum
436 2336 617 2390 recipere
645 2337 835 2379 merearis
849 2366 861 2378 .
890 2342 1039 2381 Datum
1058 2343 1197 2383 Romae

189 2408 239 2436 ex
253 2395 338 2436 Sac.
353 2396 556 2449 Congreg.
570 2394 623 2436 de
637 2395 761 2451 Prop.
777 2396 875 2438 Fide
895 2397 962 2440 die
975 2411 1040 2453 23.
1058 2400 1196 2443 Martii

187 2451 412 2494 millessimo
433 2452 720 2496 sexcentesimo
736 2454 924 2508 vigesimo
938 2461 1046 2498 nono
1061 2460 1198 2501 Ponti·

189 2510 279 2555 ficat
288 2523 329 2551 us
341 2508 519 2564 ejusdem
532 2513 762 2555 Sanctiffimi
776 2516 828 2555 D.
841 2518 897 2559 N.
919 2518 1041 2558 Anno
1056 2516 1169 2560 sexto
1185 2549 1196 2560 .

223 2627 321 2679 Off.
338 2629 556 2697 Epifiopus
570 2630 726 2697 Ostien.
743 2630 869 2683 Card.
885 2633 1097 2686 Bandinus
1111 2672 1123 2685 .

540 2748 770 2793 Franciscus
782 2752 947 2807 Ingolus
962 2757 1082 2798 Secr-

308 2863 367 2905 Ex
379 2861 743 2918 Archivopraediflo
756 2893 769 2904 .

192 3013 305 3029 —

542 3012 736 3028 n—v—t-

473 3108 924 3158 DECRETO

1261 345 1406 386 Sanan
1422 339 1573 383 officio
1589 336 1767 381 obtentis
1780 366 1794 389 ,
1823 339 1919 383 item
1932 341 2033 385 alias
2049 344 2194 387 similes
2211 349 2276 390 lit-

1261 412 1374 444 teras
1388 402 1436 443 ad
1452 398 1715 441 Germaniam
1731 401 1989 452 Superiorem
2005 431 2018 453 ,
2040 417 2132 446 cum
2147 405 2275 447 facul-

1260 458 1407 503 tatibus
1434 460 1471 501 ei
1485 456 1833 499 communicandis
1845 461 1868 502 a
1884 463 2047 504 Nuncio
2064 463 2248 504 Coloniae
2258 493 2274 514 ,

1258 520 1308 562 ad
1339 515 1625 560 restituendam
1649 513 1687 556 in
1713 513 1762 570 ijs
1781 516 2001 560 Provinciis
2015 522 2273 563 Catholicam

1259 577 1403 620 Fidem
1418 576 1637 618 destinato,

1316 649 1355 677 2.
1389 631 1703 687 Praecipiendum
1720 632 1798 674 effe
1814 633 2071 678 Procuratori
2086 639 2276 679 Genera-

1257 693 1286 735 li
1303 694 1675 747 Capucinorum,ut
1690 692 1820 734 eidem
1835 693 1945 733 Patri
1959 696 2066 737 ultra
2086 699 2272 738 Fratrem

1257 753 1423 794 Laicum
1447 750 1549 792 duos
1571 750 1669 792 alios
1685 750 1930 794 Sacerdotes
1953 755 2130 805 ejusdem
2146 756 2275 796 Ordi-

1256 807 1484 863 nisasfignet
1500 838 1513 860 ,
1541 809 1609 864 qui
1622 809 1660 851 ei
1674 810 1712 851 in
1728 809 1923 865 praedictis
1936 811 2179 855 Missionibus
2191 817 2273 866 So-J

1252 868 1306 908 cii
1321 866 1395 910 sint
1409 866 1610 908 individui
1629 896 1641 907 .
2247 897 2249 899 .

1314 940 1352 981 3.
1390 924 1626 967 Declaravit
1639 925 1814 968 eundem
1829 928 2011 978 Patrem,
2025 942 2069 969 ac
2082 928 2166 983 ejus
2181 940 2264 973 tres

1254 984 1394 1028 Socios
1452 998 1532 1026 non
1583 981 1661 1026 effe
1706 999 1776 1040 per
1815 985 2042 1040 hujusmodi
2070 989 2270 1030 Missiones

1256 1053 1468 1099 exemptos
1495 1043 1516 1084 a
1533 1040 1809 1098 jurisdictione
1824 1073 1838 1095 ,
1866 1059 1912 1084 ac
1929 1044 2128 1099 potestate
2143 1051 2274 1100 Supe—

1256 1102 1410 1144 riorum
1439 1100 1616 1156 ejusdem
1631 1102 1798 1146 Ordinis
1832 1103 1964 1158 quoad
1985 1101 2273 1157 disciplinam„

1255 1161 1515 1216 regularem,
1541 1160 1656 1203 salvis
1680 1172 1819 1204 tamen
1846 1162 1951 1206 infra
1976 1161 2271 1213 decernendis,

1254 1219 1323 1262 sed
1351 1219 1636 1263 tantummodo
1673 1221 1808 1276 quoad
1836 1220 1995 1276 negotia
2011 1220 2273 1276 quomodoli—

1256 1281 1327 1322 bet
1346 1279 1394 1320 ad
1413 1278 1616 1322 Misliones
1627 1280 1831 1333 praeditstas
1847 1279 2079 1335 spectantia,
2091 1281 2183 1321 &in
2197 1279 2275 1321 eis·

1255 1338 1348 1381 dem
1377 1337 1428 1379 ab
1455 1337 1602 1380 eodem
1615 1339 1736 1382 Patre
1750 1366 1764 1386 ³
1791 1354 1838 1382 ac
1853 1339 1982 1383 Sociis
2011 1338 2067 1381 de
2082 1337 2275 1380 mandato

1258 1396 1491 1440 Sanstiffimi
1510 1399 1558 1438 D.
1573 1399 1628 1439 N.
1641 1399 1707 1441 vel
1722 1402 1813 1446 Sac.
1828 1398 2169 1454 Congregationis
2185 1411 2277 1451 per-

1250 1456 1466 1499 traftanda
1479 1485 1494 1506 ,
1508 1457 1546 1496 in
1561 1456 1639 1498 illis
1654 1457 1763 1503 enim
1778 1457 2030 1500 Illustriffimi
2045 1459 2186 1498 Patres
2201 1456 2276 1498 de·

1258 1523 1510 1565 creverunt,
1526 1517 1705 1559 eundem
1723 1518 1902 1566 Patrem,
1917 1529 1961 1556 ac
1979 1515 2119 1568 Socios
2132 1515 2278 1556 imme-

1259 1573 1369 1616 diate
1384 1572 1652 1628 subjiciendos
1666 1571 1744 1620 esse
1758 1573 1944 1627 potestati
1960 1600 1973 1622 a
1993 1571 2276 1629 jurisdiffioni,

1259 1631 1525 1674 &directioni
1551 1630 1724 1684 ejusdem
1740 1631 1976 1675 Sanctissimi
1989 1632 2169 1675 D.N.vel
2186 1636 2278 1675 Sac.

1259 1689 1605 1744 congregationis
1622 1689 1781 1731 tantum
1796 1719 1809 1732 .

1311 1761 1356 1801 4.
1391 1745 1578 1800 Censuit,
1593 1748 1902 1793 concedendum
1917 1749 1996 1792 effe
2010 1749 2144 1792 eidem
2162 1747 2276 1792 Patri

1256 1805 1476 1850 Valeriano
1491 1835 1504 1857 ‚
1532 1821 1576 1848 ac
1593 1808 1660 1850 uni
1675 1822 1726 1849 ex
1742 1810 1869 1852 Sociis
1884 1824 1955 1865 per
1968 1824 2061 1852 eum
2080 1809 2275 1852 assumen-

1253 1865 1338 1917 do,
1376 1863 1489 1907 usum
1514 1880 1652 1908 currus
1677 1897 1692 1918 ,
1715 1868 1806 1923 equi
1833 1894 1847 1917 ,
1873 1878 1943 1914 aut
1962 1869 2132 1911 alterius
2156 1881 2275 1921 gene.

1253 1925 1307 1967 ris
1334 1924 1504 1981 jumenti
1519 1925 1567 1968 ad
1596 1926 1675 1969 iter
1690 1927 1968 1985 peragendum
1983 1927 2094 1982 apti,
2119 1928 2157 1968 in
2173 1925 2277 1968 duo-

1257 1986 1329 2027 bus
1341 1995 1475 2027 tamen
1494 1982 1644 2027 casibus
1659 1985 1832 2037 tantum,
1848 1986 2043 2030 videlicet
2057 1984 2277 2029 necessita-

1257 2044 1308 2084 tis
1328 2044 1396 2086 suae
1413 2043 1656 2087 valetudinis
1684 2073 1697 2096 ,
1724 2044 1791 2087 vel
1818 2044 2062 2089 necessitatis
2087 2045 2270 2100 negotii,

1259 2101 1499 2158 expediendi
1515 2116 1589 2157 pro
1603 2104 1714 2146 Fidei
1726 2105 1950 2146 Catholicae
1966 2104 2275 2161 propagatione,

1258 2163 1298 2202 δι
1319 2162 1538 2203 animarum
1554 2160 1700 2214 salute,
1713 2163 1847 2206 donec
1862 2166 1900 2206 in
1916 2164 2087 2219 praefatis
2104 2163 2274 2218 negotiis

1260 2220 1382 2263 fuerit
1399 2230 1618 2276 occupatus
1630 2250 1642 2262 .

1319 2291 1359 2328 5.
1391 2279 1664 2323 Inhibendum
1679 2307 1693 2330 ,
1713 2294 1757 2323 ac
1773 2281 2090 2336 praecipiendum
2106 2278 2184 2322 esse
2202 2283 2275 2324 Su-

1259 2339 1481 2395 perioribus
1497 2339 1711 2383 Localibus
1726 2339 2277 2395 ReligionisCapucinorum,

1258 2395 1490 2452 caeterisque
1507 2396 1790 2440 Ecclefiasticis
1806 2398 2088 2450 Personis,five
2106 2398 2278 2441 Saecula-

1259 2457 1506 2508 ribus,etiam
1522 2457 1562 2500 in
1578 2455 1853 2499 Ecclesiastica
1869 2457 2070 2512 dignitate
2086 2458 2278 2499 constitu-

1258 2517 1309 2557 tis
1323 2544 1336 2567 ,
1367 2514 1451 2562 five
1468 2514 1740 2570 Regularibus
1754 2546 1770 2566 ,
1790 2515 2075 2572 cujuscumque
2091 2517 2274 2566 Ordinis,

1257 2574 1482 2630 Religionis
1501 2603 1515 2625 ,
1538 2576 1880 2629 Congregationis
1893 2605 1908 2626 ‚
1925 2586 1994 2618 aut
2010 2574 2183 2618 Instituti
2201 2606 2215 2626 ‚
2233 2577 2274 2616 &

1254 2648 1496 2688 quocunque
1516 2634 1676 2675 nomine
1691 2645 1979 2687 nuncupentur
1993 2663 2007 2684 ,
2033 2650 2082 2677 ne
2100 2636 2271 2676 eundem

1255 2696 1419 2737 Patrem
1433 2691 1697 2734 Valerianum
1713 2721 1726 2743 ,
1752 2692 1914 2748 ejusque·
1937 2694 2077 2735 Socios
2104 2693 2273 2749 conjun—

1256 2751 1350 2793 etim
1362 2779 1375 2800 ,
1404 2749 1469 2791 vel
1484 2749 1637 2791 divisim
1657 2780 1672 2800 ‚
1686 2751 1831 2805 quovis
1846 2750 2008 2804 quaefito
2020 2751 2162 2793 colore
2175 2778 2189 2800 ,
2203 2753 2270 2794 vel

1256 2817 1456 2866 praetextu
1472 2837 1485 2856 ,
1511 2819 1576 2849 aut
1594 2807 1692 2850 alias
1708 2808 2089 2863 quomodocumque
2101 2810 2140 2851 in
2150 2823 2273 2866 nego-

1258 2869 1324 2909 tiis
1348 2866 1395 2907 ad
1412 2866 1618 2908 Missiones
1635 2865 1837 2917 praedinas
1859 2868 2163 2920 quomodolibet
2186 2871 2272 2925 spe-

1260 2925 1456 2966 &antibus
1472 2947 1482 2952 -
1511 2923 1707 2975 impedire
1722 2952 1737 2972 ‚
1768 2924 2004 2977 molestare,
2031 2930 2286 2982 autinquie-'

1259 2992 1348 3024 tare
1363 2981 1534 3022 audeant
1550 2980 1621 3022 sub
1634 2982 2050 3041 poenajndignationis
2067 2986 2273 3029 Sanctissi-

1262 3041 1314 3082 mi
1333 3042 1385 3080 D.
1402 3042 1454 3081 N.
1470 3064 1483 3085 ,
1510 3040 1546 3079 &
1563 3053 1635 3094 pro
1650 3050 1834 3095 tempore
1851 3045 2022 3085 Romani
2040 3044 2265 3088 Pontificis.

1331 3100 1385 3142 Et
1427 3097 1629 3152 postremo
1662 3124 1677 3146 ,
1719 3109 1763 3141 ut
1804 3101 1991 3143 meritum
2037 3117 2086 3145 ex
2126 3104 2271 3145 obedi-

1192 3165 1195 3169 ’
1260 3156 1368 3199 entia
1400 3184 1414 3206 ‚
1455 3155 1558 3198 ultra
1583 3156 1684 3199 illud
1705 3184 1720 3206 ,
1763 3159 1873 3213 quod
1902 3174 1952 3201 ex
1979 3162 2171 3215 operibus
2197 3163 2270 3203 bo-

190 3222 405 3290 Ejusdem
430 3228 478 3274 S.
496 3229 877 3296 Congregationis
905 3227 1062 3279 habitae
1093 3230 1165 3278 die
1185 3265 1200 3287 ,

260 3294 309 3346 ὃ(
335 3313 450 3343 anno
466 3295 679 3362 praedi&o
698 3299 820 3345 varia
837 3301 956 3346 circa
973 3299 1200 3351 Miffionis

263 3365 618 3416 circumstantias
638 3365 986 3438 praescribuntur
1004 3405 1016 3418 .
1042 3411 1045 3414 Α

202 3504 237 3532 1.
385 3492 581 3538 Eferente
594 3495 714 3537 11111'10
725 3496 1200 3549 D.Card.S.Sixti,Sacra

205 3576 207 3581 ι
395 3555 679 3610 Congregatio
691 3556 1199 3610 dePropagandaFide‚de-

198 3610 327 3650 crevit
342 3610 445 3651 Patri
463 3612 682 3656 Valeriano
693 3617 844 3669 Magno
857 3643 872 3665 ,
898 3614 1203 3671 Mediolanensi,

198 3665 361 3707 Ordinis
375 3670 689 3724 Capucinorum,
702 3673 949 3718 Miffionario
964 3674 1200 3729 Apostolico

198 3725 472 3787 concedendas
503 3729 581 3771 effe
602 3732 763 3774 litteras
793 3735 982 3775 patentes
1010 3733 1197 3776 Miffionis

197 3795 236 3825 m
256 3784 452 3828 Bohemiae
469 3789 652 3843 Regnum
672 3804 764 3833 cum
779 3792 1032 3836 facultatibus
1063 3792 1159 3836 alias
1173 3795 1196 3837 εὶ

1261 3215 1321 3256 nis
1339 3216 1523 3268 provenit
1540 3216 1687 3259 Christi
1707 3218 1867 3258 Domini
1883 3220 2111 3272 Operariis,
2128 3221 2268 3264 idem„

1259 3275 1381 3315 Pater
1397 3272 1659 3325 Valerianus,
1689 3290 1735 3318 ac
1759 3275 1842 3332 ejus
1857 3278 1963 3318 Socii
1988 3277 2172 3334 consequi
2200 3293 2271 3321 va-

1261 3333 1369 3376 leant
1384 3359 1397 3381 ,
1413 3336 1501 3374 Sac.
1520 3334 1799 3388 Congregatio
1823 3334 1977 3377 censuit
1997 3362 2010 3382 ,
2035 3337 2270 3391 praecipien·

1259 3390 1355 3431 dum
1370 3390 1447 3431 esse
1462 3389 1593 3432 eidem
1611 3394 1751 3442 Patri,
1776 3400 1819 3434 ut
1832 3394 1941 3435 omni
1955 3393 2193 3449 diligentia,
2220 3410 2266 3437 ac

1261 3447 1388 3489 studio
1412 3450 1452 3489 in
1481 3447 1649 3503 praefatis
1668 3450 1922 3494 Missionibus
1939 3480 1950 3501 ‚
1976 3465 2022 3493 ac
2039 3455 2076 3495 in
2095 3455 2267 3507 negotiis

1259 3505 1307 3548 ad
1322 3520 1385 3548 eas
1397 3506 1656 3561 spectantibus
1674 3524 1765 3550 cum
1779 3510 1904 3552 Sociis
1917 3507 2153 3553 assumendis
2167 3513 2268 3555 stre-

1259 3563 1336 3607 nue
1351 3564 1533 3615 laboret,
1558 3569 1598 3609 δι
1613 3570 1796 3610 sanetum
1823 3567 1997 3622 ejusdem
2012 3571 2162 3612 Christi
2181 3574 2266 3613 Do·

1263 3621 1359 3664 mini
1377 3626 1644 3680 Evangelium
1667 3626 1831 3680 Populis
1857 3628 2087 3679 Bohemiae,
2112 3644 2160 3672 ac
2186 3629 2264 3671 illis

1261 3683 1485 3729 Germaniae
1499 3684 1724 3737 Superioris
1737 3713 1750 3734 ,
1764 3685 1812 3725 ad
1827 3700 1926 3740 quos
1940 3689 1963 3731 a
1977 3687 2138 3741 praefato
2152 3691 2267 3730 Nun-

1257 3739 1322 3780 cio
1335 3741 1516 3782 Coloniae
1540 3742 1767 3796 dirigetur,
1797 3745 1836 3785 δε
1862 3745 2079 3799 praesertim
2108 3760 2265 3789 eorum·

1256 3796 1349 3858 dem
1369 3800 1615 3856 Populorum
1631 3801 1882 3859 Principibus
1907 3831 1922 3855 2
1946 3807 1986 3848 &
2002 3805 2187 3849 Dominis
2219 3804 2268 3845 li-

2126 3865 2220 3905 bera
