<?xml version="1.0" encoding="UTF-8"?>
<!DOCTYPE html PUBLIC "-//W3C//DTD XHTML 1.0 Transitional//EN"
    "http://www.w3.org/TR/xhtml1/DTD/xhtml1-transitional.dtd">
<html xmlns="http://www.w3.org/1999/xhtml" xml:lang="en" lang="en">
 <head>
  <title>
</title>
<meta http-equiv="Content-Type" content="text/html;charset=utf-8" />
  <meta name='ocr-system' content='tesseract 3.04.00' />
  <meta name='ocr-capabilities' content='ocr_page ocr_carea ocr_par ocr_line ocrx_word'/>
</head>
<body>
  <div class='ocr_page' id='page_1' title='image "./bullariumordinis04cath_0327.png"; bbox 0 0 2638 4204; ppageno 0'>
   <div class='ocr_carea' id='block_1_1' title="bbox 909 200 1616 328">
    <p class='ocr_par' dir='ltr' id='par_1_1' title="bbox 909 200 1616 328">
     <span class='ocr_line' id='line_1_1' title="bbox 909 200 1616 328; baseline -0.027 -27"><span class='ocrx_word' id='word_1_1' title='bbox 909 200 1616 328; x_wconf 69' lang='lat' dir='ltr'>Colonienfir.</span> 
     </span>
    </p>
   </div>
   <div class='ocr_carea' id='block_1_2' title="bbox 460 383 998 456">
    <p class='ocr_par' dir='ltr' id='par_1_2' title="bbox 460 383 998 456">
     <span class='ocr_line' id='line_1_2' title="bbox 460 383 998 456; baseline -0.011 -1"><span class='ocrx_word' id='word_1_2' title='bbox 460 411 771 456; x_wconf 63' lang='lat' dir='ltr'>capur</span> <span class='ocrx_word' id='word_1_3' title='bbox 856 383 998 451; x_wconf 74' lang='lat' dir='ltr'>vi.v</span> 
     </span>
    </p>
   </div>
   <div class='ocr_carea' id='block_1_3' title="bbox 333 575 1045 702">
    <p class='ocr_par' dir='ltr' id='par_1_3' title="bbox 333 575 1045 702">
     <span class='ocr_line' id='line_1_3' title="bbox 333 575 1045 651; baseline -0.007 -21"><span class='ocrx_word' id='word_1_4' title='bbox 333 575 416 630; x_wconf 82' lang='lat' dir='ltr'>De</span> <span class='ocrx_word' id='word_1_5' title='bbox 452 579 839 651; x_wconf 80' lang='lat' dir='ltr'>Congregationibus</span> <span class='ocrx_word' id='word_1_6' title='bbox 877 579 1045 629; x_wconf 80' lang='lat' dir='ltr'>Frater-</span> 
     </span>
     <span class='ocr_line' id='line_1_4' title="bbox 597 668 778 702; baseline 0 0"><span class='ocrx_word' id='word_1_7' title='bbox 597 668 747 702; x_wconf 75' lang='lat' dir='ltr'>mtam</span> <span class='ocrx_word' id='word_1_8' title='bbox 765 687 778 702; x_wconf 90' lang='lat'><strong>.</strong></span> 
     </span>
    </p>
   </div>
   <div class='ocr_carea' id='block_1_4' title="bbox 184 797 1185 2769">
    <p class='ocr_par' dir='ltr' id='par_1_4' title="bbox 184 797 1178 1149">
     <span class='ocr_line' id='line_1_5' title="bbox 247 797 1177 859; baseline -0.009 -12"><span class='ocrx_word' id='word_1_9' title='bbox 247 806 283 847; x_wconf 83' lang='lat'>1.</span> <span class='ocrx_word' id='word_1_10' title='bbox 314 804 667 859; x_wconf 79' lang='lat' dir='ltr'>Congregationes</span> <span class='ocrx_word' id='word_1_11' title='bbox 685 803 963 847; x_wconf 79' lang='lat' dir='ltr'>Fraternitatis</span> <span class='ocrx_word' id='word_1_12' title='bbox 988 803 1074 844; x_wconf 75' lang='lat' dir='ltr'>sunt</span> <span class='ocrx_word' id='word_1_13' title='bbox 1101 797 1177 840; x_wconf 58' lang='lat' dir='ltr'>dud</span> 
     </span>
     <span class='ocr_line' id='line_1_6' title="bbox 186 858 1175 918; baseline -0.006 -14"><span class='ocrx_word' id='word_1_14' title='bbox 186 861 333 918; x_wconf 86' lang='lat' dir='ltr'>plices.</span> <span class='ocrx_word' id='word_1_15' title='bbox 369 863 622 914; x_wconf 80' lang='lat' dir='ltr'>Generales‚</span> <span class='ocrx_word' id='word_1_16' title='bbox 652 861 728 905; x_wconf 84' lang='lat' dir='ltr'>five</span> <span class='ocrx_word' id='word_1_17' title='bbox 756 874 1012 911; x_wconf 85' lang='lat' dir='ltr'>communes,</span> <span class='ocrx_word' id='word_1_18' title='bbox 1034 858 1175 912; x_wconf 88' lang='lat' dir='ltr'>quibus</span> 
     </span>
     <span class='ocr_line' id='line_1_7' title="bbox 185 915 1178 969; baseline -0.008 -6"><span class='ocrx_word' id='word_1_19' title='bbox 185 934 323 964; x_wconf 88' lang='lat' dir='ltr'>omnes</span> <span class='ocrx_word' id='word_1_20' title='bbox 343 920 509 964; x_wconf 65' lang='lat' dir='ltr'>omnine</span> <span class='ocrx_word' id='word_1_21' title='bbox 521 918 756 963; x_wconf 67' lang='lat' dir='ltr'>Confi-atres</span> <span class='ocrx_word' id='word_1_22' title='bbox 774 921 1014 969; x_wconf 79' lang='lat' dir='ltr'>intererunt3</span> <span class='ocrx_word' id='word_1_23' title='bbox 1035 918 1073 957; x_wconf 81' lang='grc' dir='ltr'>δι</span> <span class='ocrx_word' id='word_1_24' title='bbox 1092 915 1178 968; x_wconf 81' lang='lat' dir='ltr'>spe-</span> 
     </span>
     <span class='ocr_line' id='line_1_8' title="bbox 184 974 1176 1033; baseline -0.008 -13"><span class='ocrx_word' id='word_1_25' title='bbox 184 979 334 1022; x_wconf 81' lang='lat' dir='ltr'>ciales.</span> <span class='ocrx_word' id='word_1_26' title='bbox 370 981 440 1033; x_wconf 60' lang='lat' dir='ltr'>Ha:</span> <span class='ocrx_word' id='word_1_27' title='bbox 455 978 607 1020; x_wconf 80' lang='lat' dir='ltr'>rursum</span> <span class='ocrx_word' id='word_1_28' title='bbox 626 977 805 1030; x_wconf 83' lang='lat' dir='ltr'><strong>duplices</strong></span> <span class='ocrx_word' id='word_1_29' title='bbox 831 976 916 1017; x_wconf 81' lang='lat' dir='ltr'>sunt</span> <span class='ocrx_word' id='word_1_30' title='bbox 934 988 949 1027; x_wconf 81' lang='lat'>3</span> <span class='ocrx_word' id='word_1_31' title='bbox 977 976 1060 1016; x_wconf 84' lang='lat' dir='ltr'>aliae</span> <span class='ocrx_word' id='word_1_32' title='bbox 1075 974 1176 1013; x_wconf 83' lang='lat' dir='ltr'>Prae-</span> 
     </span>
     <span class='ocr_line' id='line_1_9' title="bbox 187 1033 1173 1090; baseline -0.007 -12"><span class='ocrx_word' id='word_1_33' title='bbox 187 1034 313 1090; x_wconf 68' lang='lat' dir='ltr'>secti,</span> <span class='ocrx_word' id='word_1_34' title='bbox 337 1035 686 1078; x_wconf 54' lang='lat' dir='ltr'>&amp;affluentium</span> <span class='ocrx_word' id='word_1_35' title='bbox 715 1033 800 1077; x_wconf 84' lang='lat' dir='ltr'>aliae</span> <span class='ocrx_word' id='word_1_36' title='bbox 815 1033 1078 1090; x_wconf 85' lang='lat' dir='ltr'>Adjutorum.</span> <span class='ocrx_word' id='word_1_37' title='bbox 1111 1033 1173 1072; x_wconf 84' lang='lat' dir='ltr'>De</span> 
     </span>
     <span class='ocr_line' id='line_1_10' title="bbox 186 1091 845 1149; baseline -0.005 -11"><span class='ocrx_word' id='word_1_38' title='bbox 186 1093 430 1149; x_wconf 72' lang='lat' dir='ltr'>his;amplius</span> <span class='ocrx_word' id='word_1_39' title='bbox 449 1091 552 1137; x_wconf 77' lang='lat' dir='ltr'>infra</span> <span class='ocrx_word' id='word_1_40' title='bbox 567 1095 635 1136; x_wconf 78' lang='lat' dir='ltr'>suo</span> <span class='ocrx_word' id='word_1_41' title='bbox 649 1094 741 1136; x_wconf 90' lang='lat' dir='ltr'>loco</span> <span class='ocrx_word' id='word_1_42' title='bbox 755 1124 767 1133; x_wconf 89' lang='lat'><strong>.</strong></span> <span class='ocrx_word' id='word_1_43' title='bbox 843 1104 845 1106; x_wconf 84' lang='grc'><em>·</em></span> 
     </span>
    </p>

    <p class='ocr_par' dir='ltr' id='par_1_5' title="bbox 187 1143 1175 1324">
     <span class='ocr_line' id='line_1_11' title="bbox 246 1143 1175 1211; baseline -0.01 -17"><span class='ocrx_word' id='word_1_44' title='bbox 246 1155 299 1195; x_wconf 85' lang='lat'>11.</span> <span class='ocrx_word' id='word_1_45' title='bbox 334 1151 556 1196; x_wconf 84' lang='lat' dir='ltr'>Generales</span> <span class='ocrx_word' id='word_1_46' title='bbox 587 1151 937 1208; x_wconf 81' lang='lat' dir='ltr'>congregationes</span> <span class='ocrx_word' id='word_1_47' title='bbox 967 1159 1107 1190; x_wconf 90' lang='lat' dir='ltr'>omnes</span> <span class='ocrx_word' id='word_1_48' title='bbox 1135 1143 1175 1211; x_wconf 75' lang='lat' dir='ltr'>in</span> 
     </span>
     <span class='ocr_line' id='line_1_12' title="bbox 189 1208 1174 1265; baseline -0.01 -11"><span class='ocrx_word' id='word_1_49' title='bbox 189 1211 693 1254; x_wconf 63' lang='lat' dir='ltr'>Oratorioffiraternitatis</span> <span class='ocrx_word' id='word_1_50' title='bbox 717 1208 840 1260; x_wconf 85' lang='lat' dir='ltr'>fient,</span> <span class='ocrx_word' id='word_1_51' title='bbox 871 1219 990 1265; x_wconf 89' lang='lat' dir='ltr'>atque</span> <span class='ocrx_word' id='word_1_52' title='bbox 1016 1209 1064 1249; x_wconf 91' lang='lat' dir='ltr'>iis</span> <span class='ocrx_word' id='word_1_53' title='bbox 1088 1217 1174 1247; x_wconf 84' lang='lat' dir='ltr'>uni·</span> 
     </span>
     <span class='ocr_line' id='line_1_13' title="bbox 187 1267 884 1324; baseline -0.006 -12"><span class='ocrx_word' id='word_1_54' title='bbox 187 1269 310 1313; x_wconf 59' lang='lat' dir='ltr'>&#39;eriis</span> <span class='ocrx_word' id='word_1_55' title='bbox 328 1271 448 1312; x_wconf 80' lang='lat' dir='ltr'>Pater</span> <span class='ocrx_word' id='word_1_56' title='bbox 464 1267 680 1324; x_wconf 83' lang='lat' dir='ltr'>spiritualis</span> <span class='ocrx_word' id='word_1_57' title='bbox 698 1270 857 1324; x_wconf 88' lang='lat' dir='ltr'>praeerit</span> <span class='ocrx_word' id='word_1_58' title='bbox 873 1296 884 1308; x_wconf 93' lang='lat'><strong>.</strong></span> 
     </span>
    </p>

    <p class='ocr_par' dir='ltr' id='par_1_6' title="bbox 187 1324 1176 1779">
     <span class='ocr_line' id='line_1_14' title="bbox 245 1324 1175 1381; baseline -0.008 -10"><span class='ocrx_word' id='word_1_59' title='bbox 245 1330 320 1371; x_wconf 88' lang='lat'>111.</span> <span class='ocrx_word' id='word_1_60' title='bbox 359 1327 584 1371; x_wconf 86' lang='lat' dir='ltr'>Generales</span> <span class='ocrx_word' id='word_1_61' title='bbox 600 1326 948 1381; x_wconf 76' lang='lat' dir='ltr'>Congregationes</span> <span class='ocrx_word' id='word_1_62' title='bbox 971 1324 1175 1366; x_wconf 89' lang='lat' dir='ltr'>instituen-</span> 
     </span>
     <span class='ocr_line' id='line_1_15' title="bbox 192 1383 1174 1441; baseline -0.007 -13"><span class='ocrx_word' id='word_1_63' title='bbox 192 1393 261 1429; x_wconf 85' lang='lat' dir='ltr'>tur</span> <span class='ocrx_word' id='word_1_64' title='bbox 274 1386 434 1441; x_wconf 68' lang='lat' dir='ltr'>singulis</span> <span class='ocrx_word' id='word_1_65' title='bbox 446 1387 537 1428; x_wconf 80' lang='lat' dir='ltr'>anni</span> <span class='ocrx_word' id='word_1_66' title='bbox 556 1385 664 1428; x_wconf 84' lang='lat' dir='ltr'>feriis</span> <span class='ocrx_word' id='word_1_67' title='bbox 680 1385 797 1428; x_wconf 79' lang='lat' dir='ltr'>sextis</span> <span class='ocrx_word' id='word_1_68' title='bbox 816 1383 911 1427; x_wconf 64' lang='lat' dir='ltr'>hora</span> <span class='ocrx_word' id='word_1_69' title='bbox 927 1383 1048 1439; x_wconf 87' lang='lat' dir='ltr'>magis</span> <span class='ocrx_word' id='word_1_70' title='bbox 1066 1393 1174 1423; x_wconf 89' lang='lat' dir='ltr'>com·</span> 
     </span>
     <span class='ocr_line' id='line_1_16' title="bbox 190 1441 1176 1498; baseline -0.005 -12"><span class='ocrx_word' id='word_1_71' title='bbox 190 1444 340 1493; x_wconf 70' lang='lat' dir='ltr'>moda,</span> <span class='ocrx_word' id='word_1_72' title='bbox 373 1456 493 1498; x_wconf 85' lang='lat' dir='ltr'>prout</span> <span class='ocrx_word' id='word_1_73' title='bbox 510 1444 752 1487; x_wconf 84' lang='lat' dir='ltr'>Fraternitas</span> <span class='ocrx_word' id='word_1_74' title='bbox 775 1443 1046 1486; x_wconf 69' lang='lat' dir='ltr'>ordinaverit:</span> <span class='ocrx_word' id='word_1_75' title='bbox 1077 1441 1176 1481; x_wconf 85' lang='lat' dir='ltr'>item</span> 
     </span>
     <span class='ocr_line' id='line_1_17' title="bbox 189 1499 1174 1556; baseline -0.004 -12"><span class='ocrx_word' id='word_1_76' title='bbox 189 1503 300 1544; x_wconf 88' lang='lat' dir='ltr'>omni</span> <span class='ocrx_word' id='word_1_77' title='bbox 326 1499 427 1544; x_wconf 64' lang='lat' dir='ltr'>feriri</span> <span class='ocrx_word' id='word_1_78' title='bbox 446 1502 552 1545; x_wconf 61' lang='lat' dir='ltr'>sexta</span> <span class='ocrx_word' id='word_1_79' title='bbox 582 1513 748 1555; x_wconf 81' lang='lat' dir='ltr'>quatuor</span> <span class='ocrx_word' id='word_1_80' title='bbox 763 1510 992 1556; x_wconf 86' lang='lat' dir='ltr'>temporum</span> <span class='ocrx_word' id='word_1_81' title='bbox 1011 1529 1023 1552; x_wconf 91' lang='lat'>,</span> <span class='ocrx_word' id='word_1_82' title='bbox 1050 1499 1174 1540; x_wconf 69' lang='lat' dir='ltr'>&amp;in-</span> 
     </span>
     <span class='ocr_line' id='line_1_18' title="bbox 189 1558 1174 1611; baseline -0.008 -6"><span class='ocrx_word' id='word_1_83' title='bbox 189 1558 432 1611; x_wconf 78' lang='lat' dir='ltr'>Parasceve,</span> <span class='ocrx_word' id='word_1_84' title='bbox 464 1561 513 1603; x_wconf 87' lang='lat' dir='ltr'>ad</span> <span class='ocrx_word' id='word_1_85' title='bbox 542 1560 767 1606; x_wconf 75' lang='lat' dir='ltr'>obeundam</span> <span class='ocrx_word' id='word_1_86' title='bbox 797 1559 901 1601; x_wconf 80' lang='lat' dir='ltr'>viam</span> <span class='ocrx_word' id='word_1_87' title='bbox 933 1564 1141 1602; x_wconf 85' lang='lat' dir='ltr'>Romanam</span> <span class='ocrx_word' id='word_1_88' title='bbox 1160 1568 1174 1597; x_wconf 86' lang='lat'><strong>:</strong></span> 
     </span>
     <span class='ocr_line' id='line_1_19' title="bbox 191 1617 1172 1675; baseline -0.004 -15"><span class='ocrx_word' id='word_1_89' title='bbox 191 1618 356 1662; x_wconf 88' lang='lat' dir='ltr'>demum</span> <span class='ocrx_word' id='word_1_90' title='bbox 398 1619 465 1661; x_wconf 87' lang='lat' dir='ltr'>die</span> <span class='ocrx_word' id='word_1_91' title='bbox 498 1621 616 1675; x_wconf 82' lang='lat' dir='ltr'>magis</span> <span class='ocrx_word' id='word_1_92' title='bbox 648 1630 876 1674; x_wconf 75' lang='lat' dir='ltr'>opportuna</span> <span class='ocrx_word' id='word_1_93' title='bbox 907 1619 988 1674; x_wconf 87' lang='lat' dir='ltr'>post</span> <span class='ocrx_word' id='word_1_94' title='bbox 1022 1617 1172 1660; x_wconf 85' lang='lat' dir='ltr'>Festum</span> 
     </span>
     <span class='ocr_line' id='line_1_20' title="bbox 187 1677 1173 1730; baseline -0.005 -10"><span class='ocrx_word' id='word_1_95' title='bbox 187 1677 514 1720; x_wconf 70' lang='lat' dir='ltr'>circumcisionis</span> <span class='ocrx_word' id='word_1_96' title='bbox 531 1708 544 1730; x_wconf 93' lang='lat'>,</span> <span class='ocrx_word' id='word_1_97' title='bbox 573 1678 620 1721; x_wconf 87' lang='lat' dir='ltr'>ad</span> <span class='ocrx_word' id='word_1_98' title='bbox 641 1677 919 1720; x_wconf 82' lang='lat' dir='ltr'>instituendam</span> <span class='ocrx_word' id='word_1_99' title='bbox 935 1677 1173 1719; x_wconf 64' lang='lat' dir='ltr'>clemonem</span> 
     </span>
     <span class='ocr_line' id='line_1_21' title="bbox 190 1735 660 1779; baseline 0 -2"><span class='ocrx_word' id='word_1_100' title='bbox 190 1748 395 1779; x_wconf 86' lang='lat' dir='ltr'>novorum</span> <span class='ocrx_word' id='word_1_101' title='bbox 406 1735 660 1779; x_wconf 83' lang='lat' dir='ltr'>officialium.</span> 
     </span>
    </p>

    <p class='ocr_par' dir='ltr' id='par_1_7' title="bbox 191 1789 1179 2069">
     <span class='ocr_line' id='line_1_22' title="bbox 248 1789 1178 1850; baseline -0.005 -13"><span class='ocrx_word' id='word_1_102' title='bbox 248 1797 323 1837; x_wconf 87' lang='lat' dir='ltr'>IV.</span> <span class='ocrx_word' id='word_1_103' title='bbox 357 1797 401 1838; x_wconf 89' lang='lat' dir='ltr'>In</span> <span class='ocrx_word' id='word_1_104' title='bbox 428 1793 755 1849; x_wconf 84' lang='lat' dir='ltr'>Congregatione</span> <span class='ocrx_word' id='word_1_105' title='bbox 781 1823 793 1844; x_wconf 86' lang='lat'>,</span> <span class='ocrx_word' id='word_1_106' title='bbox 832 1808 922 1850; x_wconf 82' lang='lat' dir='ltr'>quae¹</span> <span class='ocrx_word' id='word_1_107' title='bbox 948 1793 1054 1835; x_wconf 77' lang='lat' dir='ltr'>omni</span> <span class='ocrx_word' id='word_1_108' title='bbox 1078 1789 1178 1833; x_wconf 63' lang='lat' dir='ltr'>feria</span> 
     </span>
     <span class='ocr_line' id='line_1_23' title="bbox 191 1849 1177 1908; baseline 0.001 -15"><span class='ocrx_word' id='word_1_109' title='bbox 191 1850 304 1894; x_wconf 65' lang='lat' dir='ltr'>sexta</span> <span class='ocrx_word' id='word_1_110' title='bbox 321 1851 390 1894; x_wconf 85' lang='lat' dir='ltr'>fiet</span> <span class='ocrx_word' id='word_1_111' title='bbox 402 1879 415 1902; x_wconf 68' lang='lat' dir='ltr'>a</span> <span class='ocrx_word' id='word_1_112' title='bbox 430 1853 547 1896; x_wconf 77' lang='lat' dir='ltr'>Pater</span> <span class='ocrx_word' id='word_1_113' title='bbox 562 1849 774 1908; x_wconf 72' lang='lat' dir='ltr'>spititualis</span> <span class='ocrx_word' id='word_1_114' title='bbox 790 1852 950 1896; x_wconf 88' lang='lat' dir='ltr'>initium</span> <span class='ocrx_word' id='word_1_115' title='bbox 963 1882 975 1902; x_wconf 93' lang='lat'><strong>,</strong></span> <span class='ocrx_word' id='word_1_116' title='bbox 1002 1854 1040 1894; x_wconf 89' lang='lat'>&amp;</span> <span class='ocrx_word' id='word_1_117' title='bbox 1059 1849 1177 1894; x_wconf 86' lang='lat' dir='ltr'>finem</span> 
     </span>
     <span class='ocr_line' id='line_1_24' title="bbox 193 1908 1176 1966; baseline -0.001 -16"><span class='ocrx_word' id='word_1_118' title='bbox 193 1908 314 1951; x_wconf 84' lang='lat' dir='ltr'>faciet</span> <span class='ocrx_word' id='word_1_119' title='bbox 328 1938 342 1960; x_wconf 88' lang='lat'>‚</span> <span class='ocrx_word' id='word_1_120' title='bbox 364 1910 535 1952; x_wconf 89' lang='lat' dir='ltr'>dicendo</span> <span class='ocrx_word' id='word_1_121' title='bbox 550 1910 755 1954; x_wconf 85' lang='lat' dir='ltr'>consuetas</span> <span class='ocrx_word' id='word_1_122' title='bbox 769 1925 907 1966; x_wconf 82' lang='lat' dir='ltr'>preces</span> <span class='ocrx_word' id='word_1_123' title='bbox 920 1938 932 1959; x_wconf 66' lang='lat' dir='ltr'>a</span> <span class='ocrx_word' id='word_1_124' title='bbox 949 1912 987 1952; x_wconf 91' lang='lat'>&amp;</span> <span class='ocrx_word' id='word_1_125' title='bbox 1001 1911 1176 1966; x_wconf 79' lang='lat' dir='ltr'>aliquam</span> 
     </span>
     <span class='ocr_line' id='line_1_25' title="bbox 191 1968 1179 2019; baseline 0.001 -7"><span class='ocrx_word' id='word_1_126' title='bbox 191 1969 362 2012; x_wconf 85' lang='lat' dir='ltr'>brevem</span> <span class='ocrx_word' id='word_1_127' title='bbox 386 1994 401 2019; x_wconf 68' lang='lat'>2</span> <span class='ocrx_word' id='word_1_128' title='bbox 435 1969 474 2010; x_wconf 88' lang='lat'>&amp;</span> <span class='ocrx_word' id='word_1_129' title='bbox 507 1968 713 2012; x_wconf 83' lang='lat' dir='ltr'>nervosam</span> <span class='ocrx_word' id='word_1_130' title='bbox 745 1971 1068 2014; x_wconf 77' lang='lat' dir='ltr'>exhortationem</span> <span class='ocrx_word' id='word_1_131' title='bbox 1109 1970 1179 2013; x_wconf 81' lang='lat' dir='ltr'>ha-</span> 
     </span>
     <span class='ocr_line' id='line_1_26' title="bbox 192 2027 1026 2069; baseline -0.005 0"><span class='ocrx_word' id='word_1_132' title='bbox 192 2027 328 2069; x_wconf 67' lang='lat' dir='ltr'>beblt·</span> <span class='ocrx_word' id='word_1_133' title='bbox 1023 2050 1026 2052; x_wconf 64' lang='grc'><strong><em>’</em></strong></span> 
     </span>
    </p>

    <p class='ocr_par' dir='ltr' id='par_1_8' title="bbox 194 2084 1182 2376">
     <span class='ocr_line' id='line_1_27' title="bbox 253 2084 1182 2141; baseline 0.001 -16"><span class='ocrx_word' id='word_1_134' title='bbox 253 2086 305 2130; x_wconf 76' lang='lat' dir='ltr'>V.</span> <span class='ocrx_word' id='word_1_135' title='bbox 337 2084 504 2129; x_wconf 73' lang='lat' dir='ltr'>Interim</span> <span class='ocrx_word' id='word_1_136' title='bbox 521 2085 616 2128; x_wconf 91' lang='lat' dir='ltr'>dum</span> <span class='ocrx_word' id='word_1_137' title='bbox 633 2085 713 2141; x_wconf 87' lang='lat' dir='ltr'>ipse</span> <span class='ocrx_word' id='word_1_138' title='bbox 727 2086 991 2141; x_wconf 71' lang='lat' dir='ltr'>exspee&#39;tatur,</span> <span class='ocrx_word' id='word_1_139' title='bbox 1007 2100 1057 2130; x_wconf 83' lang='lat' dir='ltr'>ne</span> <span class='ocrx_word' id='word_1_140' title='bbox 1070 2084 1182 2136; x_wconf 83' lang='lat' dir='ltr'>otio,</span> 
     </span>
     <span class='ocr_line' id='line_1_28' title="bbox 194 2142 1178 2200; baseline 0 -16"><span class='ocrx_word' id='word_1_141' title='bbox 194 2144 235 2184; x_wconf 74' lang='grc' dir='ltr'>δε</span> <span class='ocrx_word' id='word_1_142' title='bbox 256 2142 356 2183; x_wconf 88' lang='lat' dir='ltr'>inani</span> <span class='ocrx_word' id='word_1_143' title='bbox 379 2142 585 2199; x_wconf 90' lang='lat' dir='ltr'>colloquio</span> <span class='ocrx_word' id='word_1_144' title='bbox 599 2156 753 2200; x_wconf 86' lang='lat' dir='ltr'>tempus</span> <span class='ocrx_word' id='word_1_145' title='bbox 772 2147 968 2188; x_wconf 82' lang='lat' dir='ltr'>inutiliter</span> <span class='ocrx_word' id='word_1_146' title='bbox 995 2143 1178 2198; x_wconf 83' lang='lat' dir='ltr'>tranliga-</span> 
     </span>
     <span class='ocr_line' id='line_1_29' title="bbox 201 2202 1182 2259; baseline 0 -16"><span class='ocrx_word' id='word_1_147' title='bbox 201 2213 293 2253; x_wconf 82' lang='lat' dir='ltr'>tur,</span> <span class='ocrx_word' id='word_1_148' title='bbox 318 2202 521 2243; x_wconf 78' lang='lat' dir='ltr'>silentibus</span> <span class='ocrx_word' id='word_1_149' title='bbox 538 2203 623 2244; x_wconf 86' lang='lat' dir='ltr'>aliis</span> <span class='ocrx_word' id='word_1_150' title='bbox 636 2230 648 2253; x_wconf 87' lang='lat'>,</span> <span class='ocrx_word' id='word_1_151' title='bbox 674 2214 793 2259; x_wconf 86' lang='lat' dir='ltr'>atque</span> <span class='ocrx_word' id='word_1_152' title='bbox 809 2206 963 2246; x_wconf 79' lang='lat' dir='ltr'>attente</span> <span class='ocrx_word' id='word_1_153' title='bbox 981 2203 1182 2246; x_wconf 85' lang='lat' dir='ltr'>audienti-</span> 
     </span>
     <span class='ocr_line' id='line_1_30' title="bbox 194 2260 1180 2319; baseline -0.003 -16"><span class='ocrx_word' id='word_1_154' title='bbox 194 2260 302 2309; x_wconf 87' lang='lat' dir='ltr'>bus,</span> <span class='ocrx_word' id='word_1_155' title='bbox 334 2273 432 2301; x_wconf 87' lang='lat' dir='ltr'>unus</span> <span class='ocrx_word' id='word_1_156' title='bbox 464 2261 669 2316; x_wconf 82' lang='lat' dir='ltr'>quidpiam</span> <span class='ocrx_word' id='word_1_157' title='bbox 701 2262 725 2303; x_wconf 78' lang='grc' dir='ltr'>ὂ</span> <span class='ocrx_word' id='word_1_158' title='bbox 758 2264 823 2317; x_wconf 88' lang='lat' dir='ltr'>pio</span> <span class='ocrx_word' id='word_1_159' title='bbox 853 2262 986 2319; x_wconf 82' lang='lat' dir='ltr'>aliquo</span> <span class='ocrx_word' id='word_1_160' title='bbox 1019 2261 1180 2311; x_wconf 83' lang='lat' dir='ltr'>libello,</span> 
     </span>
     <span class='ocr_line' id='line_1_31' title="bbox 196 2318 1182 2376; baseline 0.003 -17"><span class='ocrx_word' id='word_1_161' title='bbox 196 2332 316 2375; x_wconf 83' lang='lat' dir='ltr'>quem</span> <span class='ocrx_word' id='word_1_162' title='bbox 358 2319 478 2360; x_wconf 88' lang='lat' dir='ltr'>Pater</span> <span class='ocrx_word' id='word_1_163' title='bbox 516 2319 741 2374; x_wconf 82' lang='lat' dir='ltr'>spiritualis</span> <span class='ocrx_word' id='word_1_164' title='bbox 781 2318 1034 2376; x_wconf 83' lang='lat' dir='ltr'>affignaverit</span> <span class='ocrx_word' id='word_1_165' title='bbox 1065 2347 1080 2369; x_wconf 64' lang='lat'>2</span> <span class='ocrx_word' id='word_1_166' title='bbox 1122 2319 1182 2362; x_wconf 87' lang='lat' dir='ltr'>le-</span> 
     </span>
    </p>

    <p class='ocr_par' dir='ltr' id='par_1_9' title="bbox 196 2387 1185 2769">
     <span class='ocr_line' id='line_1_32' title="bbox 225 2387 292 2420; baseline -0.06 0"><span class='ocrx_word' id='word_1_167' title='bbox 225 2387 265 2420; x_wconf 72' lang='lat' dir='ltr'>et</span> <span class='ocrx_word' id='word_1_168' title='bbox 281 2405 292 2416; x_wconf 85' lang='lat'><strong><em>.</em></strong></span> 
     </span>
     <span class='ocr_line' id='line_1_33' title="bbox 196 2390 1184 2492; baseline 0.003 -16"><span class='ocrx_word' id='word_1_169' title='bbox 196 2390 224 2433; x_wconf 67' lang='lat' dir='ltr'><strong>g</strong></span> <span class='ocrx_word' id='word_1_170' title='bbox 257 2435 332 2476; x_wconf 79' lang='lat' dir='ltr'>VI.</span> <span class='ocrx_word' id='word_1_171' title='bbox 367 2434 496 2477; x_wconf 64' lang='lat' dir='ltr'>Finita</span> <span class='ocrx_word' id='word_1_172' title='bbox 520 2435 832 2485; x_wconf 52' lang='lat' dir='ltr'>exhortatione„</span> <span class='ocrx_word' id='word_1_173' title='bbox 866 2435 890 2477; x_wconf 86' lang='lat' dir='ltr'>fi</span> <span class='ocrx_word' id='word_1_174' title='bbox 911 2436 1063 2492; x_wconf 87' lang='lat' dir='ltr'>aliquid</span> <span class='ocrx_word' id='word_1_175' title='bbox 1091 2451 1184 2492; x_wconf 90' lang='lat' dir='ltr'>pro-</span> 
     </span>
     <span class='ocr_line' id='line_1_34' title="bbox 200 2491 1184 2551; baseline 0.005 -19"><span class='ocrx_word' id='word_1_176' title='bbox 200 2491 431 2545; x_wconf 82' lang='lat' dir='ltr'>ponendum</span> <span class='ocrx_word' id='word_1_177' title='bbox 460 2506 675 2544; x_wconf 78' lang='lat' dir='ltr'>occurrat,</span> <span class='ocrx_word' id='word_1_178' title='bbox 699 2494 884 2536; x_wconf 78' lang='lat' dir='ltr'>ordinate</span> <span class='ocrx_word' id='word_1_179' title='bbox 918 2494 1010 2537; x_wconf 88' lang='lat' dir='ltr'>fiet.</span> <span class='ocrx_word' id='word_1_180' title='bbox 1045 2499 1184 2551; x_wconf 86' lang='lat' dir='ltr'>ltaque</span> 
     </span>
     <span class='ocr_line' id='line_1_35' title="bbox 198 2549 1185 2607; baseline 0.003 -15"><span class='ocrx_word' id='word_1_181' title='bbox 198 2549 374 2607; x_wconf 83' lang='lat' dir='ltr'>juniores</span> <span class='ocrx_word' id='word_1_182' title='bbox 391 2550 587 2593; x_wconf 80' lang='lat' dir='ltr'>seniorum</span> <span class='ocrx_word' id='word_1_183' title='bbox 603 2581 616 2603; x_wconf 85' lang='lat'>‚</span> <span class='ocrx_word' id='word_1_184' title='bbox 638 2567 682 2594; x_wconf 88' lang='lat' dir='ltr'>ac</span> <span class='ocrx_word' id='word_1_185' title='bbox 697 2553 908 2606; x_wconf 82' lang='lat' dir='ltr'>praefertim</span> <span class='ocrx_word' id='word_1_186' title='bbox 923 2553 1185 2596; x_wconf 73' lang='lat' dir='ltr'>Affistentium</span> 
     </span>
     <span class='ocr_line' id='line_1_36' title="bbox 199 2606 1185 2666; baseline 0.006 -17"><span class='ocrx_word' id='word_1_187' title='bbox 199 2606 322 2664; x_wconf 59' lang='lat' dir='ltr'>opera</span> <span class='ocrx_word' id='word_1_188' title='bbox 344 2611 399 2650; x_wconf 87' lang='lat' dir='ltr'>uti</span> <span class='ocrx_word' id='word_1_189' title='bbox 419 2620 605 2661; x_wconf 80' lang='lat' dir='ltr'>poterunt</span> <span class='ocrx_word' id='word_1_190' title='bbox 629 2639 642 2661; x_wconf 85' lang='lat'>,</span> <span class='ocrx_word' id='word_1_191' title='bbox 659 2611 776 2666; x_wconf 73' lang='lat' dir='ltr'>idque·</span> <span class='ocrx_word' id='word_1_192' title='bbox 790 2641 804 2661; x_wconf 88' lang='lat'>‚</span> <span class='ocrx_word' id='word_1_193' title='bbox 825 2622 939 2666; x_wconf 89' lang='lat' dir='ltr'>prout</span> <span class='ocrx_word' id='word_1_194' title='bbox 968 2613 1185 2663; x_wconf 78' lang='lat' dir='ltr'>videbitur,</span> 
     </span>
     <span class='ocr_line' id='line_1_37' title="bbox 198 2667 1185 2728; baseline 0.003 -20"><span class='ocrx_word' id='word_1_195' title='bbox 198 2667 331 2708; x_wconf 86' lang='lat' dir='ltr'>tacitis</span> <span class='ocrx_word' id='word_1_196' title='bbox 349 2695 361 2716; x_wconf 85' lang='lat'>‚</span> <span class='ocrx_word' id='word_1_197' title='bbox 377 2667 442 2709; x_wconf 63' lang='lat' dir='ltr'>uel</span> <span class='ocrx_word' id='word_1_198' title='bbox 459 2668 641 2724; x_wconf 84' lang='lat' dir='ltr'>expreffis</span> <span class='ocrx_word' id='word_1_199' title='bbox 656 2669 881 2727; x_wconf 82' lang='lat' dir='ltr'>nominibus</span> <span class='ocrx_word' id='word_1_200' title='bbox 895 2683 1033 2715; x_wconf 85' lang='lat' dir='ltr'>eorum</span> <span class='ocrx_word' id='word_1_201' title='bbox 1047 2699 1062 2723; x_wconf 68' lang='lat'>2</span> <span class='ocrx_word' id='word_1_202' title='bbox 1085 2685 1185 2728; x_wconf 87' lang='lat' dir='ltr'>quos</span> 
     </span>
     <span class='ocr_line' id='line_1_38' title="bbox 198 2729 527 2769; baseline 0.009 -3"><span class='ocrx_word' id='word_1_203' title='bbox 198 2737 263 2767; x_wconf 87' lang='lat' dir='ltr'>res</span> <span class='ocrx_word' id='word_1_204' title='bbox 293 2729 498 2769; x_wconf 80' lang='lat' dir='ltr'>concernit</span> <span class='ocrx_word' id='word_1_205' title='bbox 515 2755 527 2769; x_wconf 85' lang='lat'><strong>.</strong></span> 
     </span>
    </p>
   </div>
   <div class='ocr_carea' id='block_1_5' title="bbox 463 2901 935 2946">
    <p class='ocr_par' dir='ltr' id='par_1_10' title="bbox 463 2901 935 2946">
     <span class='ocr_line' id='line_1_39' title="bbox 463 2901 935 2946; baseline 0.002 -3"><span class='ocrx_word' id='word_1_206' title='bbox 463 2901 762 2945; x_wconf 88' lang='lat' dir='ltr'><strong>CAPUT</strong></span> <span class='ocrx_word' id='word_1_207' title='bbox 837 2904 935 2946; x_wconf 86' lang='lat' dir='ltr'>vn.</span> 
     </span>
    </p>
   </div>
   <div class='ocr_carea' id='block_1_6' title="bbox 404 3064 999 3137">
    <p class='ocr_par' dir='ltr' id='par_1_11' title="bbox 404 3064 999 3137">
     <span class='ocr_line' id='line_1_40' title="bbox 404 3064 999 3137; baseline 0.003 -24"><span class='ocrx_word' id='word_1_208' title='bbox 404 3064 475 3114; x_wconf 88' lang='lat' dir='ltr'>De</span> <span class='ocrx_word' id='word_1_209' title='bbox 501 3065 691 3117; x_wconf 72' lang='lat' dir='ltr'>eleHione</span> <span class='ocrx_word' id='word_1_210' title='bbox 717 3068 971 3137; x_wconf 83' lang='lat' dir='ltr'>Officialium</span> <span class='ocrx_word' id='word_1_211' title='bbox 987 3103 999 3115; x_wconf 92' lang='lat'><strong>.</strong></span> 
     </span>
    </p>
   </div>
   <div class='ocr_carea' id='block_1_7' title="bbox 206 3251 1197 3718">
    <p class='ocr_par' dir='ltr' id='par_1_12' title="bbox 206 3251 1197 3718">
     <span class='ocr_line' id='line_1_41' title="bbox 265 3251 1197 3304; baseline 0 -10"><span class='ocrx_word' id='word_1_212' title='bbox 265 3251 386 3294; x_wconf 89' lang='lat' dir='ltr'>Omni</span> <span class='ocrx_word' id='word_1_213' title='bbox 413 3264 514 3292; x_wconf 83' lang='lat' dir='ltr'>anno</span> <span class='ocrx_word' id='word_1_214' title='bbox 540 3251 733 3304; x_wconf 84' lang='lat' dir='ltr'>postridie</span> <span class='ocrx_word' id='word_1_215' title='bbox 757 3251 1084 3296; x_wconf 80' lang='lat' dir='ltr'>Circumcifi&#39;onis</span> <span class='ocrx_word' id='word_1_216' title='bbox 1112 3255 1197 3294; x_wconf 88' lang='lat' dir='ltr'>Do·</span> 
     </span>
     <span class='ocr_line' id='line_1_42' title="bbox 206 3308 1193 3364; baseline 0 -14"><span class='ocrx_word' id='word_1_217' title='bbox 206 3311 336 3358; x_wconf 77' lang='lat' dir='ltr'>mini,</span> <span class='ocrx_word' id='word_1_218' title='bbox 368 3320 434 3351; x_wconf 88' lang='lat' dir='ltr'>aut</span> <span class='ocrx_word' id='word_1_219' title='bbox 467 3308 564 3351; x_wconf 66' lang='lat' dir='ltr'>feria*</span> <span class='ocrx_word' id='word_1_220' title='bbox 583 3310 758 3364; x_wconf 61' lang='lat' dir='ltr'>proxima</span> <span class='ocrx_word' id='word_1_221' title='bbox 775 3322 943 3354; x_wconf 86' lang='lat' dir='ltr'>vacante</span> <span class='ocrx_word' id='word_1_222' title='bbox 957 3311 1100 3352; x_wconf 64' lang='lat' dir='ltr'>electio</span> <span class='ocrx_word' id='word_1_223' title='bbox 1124 3325 1193 3351; x_wconf 87' lang='lat' dir='ltr'>no·</span> 
     </span>
     <span class='ocr_line' id='line_1_43' title="bbox 208 3366 1194 3423; baseline -0.001 -14"><span class='ocrx_word' id='word_1_224' title='bbox 208 3380 348 3409; x_wconf 81' lang='lat' dir='ltr'>vorum</span> <span class='ocrx_word' id='word_1_225' title='bbox 373 3366 613 3409; x_wconf 74' lang='lat' dir='ltr'>Officialium</span> <span class='ocrx_word' id='word_1_226' title='bbox 643 3370 894 3412; x_wconf 87' lang='lat' dir='ltr'>instituetur.</span> <span class='ocrx_word' id='word_1_227' title='bbox 930 3372 1068 3423; x_wconf 79' lang='lat' dir='ltr'>ltaque</span> <span class='ocrx_word' id='word_1_228' title='bbox 1098 3367 1194 3409; x_wconf 70' lang='lat' dir='ltr'>hora</span> 
     </span>
     <span class='ocr_line' id='line_1_44' title="bbox 210 3424 1196 3478; baseline 0.003 -13"><span class='ocrx_word' id='word_1_229' title='bbox 210 3424 364 3466; x_wconf 67' lang='lat' dir='ltr'>decima</span> <span class='ocrx_word' id='word_1_230' title='bbox 390 3426 729 3478; x_wconf 80' lang='lat' dir='ltr'>antemeridiana,</span> <span class='ocrx_word' id='word_1_231' title='bbox 761 3427 830 3470; x_wconf 85' lang='lat' dir='ltr'>fiet</span> <span class='ocrx_word' id='word_1_232' title='bbox 862 3427 1048 3469; x_wconf 85' lang='lat' dir='ltr'>officium</span> <span class='ocrx_word' id='word_1_233' title='bbox 1077 3425 1196 3468; x_wconf 79' lang='lat' dir='ltr'>Miffae</span> 
     </span>
     <span class='ocr_line' id='line_1_45' title="bbox 212 3480 1196 3541; baseline 0.002 -19"><span class='ocrx_word' id='word_1_234' title='bbox 212 3480 264 3523; x_wconf 87' lang='lat' dir='ltr'>de</span> <span class='ocrx_word' id='word_1_235' title='bbox 281 3486 428 3535; x_wconf 77' lang='lat' dir='ltr'>Spiritu</span> <span class='ocrx_word' id='word_1_236' title='bbox 446 3487 588 3527; x_wconf 65' lang='lat' dir='ltr'>Sancto</span> <span class='ocrx_word' id='word_1_237' title='bbox 603 3513 617 3535; x_wconf 62' lang='lat'><strong>9</strong></span> <span class='ocrx_word' id='word_1_238' title='bbox 631 3487 669 3526; x_wconf 77' lang='grc' dir='ltr'>δι</span> <span class='ocrx_word' id='word_1_239' title='bbox 684 3489 876 3541; x_wconf 84' lang='lat' dir='ltr'>rogabunt</span> <span class='ocrx_word' id='word_1_240' title='bbox 891 3499 1029 3526; x_wconf 88' lang='lat' dir='ltr'>omnes</span> <span class='ocrx_word' id='word_1_241' title='bbox 1047 3487 1196 3535; x_wconf 87' lang='lat' dir='ltr'>Deum,</span> 
     </span>
     <span class='ocr_line' id='line_1_46' title="bbox 213 3540 1194 3597; baseline 0.005 -18"><span class='ocrx_word' id='word_1_242' title='bbox 213 3549 257 3579; x_wconf 92' lang='lat' dir='ltr'>ut</span> <span class='ocrx_word' id='word_1_243' title='bbox 286 3540 467 3584; x_wconf 56' lang='lat' dir='ltr'>electioni</span> <span class='ocrx_word' id='word_1_244' title='bbox 489 3542 553 3585; x_wconf 66' lang='lat' dir='ltr'>sua</span> <span class='ocrx_word' id='word_1_245' title='bbox 577 3543 703 3597; x_wconf 69' lang='lat' dir='ltr'>gratia</span> <span class='ocrx_word' id='word_1_246' title='bbox 719 3574 732 3595; x_wconf 88' lang='lat'>,</span> <span class='ocrx_word' id='word_1_247' title='bbox 761 3547 800 3586; x_wconf 61' lang='grc' dir='ltr'>ὃς</span> <span class='ocrx_word' id='word_1_248' title='bbox 821 3545 1040 3586; x_wconf 71' lang='grc' dir='ltr'>ἀὶτεέὶὶοηε</span> <span class='ocrx_word' id='word_1_249' title='bbox 1056 3542 1194 3584; x_wconf 85' lang='lat' dir='ltr'>affiste·</span> 
     </span>
     <span class='ocr_line' id='line_1_47' title="bbox 212 3597 1192 3658; baseline 0.004 -20"><span class='ocrx_word' id='word_1_250' title='bbox 212 3610 256 3638; x_wconf 91' lang='lat' dir='ltr'>re</span> <span class='ocrx_word' id='word_1_251' title='bbox 271 3597 482 3650; x_wconf 82' lang='lat' dir='ltr'>dignetur.</span> <span class='ocrx_word' id='word_1_252' title='bbox 513 3606 545 3644; x_wconf 88' lang='lat' dir='ltr'>A</span> <span class='ocrx_word' id='word_1_253' title='bbox 577 3603 746 3656; x_wconf 89' lang='lat' dir='ltr'>prandio</span> <span class='ocrx_word' id='word_1_254' title='bbox 779 3602 875 3645; x_wconf 65' lang='lat' dir='ltr'>hora</span> <span class='ocrx_word' id='word_1_255' title='bbox 907 3602 1033 3658; x_wconf 59' lang='lat' dir='ltr'>primii</span> <span class='ocrx_word' id='word_1_256' title='bbox 1053 3615 1192 3643; x_wconf 86' lang='lat' dir='ltr'>omnes</span> 
     </span>
     <span class='ocr_line' id='line_1_48' title="bbox 212 3653 1191 3718; baseline 0.005 -22"><span class='ocrx_word' id='word_1_257' title='bbox 212 3653 366 3696; x_wconf 79' lang='lat' dir='ltr'>rursum</span> <span class='ocrx_word' id='word_1_258' title='bbox 397 3660 659 3711; x_wconf 81' lang='lat' dir='ltr'>convenient,</span> <span class='ocrx_word' id='word_1_259' title='bbox 689 3663 728 3702; x_wconf 87' lang='lat'>&amp;</span> <span class='ocrx_word' id='word_1_260' title='bbox 759 3663 904 3718; x_wconf 84' lang='lat' dir='ltr'>praevio</span> <span class='ocrx_word' id='word_1_261' title='bbox 936 3661 1117 3703; x_wconf 84' lang='lat' dir='ltr'>sermone</span> <span class='ocrx_word' id='word_1_262' title='bbox 1142 3660 1191 3701; x_wconf 89' lang='lat' dir='ltr'>ad</span> 
     </span>
    </p>
   </div>
   <div class='ocr_carea' id='block_1_8' title="bbox 212 3712 1194 3819">
    <p class='ocr_par' dir='ltr' id='par_1_13' title="bbox 212 3712 1194 3819">
     <span class='ocr_line' id='line_1_49' title="bbox 212 3712 1194 3772; baseline 0.002 -14"><span class='ocrx_word' id='word_1_263' title='bbox 212 3712 456 3767; x_wconf 82' lang='lat' dir='ltr'>propositum</span> <span class='ocrx_word' id='word_1_264' title='bbox 488 3723 791 3764; x_wconf 79' lang='lat' dir='ltr'>accommodato</span> <span class='ocrx_word' id='word_1_265' title='bbox 816 3750 832 3772; x_wconf 92' lang='lat'>,</span> <span class='ocrx_word' id='word_1_266' title='bbox 864 3720 1036 3764; x_wconf 84' lang='lat' dir='ltr'>universi</span> <span class='ocrx_word' id='word_1_267' title='bbox 1066 3732 1194 3762; x_wconf 84' lang='lat' dir='ltr'>novos</span> 
     </span>
     <span class='ocr_line' id='line_1_50' title="bbox 214 3771 1182 3819; baseline 0 -7"><span class='ocrx_word' id='word_1_268' title='bbox 214 3771 420 3814; x_wconf 85' lang='lat' dir='ltr'>Officiales</span> <span class='ocrx_word' id='word_1_269' title='bbox 450 3775 667 3819; x_wconf 87' lang='lat' dir='ltr'>creabunt.</span> <span class='ocrx_word' id='word_1_270' title='bbox 1179 3772 1182 3775; x_wconf 60' lang='grc'><em>“</em></span> 
     </span>
    </p>
   </div>
   <div class='ocr_carea' id='block_1_9' title="bbox 342 3830 534 3874">
    <p class='ocr_par' dir='ltr' id='par_1_14' title="bbox 342 3830 534 3874">
     <span class='ocr_line' id='line_1_51' title="bbox 342 3830 534 3874; baseline 0 -2"><span class='ocrx_word' id='word_1_271' title='bbox 342 3832 446 3872; x_wconf 74' lang='lat' dir='ltr'>Tam.</span> <span class='ocrx_word' id='word_1_272' title='bbox 469 3830 534 3874; x_wconf 83' lang='lat' dir='ltr'>IV.</span> 
     </span>
    </p>
   </div>
   <div class='ocr_carea' id='block_1_10' title="bbox 2016 221 2191 312">
    <p class='ocr_par' dir='ltr' id='par_1_15' title="bbox 2016 221 2191 312">
     <span class='ocr_line' id='line_1_52' title="bbox 2016 221 2191 312; baseline 0.023 -4"><span class='ocrx_word' id='word_1_273' title='bbox 2016 221 2191 312; x_wconf 67' lang='lat'>&#39;299</span> 
     </span>
    </p>
   </div>
   <div class='ocr_carea' id='block_1_11' title="bbox 1298 327 2213 386">
    <p class='ocr_par' dir='ltr' id='par_1_16' title="bbox 1298 327 2213 386">
     <span class='ocr_line' id='line_1_53' title="bbox 1298 327 2213 386; baseline -0.009 -6"><span class='ocrx_word' id='word_1_274' title='bbox 1298 339 1354 380; x_wconf 86' lang='lat'>11.</span> <span class='ocrx_word' id='word_1_275' title='bbox 1387 331 1588 374; x_wconf 79' lang='lat' dir='ltr'>officiales</span> <span class='ocrx_word' id='word_1_276' title='bbox 1603 329 1723 372; x_wconf 85' lang='lat' dir='ltr'>erunt</span> <span class='ocrx_word' id='word_1_277' title='bbox 1748 335 1915 373; x_wconf 84' lang='lat' dir='ltr'>numero</span> <span class='ocrx_word' id='word_1_278' title='bbox 1932 327 2074 385; x_wconf 86' lang='lat' dir='ltr'>viginti</span> <span class='ocrx_word' id='word_1_279' title='bbox 2089 344 2186 386; x_wconf 66' lang='lat' dir='ltr'>uuus</span> <span class='ocrx_word' id='word_1_280' title='bbox 2199 359 2213 372; x_wconf 85' lang='lat'><em>.</em></span> 
     </span>
    </p>
   </div>
   <div class='ocr_carea' id='block_1_12' title="bbox 1348 445 2101 966">
    <p class='ocr_par' dir='ltr' id='par_1_17' title="bbox 1363 445 1670 493">
     <span class='ocr_line' id='line_1_54' title="bbox 1363 445 1670 493; baseline -0.013 0"><span class='ocrx_word' id='word_1_281' title='bbox 1363 445 1576 493; x_wconf 63' lang='lat' dir='ltr'>Praefectus</span> <span class='ocrx_word' id='word_1_282' title='bbox 1592 474 1603 485; x_wconf 91' lang='grc'><strong>.</strong></span> <span class='ocrx_word' id='word_1_283' title='bbox 1668 487 1670 489; x_wconf 76' lang='grc'>,</span> 
     </span>
    </p>

    <p class='ocr_par' dir='ltr' id='par_1_18' title="bbox 1364 505 1692 561">
     <span class='ocr_line' id='line_1_55' title="bbox 1364 505 1692 561; baseline -0.027 -10"><span class='ocrx_word' id='word_1_284' title='bbox 1364 505 1692 561; x_wconf 68' lang='lat' dir='ltr'>Vicepraefec&#39;tus.</span> 
     </span>
    </p>

    <p class='ocr_par' dir='ltr' id='par_1_19' title="bbox 1360 560 1692 608">
     <span class='ocr_line' id='line_1_56' title="bbox 1360 560 1692 608; baseline -0.024 0"><span class='ocrx_word' id='word_1_285' title='bbox 1360 563 1599 608; x_wconf 70' lang='lat' dir='ltr'>Affiiientes</span> <span class='ocrx_word' id='word_1_286' title='bbox 1613 563 1644 603; x_wconf 92' lang='lat' dir='ltr'>V</span> <span class='ocrx_word' id='word_1_287' title='bbox 1653 560 1692 601; x_wconf 88' lang='lat'>1.</span> 
     </span>
    </p>

    <p class='ocr_par' dir='ltr' id='par_1_20' title="bbox 1357 617 1798 668">
     <span class='ocr_line' id='line_1_57' title="bbox 1357 617 1798 668; baseline -0.025 0"><span class='ocrx_word' id='word_1_288' title='bbox 1357 621 1609 668; x_wconf 79' lang='lat' dir='ltr'>secretarius</span> <span class='ocrx_word' id='word_1_289' title='bbox 1629 617 1798 660; x_wconf 85' lang='lat' dir='ltr'>Primus.</span> 
     </span>
    </p>

    <p class='ocr_par' dir='ltr' id='par_1_21' title="bbox 1358 677 1682 733">
     <span class='ocr_line' id='line_1_58' title="bbox 1358 677 1682 733; baseline -0.022 -10"><span class='ocrx_word' id='word_1_290' title='bbox 1358 678 1585 733; x_wconf 88' lang='lat' dir='ltr'>Adjutores</span> <span class='ocrx_word' id='word_1_291' title='bbox 1612 677 1682 717; x_wconf 87' lang='lat' dir='ltr'>VI.</span> 
     </span>
    </p>

    <p class='ocr_par' dir='ltr' id='par_1_22' title="bbox 1349 731 1856 847">
     <span class='ocr_line' id='line_1_59' title="bbox 1357 731 1856 781; baseline -0.014 0"><span class='ocrx_word' id='word_1_292' title='bbox 1357 737 1609 781; x_wconf 79' lang='lat' dir='ltr'>secretarius</span> <span class='ocrx_word' id='word_1_293' title='bbox 1625 731 1831 776; x_wconf 83' lang='lat' dir='ltr'>Secundus</span> <span class='ocrx_word' id='word_1_294' title='bbox 1843 762 1856 774; x_wconf 88' lang='lat'><strong>.</strong></span> 
     </span>
     <span class='ocr_line' id='line_1_60' title="bbox 1349 792 1731 847; baseline -0.021 -10"><span class='ocrx_word' id='word_1_295' title='bbox 1349 792 1707 847; x_wconf 82' lang='lat' dir='ltr'>Eleemosynarius</span> <span class='ocrx_word' id='word_1_296' title='bbox 1721 820 1731 829; x_wconf 96' lang='lat'>.</span> 
     </span>
    </p>

    <p class='ocr_par' dir='ltr' id='par_1_23' title="bbox 1348 848 2101 966">
     <span class='ocr_line' id='line_1_61' title="bbox 1348 848 2101 906; baseline 0.003 -12"><span class='ocrx_word' id='word_1_297' title='bbox 1348 851 1525 906; x_wconf 79' lang='lat' dir='ltr'>Magistri</span> <span class='ocrx_word' id='word_1_298' title='bbox 1551 848 2027 904; x_wconf 81' lang='lat' dir='ltr'>libellorumsupplicum</span> <span class='ocrx_word' id='word_1_299' title='bbox 2043 854 2101 896; x_wconf 88' lang='lat'>11.</span> 
     </span>
     <span class='ocr_line' id='line_1_62' title="bbox 1353 908 1952 966; baseline -0.007 -12"><span class='ocrx_word' id='word_1_300' title='bbox 1353 909 1534 966; x_wconf 87' lang='lat' dir='ltr'>Magistri</span> <span class='ocrx_word' id='word_1_301' title='bbox 1551 908 1880 950; x_wconf 77' lang='lat' dir='ltr'>caeremoniarum</span> <span class='ocrx_word' id='word_1_302' title='bbox 1897 910 1952 950; x_wconf 85' lang='lat'>11.</span> 
     </span>
    </p>
   </div>
   <div class='ocr_carea' id='block_1_13' title="bbox 1236 1024 2243 1726">
    <p class='ocr_par' dir='ltr' id='par_1_24' title="bbox 1237 1024 2243 1439">
     <span class='ocr_line' id='line_1_63' title="bbox 1290 1024 2241 1082; baseline -0.004 -10"><span class='ocrx_word' id='word_1_303' title='bbox 1290 1032 1370 1073; x_wconf 87' lang='lat'>111.</span> <span class='ocrx_word' id='word_1_304' title='bbox 1403 1031 1466 1071; x_wconf 90' lang='lat' dir='ltr'>Ne</span> <span class='ocrx_word' id='word_1_305' title='bbox 1482 1038 1616 1069; x_wconf 86' lang='lat' dir='ltr'>autem</span> <span class='ocrx_word' id='word_1_306' title='bbox 1632 1054 1646 1076; x_wconf 77' lang='lat'>‚</span> <span class='ocrx_word' id='word_1_307' title='bbox 1660 1024 1726 1082; x_wconf 86' lang='lat' dir='ltr'>qui</span> <span class='ocrx_word' id='word_1_308' title='bbox 1742 1025 1949 1081; x_wconf 78' lang='lat' dir='ltr'>eligentur</span> <span class='ocrx_word' id='word_1_309' title='bbox 1965 1053 1978 1076; x_wconf 84' lang='lat'>‚</span> <span class='ocrx_word' id='word_1_310' title='bbox 1991 1038 2125 1066; x_wconf 87' lang='lat' dir='ltr'>rerum</span> <span class='ocrx_word' id='word_1_311' title='bbox 2143 1029 2241 1069; x_wconf 66' lang='lat' dir='ltr'>Fra-⁴</span> 
     </span>
     <span class='ocr_line' id='line_1_64' title="bbox 1237 1083 2241 1140; baseline -0.011 -8"><span class='ocrx_word' id='word_1_312' title='bbox 1237 1089 1437 1132; x_wconf 89' lang='lat' dir='ltr'>ternitatis</span> <span class='ocrx_word' id='word_1_313' title='bbox 1451 1086 1617 1127; x_wconf 76' lang='lat' dir='ltr'>omnino</span> <span class='ocrx_word' id='word_1_314' title='bbox 1634 1083 1705 1126; x_wconf 87' lang='lat' dir='ltr'>fint</span> <span class='ocrx_word' id='word_1_315' title='bbox 1726 1086 1932 1140; x_wconf 80' lang='lat' dir='ltr'>imperiti,</span> <span class='ocrx_word' id='word_1_316' title='bbox 1966 1086 2050 1126; x_wconf 90' lang='lat' dir='ltr'>duo</span> <span class='ocrx_word' id='word_1_317' title='bbox 2066 1098 2117 1124; x_wconf 87' lang='lat' dir='ltr'>ex</span> <span class='ocrx_word' id='word_1_318' title='bbox 2133 1087 2241 1139; x_wconf 86' lang='lat' dir='ltr'>prio-</span> 
     </span>
     <span class='ocr_line' id='line_1_65' title="bbox 1237 1143 2240 1198; baseline -0.006 -8"><span class='ocrx_word' id='word_1_319' title='bbox 1237 1150 1288 1190; x_wconf 90' lang='lat' dir='ltr'>ris</span> <span class='ocrx_word' id='word_1_320' title='bbox 1306 1147 1398 1190; x_wconf 86' lang='lat' dir='ltr'>anni</span> <span class='ocrx_word' id='word_1_321' title='bbox 1411 1173 1424 1194; x_wconf 68' lang='lat' dir='ltr'>a</span> <span class='ocrx_word' id='word_1_322' title='bbox 1455 1155 1539 1188; x_wconf 84' lang='lat' dir='ltr'>tarn</span> <span class='ocrx_word' id='word_1_323' title='bbox 1557 1143 1829 1186; x_wconf 81' lang='lat' dir='ltr'>Affistentibus</span> <span class='ocrx_word' id='word_1_324' title='bbox 1845 1172 1858 1195; x_wconf 89' lang='lat'><strong>‚</strong></span> <span class='ocrx_word' id='word_1_325' title='bbox 1882 1144 2000 1198; x_wconf 68' lang='lat' dir='ltr'>quim</span> <span class='ocrx_word' id='word_1_326' title='bbox 2020 1149 2048 1184; x_wconf 76' lang='lat' dir='ltr'>A</span> <span class='ocrx_word' id='word_1_327' title='bbox 2062 1143 2240 1198; x_wconf 86' lang='lat' dir='ltr'>djutori-</span> 
     </span>
     <span class='ocr_line' id='line_1_66' title="bbox 1238 1199 2241 1249; baseline -0.004 -1"><span class='ocrx_word' id='word_1_328' title='bbox 1238 1208 1309 1249; x_wconf 91' lang='lat' dir='ltr'>bus</span> <span class='ocrx_word' id='word_1_329' title='bbox 1340 1209 1378 1248; x_wconf 90' lang='lat' dir='ltr'>in</span> <span class='ocrx_word' id='word_1_330' title='bbox 1403 1205 1548 1247; x_wconf 87' lang='lat' dir='ltr'>eodem</span> <span class='ocrx_word' id='word_1_331' title='bbox 1564 1199 1701 1244; x_wconf 84' lang='lat' dir='ltr'>officio</span> <span class='ocrx_word' id='word_1_332' title='bbox 1718 1203 2093 1244; x_wconf 81' lang='lat' dir='ltr'>continuabuntur:</span> <span class='ocrx_word' id='word_1_333' title='bbox 2122 1204 2158 1244; x_wconf 90' lang='lat' dir='ltr'>in</span> <span class='ocrx_word' id='word_1_334' title='bbox 2177 1217 2241 1244; x_wconf 87' lang='lat' dir='ltr'>re-</span> 
     </span>
     <span class='ocr_line' id='line_1_67' title="bbox 1238 1259 2241 1321; baseline -0.006 -13"><span class='ocrx_word' id='word_1_335' title='bbox 1238 1266 1442 1321; x_wconf 90' lang='lat' dir='ltr'>liquorum</span> <span class='ocrx_word' id='word_1_336' title='bbox 1457 1272 1630 1319; x_wconf 89' lang='lat' dir='ltr'>quatuor</span> <span class='ocrx_word' id='word_1_337' title='bbox 1648 1261 1782 1304; x_wconf 88' lang='lat' dir='ltr'>locum</span> <span class='ocrx_word' id='word_1_338' title='bbox 1797 1262 1863 1304; x_wconf 87' lang='lat' dir='ltr'>alii</span> <span class='ocrx_word' id='word_1_339' title='bbox 1882 1259 2130 1302; x_wconf 83' lang='lat' dir='ltr'>sufficientur</span> <span class='ocrx_word' id='word_1_340' title='bbox 2143 1291 2157 1312; x_wconf 90' lang='lat'>,</span> <span class='ocrx_word' id='word_1_341' title='bbox 2184 1263 2241 1302; x_wconf 83' lang='lat' dir='ltr'>ita.</span> 
     </span>
     <span class='ocr_line' id='line_1_68' title="bbox 1238 1314 2243 1373; baseline -0.004 -7"><span class='ocrx_word' id='word_1_342' title='bbox 1238 1335 1371 1366; x_wconf 85' lang='lat' dir='ltr'>tamen</span> <span class='ocrx_word' id='word_1_343' title='bbox 1387 1333 1455 1373; x_wconf 85' lang='lat' dir='ltr'>,ut</span> <span class='ocrx_word' id='word_1_344' title='bbox 1472 1321 1604 1363; x_wconf 90' lang='lat' dir='ltr'>nullus</span> <span class='ocrx_word' id='word_1_345' title='bbox 1616 1320 1722 1362; x_wconf 89' lang='lat' dir='ltr'>ultra</span> <span class='ocrx_word' id='word_1_346' title='bbox 1736 1321 1938 1363; x_wconf 89' lang='lat' dir='ltr'>biennium</span> <span class='ocrx_word' id='word_1_347' title='bbox 1957 1321 1993 1362; x_wconf 91' lang='lat' dir='ltr'>in</span> <span class='ocrx_word' id='word_1_348' title='bbox 2009 1319 2158 1362; x_wconf 90' lang='lat' dir='ltr'>eodem</span> <span class='ocrx_word' id='word_1_349' title='bbox 2175 1314 2243 1362; x_wconf 47' lang='lat' dir='ltr'>ref-³</span> 
     </span>
     <span class='ocr_line' id='line_1_69' title="bbox 1238 1380 1817 1439; baseline -0.002 -17"><span class='ocrx_word' id='word_1_350' title='bbox 1238 1381 1396 1439; x_wconf 85' lang='lat' dir='ltr'>giminis</span> <span class='ocrx_word' id='word_1_351' title='bbox 1423 1380 1552 1436; x_wconf 86' lang='lat' dir='ltr'>gradu</span> <span class='ocrx_word' id='word_1_352' title='bbox 1571 1390 1817 1435; x_wconf 79' lang='lat' dir='ltr'>permaneat.</span> 
     </span>
    </p>

    <p class='ocr_par' dir='ltr' id='par_1_25' title="bbox 1236 1435 2242 1726">
     <span class='ocr_line' id='line_1_70' title="bbox 1294 1435 2239 1494; baseline -0.006 -11"><span class='ocrx_word' id='word_1_353' title='bbox 1294 1443 1371 1483; x_wconf 84' lang='lat' dir='ltr'>lv.</span> <span class='ocrx_word' id='word_1_354' title='bbox 1406 1440 1563 1484; x_wconf 67' lang='lat' dir='ltr'>Elenio</span> <span class='ocrx_word' id='word_1_355' title='bbox 1579 1439 1646 1480; x_wconf 80' lang='lat' dir='ltr'>ista</span> <span class='ocrx_word' id='word_1_356' title='bbox 1664 1438 1733 1480; x_wconf 85' lang='lat' dir='ltr'>fiet</span> <span class='ocrx_word' id='word_1_357' title='bbox 1751 1452 1823 1494; x_wconf 91' lang='lat' dir='ltr'>per</span> <span class='ocrx_word' id='word_1_358' title='bbox 1839 1437 2071 1481; x_wconf 81' lang='lat' dir='ltr'>scrutinium</span> <span class='ocrx_word' id='word_1_359' title='bbox 2090 1466 2101 1477; x_wconf 91' lang='lat'>.</span> <span class='ocrx_word' id='word_1_360' title='bbox 2121 1435 2239 1478; x_wconf 84' lang='lat' dir='ltr'>Prin—</span> 
     </span>
     <span class='ocr_line' id='line_1_71' title="bbox 1237 1494 2242 1555; baseline -0.005 -13"><span class='ocrx_word' id='word_1_361' title='bbox 1237 1500 1344 1555; x_wconf 89' lang='lat' dir='ltr'>cipio</span> <span class='ocrx_word' id='word_1_362' title='bbox 1376 1499 1422 1540; x_wconf 87' lang='lat' dir='ltr'>ab</span> <span class='ocrx_word' id='word_1_363' title='bbox 1445 1495 1699 1540; x_wconf 79' lang='lat' dir='ltr'>officialibus</span> <span class='ocrx_word' id='word_1_364' title='bbox 1730 1509 1810 1540; x_wconf 89' lang='lat' dir='ltr'>tres</span> <span class='ocrx_word' id='word_1_365' title='bbox 1826 1496 2070 1541; x_wconf 82' lang='lat' dir='ltr'>scrutatores</span> <span class='ocrx_word' id='word_1_366' title='bbox 2086 1494 2242 1549; x_wconf 83' lang='lat' dir='ltr'>eligen-</span> 
     </span>
     <span class='ocr_line' id='line_1_72' title="bbox 1236 1554 2240 1612; baseline -0.007 -13"><span class='ocrx_word' id='word_1_367' title='bbox 1236 1569 1302 1600; x_wconf 86' lang='lat' dir='ltr'>tur</span> <span class='ocrx_word' id='word_1_368' title='bbox 1317 1587 1332 1610; x_wconf 87' lang='lat'><strong>,</strong></span> <span class='ocrx_word' id='word_1_369' title='bbox 1355 1558 1423 1612; x_wconf 90' lang='lat' dir='ltr'>qui</span> <span class='ocrx_word' id='word_1_370' title='bbox 1442 1555 1504 1599; x_wconf 82' lang='lat' dir='ltr'>sua</span> <span class='ocrx_word' id='word_1_371' title='bbox 1517 1555 1687 1612; x_wconf 74' lang='lat' dir='ltr'>primum</span> <span class='ocrx_word' id='word_1_372' title='bbox 1702 1554 1881 1598; x_wconf 83' lang='lat' dir='ltr'>dabunt:</span> <span class='ocrx_word' id='word_1_373' title='bbox 1914 1555 2007 1598; x_wconf 90' lang='lat' dir='ltr'>dein</span> <span class='ocrx_word' id='word_1_374' title='bbox 2033 1555 2240 1598; x_wconf 62' lang='lat' dir='ltr'>aliorum</span> 
     </span>
     <span class='ocr_line' id='line_1_73' title="bbox 1237 1613 2238 1669; baseline -0.003 -12"><span class='ocrx_word' id='word_1_375' title='bbox 1237 1627 1328 1658; x_wconf 84' lang='lat' dir='ltr'>vota</span> <span class='ocrx_word' id='word_1_376' title='bbox 1344 1615 1546 1669; x_wconf 85' lang='lat' dir='ltr'>colligent</span> <span class='ocrx_word' id='word_1_377' title='bbox 1560 1641 1575 1664; x_wconf 89' lang='lat'>‚</span> <span class='ocrx_word' id='word_1_378' title='bbox 1601 1613 1641 1653; x_wconf 89' lang='lat' dir='ltr'>in</span> <span class='ocrx_word' id='word_1_379' title='bbox 1659 1626 1757 1668; x_wconf 89' lang='lat' dir='ltr'>quos</span> <span class='ocrx_word' id='word_1_380' title='bbox 1772 1613 1887 1669; x_wconf 87' lang='lat' dir='ltr'>plura</span> <span class='ocrx_word' id='word_1_381' title='bbox 1914 1625 2009 1657; x_wconf 86' lang='lat' dir='ltr'>vota</span> <span class='ocrx_word' id='word_1_382' title='bbox 2034 1626 2108 1656; x_wconf 89' lang='lat' dir='ltr'>con</span> <span class='ocrx_word' id='word_1_383' title='bbox 2117 1626 2238 1655; x_wconf 88' lang='lat' dir='ltr'>vene-</span> 
     </span>
     <span class='ocr_line' id='line_1_74' title="bbox 1237 1671 1774 1726; baseline -0.006 -8"><span class='ocrx_word' id='word_1_384' title='bbox 1237 1676 1347 1726; x_wconf 82' lang='lat' dir='ltr'>rint,</span> <span class='ocrx_word' id='word_1_385' title='bbox 1365 1673 1485 1717; x_wconf 72' lang='lat' dir='ltr'>electi</span> <span class='ocrx_word' id='word_1_386' title='bbox 1503 1671 1774 1716; x_wconf 84' lang='lat' dir='ltr'>habebuntur.</span> 
     </span>
    </p>
   </div>
   <div class='ocr_carea' id='block_1_14' title="bbox 1488 1790 1982 1835">
    <p class='ocr_par' dir='ltr' id='par_1_26' title="bbox 1488 1790 1982 1835">
     <span class='ocr_line' id='line_1_75' title="bbox 1488 1790 1982 1835; baseline -0.002 0"><span class='ocrx_word' id='word_1_387' title='bbox 1488 1791 1799 1835; x_wconf 86' lang='lat' dir='ltr'>CAPUT</span> <span class='ocrx_word' id='word_1_388' title='bbox 1862 1790 1982 1834; x_wconf 90' lang='lat' dir='ltr'>V111.</span> 
     </span>
    </p>
   </div>
   <div class='ocr_carea' id='block_1_15' title="bbox 1502 1908 1984 1976">
    <p class='ocr_par' dir='ltr' id='par_1_27' title="bbox 1502 1908 1984 1976">
     <span class='ocr_line' id='line_1_76' title="bbox 1502 1908 1984 1976; baseline 0.002 -18"><span class='ocrx_word' id='word_1_389' title='bbox 1502 1909 1573 1958; x_wconf 86' lang='lat' dir='ltr'>De</span> <span class='ocrx_word' id='word_1_390' title='bbox 1595 1909 1721 1959; x_wconf 86' lang='lat' dir='ltr'>Patre</span> <span class='ocrx_word' id='word_1_391' title='bbox 1733 1908 1959 1976; x_wconf 78' lang='lat' dir='ltr'>spirituali</span> <span class='ocrx_word' id='word_1_392' title='bbox 1971 1945 1984 1959; x_wconf 90' lang='lat'>.</span> 
     </span>
    </p>
   </div>
   <div class='ocr_carea' id='block_1_16' title="bbox 1241 2025 2247 2726">
    <p class='ocr_par' dir='ltr' id='par_1_28' title="bbox 1241 2025 2245 2083">
     <span class='ocr_line' id='line_1_77' title="bbox 1241 2025 2245 2083; baseline -0.007 -8"><span class='ocrx_word' id='word_1_393' title='bbox 1241 2035 1275 2075; x_wconf 91' lang='lat'>1.</span> <span class='ocrx_word' id='word_1_394' title='bbox 1406 2031 1510 2073; x_wconf 91' lang='lat' dir='ltr'>Ater</span> <span class='ocrx_word' id='word_1_395' title='bbox 1523 2027 1736 2083; x_wconf 81' lang='lat' dir='ltr'>spiritualis</span> <span class='ocrx_word' id='word_1_396' title='bbox 1771 2026 1927 2083; x_wconf 86' lang='lat' dir='ltr'>semper</span> <span class='ocrx_word' id='word_1_397' title='bbox 1952 2027 2030 2070; x_wconf 88' lang='lat' dir='ltr'>erit</span> <span class='ocrx_word' id='word_1_398' title='bbox 2050 2041 2099 2069; x_wconf 85' lang='lat' dir='ltr'>ex</span> <span class='ocrx_word' id='word_1_399' title='bbox 2116 2025 2245 2069; x_wconf 56' lang='lat' dir='ltr'>ordia</span> 
     </span>
    </p>

    <p class='ocr_par' dir='ltr' id='par_1_29' title="bbox 1242 2085 2247 2310">
     <span class='ocr_line' id='line_1_78' title="bbox 1424 2085 2244 2142; baseline -0.007 -10"><span class='ocrx_word' id='word_1_400' title='bbox 1424 2102 1475 2132; x_wconf 90' lang='lat' dir='ltr'>ne</span> <span class='ocrx_word' id='word_1_401' title='bbox 1489 2088 1791 2142; x_wconf 77' lang='lat' dir='ltr'>Capucinorum</span> <span class='ocrx_word' id='word_1_402' title='bbox 1806 2117 1819 2139; x_wconf 84' lang='lat'>,</span> <span class='ocrx_word' id='word_1_403' title='bbox 1831 2088 1894 2128; x_wconf 91' lang='lat' dir='ltr'>cui</span> <span class='ocrx_word' id='word_1_404' title='bbox 1913 2089 2161 2128; x_wconf 84' lang='lat' dir='ltr'>Fraternitas</span> <span class='ocrx_word' id='word_1_405' title='bbox 2175 2085 2244 2126; x_wconf 88' lang='lat' dir='ltr'>ista</span> 
     </span>
     <span class='ocr_line' id='line_1_79' title="bbox 1243 2144 2245 2200; baseline -0.007 -8"><span class='ocrx_word' id='word_1_406' title='bbox 1243 2150 1353 2192; x_wconf 87' lang='lat' dir='ltr'>velut</span> <span class='ocrx_word' id='word_1_407' title='bbox 1377 2149 1497 2190; x_wconf 80' lang='lat' dir='ltr'>Matri</span> <span class='ocrx_word' id='word_1_408' title='bbox 1522 2144 1626 2189; x_wconf 45' lang='lat' dir='ltr'>filias</span> <span class='ocrx_word' id='word_1_409' title='bbox 1645 2148 1887 2189; x_wconf 70' lang='lat' dir='ltr'>auctoritate</span> <span class='ocrx_word' id='word_1_410' title='bbox 1915 2144 2176 2200; x_wconf 72' lang='lat' dir='ltr'>Apostolica‘i,</span> <span class='ocrx_word' id='word_1_411' title='bbox 2205 2144 2245 2185; x_wconf 75' lang='lat' dir='ltr'>Sc</span> 
     </span>
     <span class='ocr_line' id='line_1_80' title="bbox 1242 2202 2247 2264; baseline -0.009 -13"><span class='ocrx_word' id='word_1_412' title='bbox 1242 2204 1422 2264; x_wconf 78' lang='lat' dir='ltr'>expresso</span> <span class='ocrx_word' id='word_1_413' title='bbox 1446 2203 1640 2248; x_wconf 85' lang='lat' dir='ltr'>consensu</span> <span class='ocrx_word' id='word_1_414' title='bbox 1668 2233 1682 2256; x_wconf 81' lang='lat'>‚</span> <span class='ocrx_word' id='word_1_415' title='bbox 1717 2219 1759 2247; x_wconf 92' lang='lat' dir='ltr'>ac</span> <span class='ocrx_word' id='word_1_416' title='bbox 1793 2202 2006 2249; x_wconf 76' lang='lat' dir='ltr'>voluntate</span> <span class='ocrx_word' id='word_1_417' title='bbox 2028 2202 2247 2247; x_wconf 86' lang='lat' dir='ltr'>Generalis</span> 
     </span>
     <span class='ocr_line' id='line_1_81' title="bbox 1242 2265 1627 2310; baseline -0.016 1"><span class='ocrx_word' id='word_1_418' title='bbox 1242 2267 1410 2310; x_wconf 88' lang='lat' dir='ltr'>Ordinis</span> <span class='ocrx_word' id='word_1_419' title='bbox 1425 2265 1478 2307; x_wconf 89' lang='lat' dir='ltr'>est</span> <span class='ocrx_word' id='word_1_420' title='bbox 1494 2266 1601 2306; x_wconf 85' lang='lat' dir='ltr'>unita</span> <span class='ocrx_word' id='word_1_421' title='bbox 1616 2293 1627 2305; x_wconf 92' lang='lat'><strong>.</strong></span> 
     </span>
    </p>

    <p class='ocr_par' dir='ltr' id='par_1_30' title="bbox 1245 2323 2247 2726">
     <span class='ocr_line' id='line_1_82' title="bbox 1301 2323 2243 2382; baseline -0.006 -15"><span class='ocrx_word' id='word_1_422' title='bbox 1301 2328 1355 2367; x_wconf 87' lang='lat'>11.</span> <span class='ocrx_word' id='word_1_423' title='bbox 1387 2327 1423 2365; x_wconf 88' lang='lat' dir='ltr'>Is</span> <span class='ocrx_word' id='word_1_424' title='bbox 1439 2325 1621 2366; x_wconf 85' lang='lat' dir='ltr'>omnibus</span> <span class='ocrx_word' id='word_1_425' title='bbox 1638 2323 2039 2382; x_wconf 82' lang='lat' dir='ltr'>Congregationibus</span> <span class='ocrx_word' id='word_1_426' title='bbox 2070 2333 2243 2377; x_wconf 87' lang='lat' dir='ltr'>genera-</span> 
     </span>
     <span class='ocr_line' id='line_1_83' title="bbox 1246 2376 2244 2436; baseline -0.008 -10"><span class='ocrx_word' id='word_1_427' title='bbox 1246 2384 1348 2427; x_wconf 83' lang='lat' dir='ltr'>libus</span> <span class='ocrx_word' id='word_1_428' title='bbox 1360 2385 1548 2425; x_wconf 87' lang='lat' dir='ltr'>intererit</span> <span class='ocrx_word' id='word_1_429' title='bbox 1566 2412 1579 2432; x_wconf 84' lang='lat'><strong>‚</strong></span> <span class='ocrx_word' id='word_1_430' title='bbox 1602 2384 1811 2425; x_wconf 83' lang='lat' dir='ltr'>consuetas</span> <span class='ocrx_word' id='word_1_431' title='bbox 1827 2397 1965 2436; x_wconf 88' lang='lat' dir='ltr'>preces</span> <span class='ocrx_word' id='word_1_432' title='bbox 1980 2382 2095 2423; x_wconf 89' lang='lat' dir='ltr'>initio</span> <span class='ocrx_word' id='word_1_433' title='bbox 2109 2409 2121 2431; x_wconf 85' lang='lat'>‚</span> <span class='ocrx_word' id='word_1_434' title='bbox 2146 2381 2183 2420; x_wconf 88' lang='lat'>&amp;</span> <span class='ocrx_word' id='word_1_435' title='bbox 2200 2376 2244 2418; x_wconf 84' lang='lat' dir='ltr'>fi-</span> 
     </span>
     <span class='ocr_line' id='line_1_84' title="bbox 1245 2439 2247 2493; baseline -0.01 -6"><span class='ocrx_word' id='word_1_436' title='bbox 1245 2458 1297 2487; x_wconf 87' lang='lat' dir='ltr'>ne</span> <span class='ocrx_word' id='word_1_437' title='bbox 1322 2443 1480 2485; x_wconf 89' lang='lat' dir='ltr'>illarum</span> <span class='ocrx_word' id='word_1_438' title='bbox 1510 2441 1621 2482; x_wconf 89' lang='lat' dir='ltr'>dicet</span> <span class='ocrx_word' id='word_1_439' title='bbox 1645 2453 1660 2493; x_wconf 89' lang='lat'>;</span> <span class='ocrx_word' id='word_1_440' title='bbox 1693 2441 1743 2482; x_wconf 90' lang='lat' dir='ltr'>de</span> <span class='ocrx_word' id='word_1_441' title='bbox 1763 2439 1935 2483; x_wconf 80' lang='lat' dir='ltr'>Paffione</span> <span class='ocrx_word' id='word_1_442' title='bbox 1960 2440 2143 2489; x_wconf 79' lang='lat' dir='ltr'>Domini,</span> <span class='ocrx_word' id='word_1_443' title='bbox 2177 2444 2247 2478; x_wconf 89' lang='lat' dir='ltr'>aut</span> 
     </span>
     <span class='ocr_line' id='line_1_85' title="bbox 1246 2497 2246 2557; baseline -0.008 -13"><span class='ocrx_word' id='word_1_444' title='bbox 1246 2502 1327 2544; x_wconf 87' lang='lat' dir='ltr'>alio</span> <span class='ocrx_word' id='word_1_445' title='bbox 1352 2499 1576 2542; x_wconf 84' lang='lat' dir='ltr'>commodo</span> <span class='ocrx_word' id='word_1_446' title='bbox 1606 2500 1785 2541; x_wconf 89' lang='lat' dir='ltr'>themate</span> <span class='ocrx_word' id='word_1_447' title='bbox 1810 2512 1885 2554; x_wconf 88' lang='lat' dir='ltr'>pro</span> <span class='ocrx_word' id='word_1_448' title='bbox 1913 2497 2176 2557; x_wconf 66' lang='lat' dir='ltr'>aedificatione</span> <span class='ocrx_word' id='word_1_449' title='bbox 2206 2497 2246 2536; x_wconf 75' lang='grc' dir='ltr'>ὅτ.</span> 
     </span>
     <span class='ocr_line' id='line_1_86' title="bbox 1246 2554 2247 2613; baseline -0.009 -10"><span class='ocrx_word' id='word_1_450' title='bbox 1246 2560 1488 2603; x_wconf 83' lang='lat' dir='ltr'>excitatione</span> <span class='ocrx_word' id='word_1_451' title='bbox 1505 2554 1774 2600; x_wconf 83' lang='lat' dir='ltr'>Confratrum</span> <span class='ocrx_word' id='word_1_452' title='bbox 1797 2585 1811 2609; x_wconf 81' lang='lat'><strong>,</strong></span> <span class='ocrx_word' id='word_1_453' title='bbox 1844 2559 1881 2600; x_wconf 90' lang='lat' dir='ltr'>in</span> <span class='ocrx_word' id='word_1_454' title='bbox 1907 2554 2247 2613; x_wconf 69' lang='lat' dir='ltr'>congregationi-</span> 
     </span>
     <span class='ocr_line' id='line_1_87' title="bbox 1247 2611 2246 2666; baseline -0.008 -5"><span class='ocrx_word' id='word_1_455' title='bbox 1247 2621 1317 2663; x_wconf 91' lang='lat' dir='ltr'>bus</span> <span class='ocrx_word' id='word_1_456' title='bbox 1335 2617 1436 2661; x_wconf 65' lang='lat' dir='ltr'>feria</span> <span class='ocrx_word' id='word_1_457' title='bbox 1452 2614 1558 2659; x_wconf 62' lang='lat' dir='ltr'>(Exta</span> <span class='ocrx_word' id='word_1_458' title='bbox 1575 2611 1660 2656; x_wconf 86' lang='lat' dir='ltr'>fieri</span> <span class='ocrx_word' id='word_1_459' title='bbox 1679 2615 1805 2657; x_wconf 86' lang='lat' dir='ltr'>solitis</span> <span class='ocrx_word' id='word_1_460' title='bbox 1823 2646 1838 2666; x_wconf 93' lang='lat'>,</span> <span class='ocrx_word' id='word_1_461' title='bbox 1871 2615 1920 2656; x_wconf 87' lang='lat' dir='ltr'>ad</span> <span class='ocrx_word' id='word_1_462' title='bbox 1940 2619 2110 2658; x_wconf 82' lang='lat' dir='ltr'>mediam</span> <span class='ocrx_word' id='word_1_463' title='bbox 2125 2613 2246 2656; x_wconf 88' lang='lat' dir='ltr'>circi·</span> 
     </span>
     <span class='ocr_line' id='line_1_88' title="bbox 1245 2672 2244 2726; baseline -0.008 -6"><span class='ocrx_word' id='word_1_464' title='bbox 1245 2689 1305 2720; x_wconf 90' lang='lat' dir='ltr'>ter</span> <span class='ocrx_word' id='word_1_465' title='bbox 1322 2679 1458 2719; x_wconf 84' lang='lat' dir='ltr'>horam</span> <span class='ocrx_word' id='word_1_466' title='bbox 1489 2675 1612 2715; x_wconf 88' lang='lat' dir='ltr'>verba</span> <span class='ocrx_word' id='word_1_467' title='bbox 1638 2672 1781 2712; x_wconf 88' lang='lat' dir='ltr'>faciet.</span> <span class='ocrx_word' id='word_1_468' title='bbox 1813 2674 1957 2726; x_wconf 73' lang='lat' dir='ltr'>siquis</span> <span class='ocrx_word' id='word_1_469' title='bbox 1976 2672 2244 2714; x_wconf 74' lang='lat' dir='ltr'>Confi-atrum</span> 
     </span>
    </p>
   </div>
   <div class='ocr_carea' id='block_1_17' title="bbox 1180 2728 2245 2780">
    <p class='ocr_par' dir='ltr' id='par_1_31' title="bbox 1180 2728 2245 2780">
     <span class='ocr_line' id='line_1_89' title="bbox 1180 2728 2245 2780; baseline -0.01 0"><span class='ocrx_word' id='word_1_470' title='bbox 1180 2758 1181 2761; x_wconf 42' lang='lat'>¹</span> <span class='ocrx_word' id='word_1_471' title='bbox 1246 2747 1315 2779; x_wconf 75' lang='lat' dir='ltr'>aut</span> <span class='ocrx_word' id='word_1_472' title='bbox 1331 2733 1473 2777; x_wconf 86' lang='lat' dir='ltr'>morbo</span> <span class='ocrx_word' id='word_1_473' title='bbox 1488 2729 1706 2772; x_wconf 88' lang='lat' dir='ltr'>decumbat</span> <span class='ocrx_word' id='word_1_474' title='bbox 1722 2756 1736 2779; x_wconf 81' lang='lat'>‚</span> <span class='ocrx_word' id='word_1_475' title='bbox 1760 2739 1827 2770; x_wconf 83' lang='lat' dir='ltr'>aut</span> <span class='ocrx_word' id='word_1_476' title='bbox 1850 2728 1929 2770; x_wconf 72' lang='lat' dir='ltr'>vitri</span> <span class='ocrx_word' id='word_1_477' title='bbox 1945 2728 2153 2771; x_wconf 63' lang='lat' dir='ltr'>defunctus</span> <span class='ocrx_word' id='word_1_478' title='bbox 2173 2728 2215 2770; x_wconf 80' lang='lat' dir='ltr'>fit</span> <span class='ocrx_word' id='word_1_479' title='bbox 2229 2757 2245 2780; x_wconf 85' lang='lat'>,</span> 
     </span>
    </p>
   </div>
   <div class='ocr_carea' id='block_1_18' title="bbox 1247 2787 2249 3894">
    <p class='ocr_par' dir='ltr' id='par_1_32' title="bbox 1247 2787 2186 2841">
     <span class='ocr_line' id='line_1_90' title="bbox 1247 2787 2186 2841; baseline -0.012 -3"><span class='ocrx_word' id='word_1_480' title='bbox 1247 2807 1336 2838; x_wconf 89' lang='lat' dir='ltr'>eum</span> <span class='ocrx_word' id='word_1_481' title='bbox 1351 2788 1635 2833; x_wconf 86' lang='lat' dir='ltr'>communibus</span> <span class='ocrx_word' id='word_1_482' title='bbox 1655 2787 1842 2841; x_wconf 84' lang='lat' dir='ltr'>precibus</span> <span class='ocrx_word' id='word_1_483' title='bbox 1858 2788 2186 2830; x_wconf 84' lang='lat' dir='ltr'>commendabit.</span> 
     </span>
    </p>

    <p class='ocr_par' dir='ltr' id='par_1_33' title="bbox 1253 2843 2248 3193">
     <span class='ocr_line' id='line_1_91' title="bbox 1306 2843 2248 2901; baseline -0.005 -9"><span class='ocrx_word' id='word_1_484' title='bbox 1306 2853 1386 2892; x_wconf 89' lang='lat'>111.</span> <span class='ocrx_word' id='word_1_485' title='bbox 1420 2847 1530 2890; x_wconf 86' lang='lat' dir='ltr'>Idem</span> <span class='ocrx_word' id='word_1_486' title='bbox 1544 2845 1753 2896; x_wconf 85' lang='lat' dir='ltr'>attendet,</span> <span class='ocrx_word' id='word_1_487' title='bbox 1764 2859 1825 2896; x_wconf 85' lang='lat' dir='ltr'>an,</span> <span class='ocrx_word' id='word_1_488' title='bbox 1841 2846 1908 2901; x_wconf 87' lang='lat' dir='ltr'>qui</span> <span class='ocrx_word' id='word_1_489' title='bbox 1921 2843 2248 2889; x_wconf 71' lang='lat' dir='ltr'>Confi-aternita-</span> 
     </span>
     <span class='ocr_line' id='line_1_92' title="bbox 1253 2902 2245 2960; baseline -0.002 -11"><span class='ocrx_word' id='word_1_490' title='bbox 1253 2917 1335 2951; x_wconf 85' lang='lat' dir='ltr'>tem</span> <span class='ocrx_word' id='word_1_491' title='bbox 1358 2902 1959 2960; x_wconf 76' lang='lat' dir='ltr'>ingrediuntur,Cot.·feffi0nem</span> <span class='ocrx_word' id='word_1_492' title='bbox 1981 2906 2245 2960; x_wconf 60' lang='lat' dir='ltr'>generalem-</span> 
     </span>
     <span class='ocr_line' id='line_1_93' title="bbox 1256 2960 2245 3020; baseline -0.006 -11"><span class='ocrx_word' id='word_1_493' title='bbox 1256 2965 1453 3009; x_wconf 86' lang='lat' dir='ltr'>fecerint:</span> <span class='ocrx_word' id='word_1_494' title='bbox 1474 2976 1595 3019; x_wconf 88' lang='lat' dir='ltr'>quem</span> <span class='ocrx_word' id='word_1_495' title='bbox 1610 2960 1748 3020; x_wconf 84' lang='lat' dir='ltr'>finguli</span> <span class='ocrx_word' id='word_1_496' title='bbox 1764 2961 2001 3006; x_wconf 81' lang='lat' dir='ltr'>Confratres</span> <span class='ocrx_word' id='word_1_497' title='bbox 2013 2993 2027 3014; x_wconf 79' lang='lat'>‚</span> <span class='ocrx_word' id='word_1_498' title='bbox 2041 2965 2077 3005; x_wconf 92' lang='lat'>&amp;</span> <span class='ocrx_word' id='word_1_499' title='bbox 2092 2962 2245 3004; x_wconf 87' lang='lat' dir='ltr'>alumni</span> 
     </span>
     <span class='ocr_line' id='line_1_94' title="bbox 1256 3019 2248 3077; baseline -0.007 -10"><span class='ocrx_word' id='word_1_500' title='bbox 1256 3020 1542 3067; x_wconf 76' lang='lat' dir='ltr'>Conteffarium</span> <span class='ocrx_word' id='word_1_501' title='bbox 1560 3019 1727 3063; x_wconf 80' lang='lat' dir='ltr'>habeant</span> <span class='ocrx_word' id='word_1_502' title='bbox 1740 3024 1824 3064; x_wconf 81' lang='lat' dir='ltr'>:An</span> <span class='ocrx_word' id='word_1_503' title='bbox 1841 3022 2074 3077; x_wconf 84' lang='lat' dir='ltr'>praescriptis</span> <span class='ocrx_word' id='word_1_504' title='bbox 2090 3033 2248 3076; x_wconf 83' lang='lat' dir='ltr'>tempo-</span> 
     </span>
     <span class='ocr_line' id='line_1_95' title="bbox 1257 3078 2244 3136; baseline -0.001 -13"><span class='ocrx_word' id='word_1_505' title='bbox 1257 3082 1368 3124; x_wconf 88' lang='lat' dir='ltr'>ribus</span> <span class='ocrx_word' id='word_1_506' title='bbox 1387 3078 1656 3122; x_wconf 81' lang='lat' dir='ltr'>confiteantur</span> <span class='ocrx_word' id='word_1_507' title='bbox 1670 3109 1685 3130; x_wconf 80' lang='lat'><em>‚</em></span> <span class='ocrx_word' id='word_1_508' title='bbox 1710 3081 1750 3121; x_wconf 86' lang='lat'>&amp;</span> <span class='ocrx_word' id='word_1_509' title='bbox 1764 3082 2087 3123; x_wconf 84' lang='lat' dir='ltr'>communicent:</span> <span class='ocrx_word' id='word_1_510' title='bbox 2113 3080 2244 3136; x_wconf 66' lang='lat' dir='ltr'>quain</span> 
     </span>
     <span class='ocr_line' id='line_1_96' title="bbox 1258 3137 1875 3193; baseline -0.002 -11"><span class='ocrx_word' id='word_1_511' title='bbox 1258 3154 1303 3182; x_wconf 88' lang='lat' dir='ltr'>re</span> <span class='ocrx_word' id='word_1_512' title='bbox 1316 3137 1436 3193; x_wconf 66' lang='lat' dir='ltr'>opera</span> <span class='ocrx_word' id='word_1_513' title='bbox 1455 3137 1696 3193; x_wconf 84' lang='lat' dir='ltr'>Adjutorum</span> <span class='ocrx_word' id='word_1_514' title='bbox 1713 3149 1851 3181; x_wconf 90' lang='lat' dir='ltr'>utetur</span> <span class='ocrx_word' id='word_1_515' title='bbox 1865 3168 1875 3181; x_wconf 86' lang='lat'><strong>.</strong></span> 
     </span>
    </p>

    <p class='ocr_par' dir='ltr' id='par_1_34' title="bbox 1254 3195 2249 3485">
     <span class='ocr_line' id='line_1_97' title="bbox 1315 3195 2246 3252; baseline 0.002 -15"><span class='ocrx_word' id='word_1_516' title='bbox 1315 3199 1390 3238; x_wconf 88' lang='lat' dir='ltr'>IV.</span> <span class='ocrx_word' id='word_1_517' title='bbox 1424 3195 1536 3238; x_wconf 89' lang='lat' dir='ltr'>Idem</span> <span class='ocrx_word' id='word_1_518' title='bbox 1553 3198 1627 3240; x_wconf 69' lang='lat' dir='ltr'>unit</span> <span class='ocrx_word' id='word_1_519' title='bbox 1642 3211 1732 3239; x_wconf 90' lang='lat' dir='ltr'>cum</span> <span class='ocrx_word' id='word_1_520' title='bbox 1751 3198 1858 3239; x_wconf 80' lang='lat' dir='ltr'>socio</span> <span class='ocrx_word' id='word_1_521' title='bbox 1871 3198 2038 3252; x_wconf 86' lang='lat' dir='ltr'>publicis</span> <span class='ocrx_word' id='word_1_522' title='bbox 2054 3195 2246 3252; x_wconf 81' lang='lat' dir='ltr'>supplica-</span> 
     </span>
     <span class='ocr_line' id='line_1_98' title="bbox 1258 3254 2247 3310; baseline -0.002 -13"><span class='ocrx_word' id='word_1_523' title='bbox 1258 3255 1432 3297; x_wconf 84' lang='lat' dir='ltr'>tionibus</span> <span class='ocrx_word' id='word_1_524' title='bbox 1454 3257 1751 3302; x_wconf 77' lang='lat' dir='ltr'>Fraternitatis,</span> <span class='ocrx_word' id='word_1_525' title='bbox 1780 3256 1819 3296; x_wconf 91' lang='lat'>&amp;</span> <span class='ocrx_word' id='word_1_526' title='bbox 1837 3256 2049 3310; x_wconf 82' lang='lat' dir='ltr'>sepulturis</span> <span class='ocrx_word' id='word_1_527' title='bbox 2069 3254 2247 3298; x_wconf 81' lang='lat' dir='ltr'>Confra-</span> 
     </span>
     <span class='ocr_line' id='line_1_99' title="bbox 1257 3311 2249 3365; baseline -0.002 -11"><span class='ocrx_word' id='word_1_528' title='bbox 1257 3324 1366 3355; x_wconf 88' lang='lat' dir='ltr'>trum</span> <span class='ocrx_word' id='word_1_529' title='bbox 1395 3313 1605 3365; x_wconf 82' lang='lat' dir='ltr'>intererit3</span> <span class='ocrx_word' id='word_1_530' title='bbox 1634 3316 1667 3355; x_wconf 87' lang='lat'><strong>&amp;</strong></span> <span class='ocrx_word' id='word_1_531' title='bbox 1694 3315 1731 3356; x_wconf 92' lang='lat' dir='ltr'>in</span> <span class='ocrx_word' id='word_1_532' title='bbox 1754 3314 2080 3356; x_wconf 82' lang='lat' dir='ltr'>honoratioribus</span> <span class='ocrx_word' id='word_1_533' title='bbox 2098 3311 2249 3353; x_wconf 86' lang='lat' dir='ltr'>funeri·-</span> 
     </span>
     <span class='ocr_line' id='line_1_100' title="bbox 1255 3370 2248 3422; baseline 0 -10"><span class='ocrx_word' id='word_1_534' title='bbox 1255 3373 1324 3412; x_wconf 90' lang='lat' dir='ltr'>bus</span> <span class='ocrx_word' id='word_1_535' title='bbox 1340 3371 1508 3413; x_wconf 80' lang='lat' dir='ltr'>arbitrio</span> <span class='ocrx_word' id='word_1_536' title='bbox 1526 3373 1801 3414; x_wconf 85' lang='lat' dir='ltr'>Fraternitatis</span> <span class='ocrx_word' id='word_1_537' title='bbox 1828 3373 2049 3415; x_wconf 87' lang='lat' dir='ltr'>sermonem</span> <span class='ocrx_word' id='word_1_538' title='bbox 2066 3370 2248 3422; x_wconf 83' lang='lat' dir='ltr'>habebit,</span> 
     </span>
     <span class='ocr_line' id='line_1_101' title="bbox 1254 3429 1877 3485; baseline -0.003 -13"><span class='ocrx_word' id='word_1_539' title='bbox 1254 3441 1296 3472; x_wconf 91' lang='lat' dir='ltr'>ut</span> <span class='ocrx_word' id='word_1_540' title='bbox 1312 3432 1393 3484; x_wconf 82' lang='lat' dir='ltr'>sup.</span> <span class='ocrx_word' id='word_1_541' title='bbox 1414 3444 1498 3485; x_wconf 89' lang='lat' dir='ltr'>cap.</span> <span class='ocrx_word' id='word_1_542' title='bbox 1514 3442 1539 3478; x_wconf 87' lang='lat'><em>5</em></span> <span class='ocrx_word' id='word_1_543' title='bbox 1570 3429 1605 3478; x_wconf 63' lang='grc' dir='ltr'>ᾗ.</span> <span class='ocrx_word' id='word_1_544' title='bbox 1626 3443 1686 3481; x_wconf 87' lang='lat'>¹3·</span> <span class='ocrx_word' id='word_1_545' title='bbox 1702 3429 1852 3472; x_wconf 67' lang='lat' dir='ltr'>dictum</span> <span class='ocrx_word' id='word_1_546' title='bbox 1866 3460 1877 3470; x_wconf 93' lang='lat'><strong>.</strong></span> 
     </span>
    </p>

    <p class='ocr_par' dir='ltr' id='par_1_35' title="bbox 1253 3485 2246 3765">
     <span class='ocr_line' id='line_1_102' title="bbox 1316 3485 2246 3543; baseline 0 -14"><span class='ocrx_word' id='word_1_547' title='bbox 1316 3489 1365 3529; x_wconf 93' lang='lat' dir='ltr'>V.</span> <span class='ocrx_word' id='word_1_548' title='bbox 1399 3489 1438 3530; x_wconf 89' lang='lat' dir='ltr'>Si</span> <span class='ocrx_word' id='word_1_549' title='bbox 1467 3489 1552 3542; x_wconf 85' lang='lat' dir='ltr'>quis</span> <span class='ocrx_word' id='word_1_550' title='bbox 1579 3485 1843 3530; x_wconf 77' lang='lat' dir='ltr'>confratrum</span> <span class='ocrx_word' id='word_1_551' title='bbox 1860 3517 1873 3537; x_wconf 82' lang='grc'><em>,</em></span> <span class='ocrx_word' id='word_1_552' title='bbox 1915 3487 2125 3543; x_wconf 83' lang='lat' dir='ltr'>spiritualis</span> <span class='ocrx_word' id='word_1_553' title='bbox 2166 3485 2246 3529; x_wconf 84' lang='lat' dir='ltr'>five</span> 
     </span>
     <span class='ocr_line' id='line_1_103' title="bbox 1255 3545 2244 3601; baseline -0.001 -13"><span class='ocrx_word' id='word_1_554' title='bbox 1255 3545 1407 3588; x_wconf 82' lang='lat' dir='ltr'>confilii</span> <span class='ocrx_word' id='word_1_555' title='bbox 1422 3574 1435 3596; x_wconf 88' lang='lat'><strong>‚</strong></span> <span class='ocrx_word' id='word_1_556' title='bbox 1464 3548 1544 3589; x_wconf 86' lang='lat' dir='ltr'>five</span> <span class='ocrx_word' id='word_1_557' title='bbox 1557 3547 1696 3588; x_wconf 86' lang='lat' dir='ltr'>auxilii</span> <span class='ocrx_word' id='word_1_558' title='bbox 1715 3545 1845 3601; x_wconf 66' lang='lat' dir='ltr'>gratia</span> <span class='ocrx_word' id='word_1_559' title='bbox 1859 3546 1968 3587; x_wconf 89' lang='lat' dir='ltr'>illum</span> <span class='ocrx_word' id='word_1_560' title='bbox 1985 3548 2126 3589; x_wconf 81' lang='lat' dir='ltr'>adierit</span> <span class='ocrx_word' id='word_1_561' title='bbox 2149 3577 2159 3595; x_wconf 89' lang='lat'>,</span> <span class='ocrx_word' id='word_1_562' title='bbox 2175 3548 2244 3587; x_wconf 92' lang='lat' dir='ltr'>be·</span> 
     </span>
     <span class='ocr_line' id='line_1_104' title="bbox 1253 3603 2245 3660; baseline -0.001 -15"><span class='ocrx_word' id='word_1_563' title='bbox 1253 3604 1371 3659; x_wconf 74' lang='lat' dir='ltr'>nigne</span> <span class='ocrx_word' id='word_1_564' title='bbox 1385 3618 1459 3659; x_wconf 91' lang='lat' dir='ltr'>pro</span> <span class='ocrx_word' id='word_1_565' title='bbox 1474 3603 1539 3647; x_wconf 65' lang='lat' dir='ltr'>sui</span> <span class='ocrx_word' id='word_1_566' title='bbox 1555 3604 1767 3658; x_wconf 66' lang='lat' dir='ltr'>prudentia</span> <span class='ocrx_word' id='word_1_567' title='bbox 1786 3631 1799 3652; x_wconf 85' lang='lat'>,</span> <span class='ocrx_word' id='word_1_568' title='bbox 1828 3605 2072 3660; x_wconf 60' lang='lat' dir='ltr'>petentisque</span> <span class='ocrx_word' id='word_1_569' title='bbox 2087 3603 2245 3647; x_wconf 72' lang='lat' dir='ltr'>necessi·</span> 
     </span>
     <span class='ocr_line' id='line_1_105' title="bbox 1253 3661 2242 3717; baseline 0.001 -16"><span class='ocrx_word' id='word_1_570' title='bbox 1253 3670 1336 3706; x_wconf 87' lang='lat' dir='ltr'>tate</span> <span class='ocrx_word' id='word_1_571' title='bbox 1355 3677 1445 3704; x_wconf 89' lang='lat' dir='ltr'>eum</span> <span class='ocrx_word' id='word_1_572' title='bbox 1461 3661 1617 3716; x_wconf 78' lang='lat' dir='ltr'>juvabit</span> <span class='ocrx_word' id='word_1_573' title='bbox 1638 3691 1652 3713; x_wconf 88' lang='lat'>‚</span> <span class='ocrx_word' id='word_1_574' title='bbox 1682 3663 1721 3702; x_wconf 73' lang='grc' dir='ltr'>δι</span> <span class='ocrx_word' id='word_1_575' title='bbox 1737 3661 1759 3702; x_wconf 85' lang='lat' dir='ltr'>fi</span> <span class='ocrx_word' id='word_1_576' title='bbox 1779 3675 1837 3703; x_wconf 90' lang='lat' dir='ltr'>res</span> <span class='ocrx_word' id='word_1_577' title='bbox 1854 3662 1904 3704; x_wconf 89' lang='lat' dir='ltr'>ita</span> <span class='ocrx_word' id='word_1_578' title='bbox 1919 3665 2087 3717; x_wconf 72' lang='lat' dir='ltr'>postulet</span> <span class='ocrx_word' id='word_1_579' title='bbox 2103 3693 2116 3714; x_wconf 74' lang='grc'><em>,</em></span> <span class='ocrx_word' id='word_1_580' title='bbox 2146 3666 2242 3705; x_wconf 85' lang='lat' dir='ltr'>Fra-</span> 
     </span>
     <span class='ocr_line' id='line_1_106' title="bbox 1255 3720 2148 3765; baseline -0.001 -3"><span class='ocrx_word' id='word_1_581' title='bbox 1255 3730 1360 3764; x_wconf 89' lang='lat' dir='ltr'>trum</span> <span class='ocrx_word' id='word_1_582' title='bbox 1380 3722 1536 3762; x_wconf 80' lang='lat' dir='ltr'>suorum</span> <span class='ocrx_word' id='word_1_583' title='bbox 1553 3720 1810 3762; x_wconf 83' lang='lat' dir='ltr'>Orationibus</span> <span class='ocrx_word' id='word_1_584' title='bbox 1826 3723 2125 3765; x_wconf 67' lang='lat' dir='ltr'>commendabit</span> <span class='ocrx_word' id='word_1_585' title='bbox 2137 3750 2148 3761; x_wconf 89' lang='lat'>.</span> 
     </span>
    </p>

    <p class='ocr_par' dir='ltr' id='par_1_36' title="bbox 1313 3772 2247 3835">
     <span class='ocr_line' id='line_1_107' title="bbox 1313 3772 2247 3835; baseline -0.009 -13"><span class='ocrx_word' id='word_1_586' title='bbox 1313 3779 1387 3822; x_wconf 84' lang='lat' dir='ltr'>VI·</span> <span class='ocrx_word' id='word_1_587' title='bbox 1425 3779 1566 3822; x_wconf 80' lang='lat' dir='ltr'>Rebus</span> <span class='ocrx_word' id='word_1_588' title='bbox 1581 3779 1865 3833; x_wconf 81' lang='lat' dir='ltr'>temporalibus</span> <span class='ocrx_word' id='word_1_589' title='bbox 1878 3794 1952 3825; x_wconf 87' lang='lat' dir='ltr'>nec</span> <span class='ocrx_word' id='word_1_590' title='bbox 1966 3783 2051 3835; x_wconf 82' lang='lat' dir='ltr'>iste,</span> <span class='ocrx_word' id='word_1_591' title='bbox 2062 3794 2130 3823; x_wconf 83' lang='lat' dir='ltr'>nec</span> <span class='ocrx_word' id='word_1_592' title='bbox 2144 3772 2247 3830; x_wconf 68' lang='lat' dir='ltr'>quis-</span> 
     </span>
    </p>

    <p class='ocr_par' dir='ltr' id='par_1_37' title="bbox 1556 3839 2198 3894">
     <span class='ocr_line' id='line_1_108' title="bbox 1556 3839 2198 3894; baseline -0.008 -13"><span class='ocrx_word' id='word_1_593' title='bbox 1556 3839 1586 3880; x_wconf 87' lang='lat' dir='ltr'><strong>P</strong></span> <span class='ocrx_word' id='word_1_594' title='bbox 1615 3853 1641 3894; x_wconf 92' lang='lat' dir='ltr'>p</span> <span class='ocrx_word' id='word_1_595' title='bbox 1675 3851 1697 3881; x_wconf 85' lang='lat'><em>2</em></span> <span class='ocrx_word' id='word_1_596' title='bbox 2028 3887 2030 3890; x_wconf 17' lang='lat' dir='ltr'>v</span> <span class='ocrx_word' id='word_1_597' title='bbox 2081 3846 2198 3894; x_wconf 82' lang='lat' dir='ltr'>quam</span> 
     </span>
    </p>
   </div>
  </div>
 </body>
</html>
