2658 4256
529 268 1237 413 ELEN

1310 268 2017 411 CHUS

334 478 2225 598 SUMMARIORUM

163 661 164 664 Ξ
249 686 427 811 Qae
491 691 805 774 Litteris
857 687 1292 803 Apostolicis
1314 755 1336 784 ,
1406 690 1758 774 Decretis
1813 688 1970 774 &a
2027 694 2107 776 in
2163 665 2300 801 hoc

545 803 688 892 IV.
735 801 972 890 Tamo
1017 808 1391 890 contentis
1439 826 2006 921 praeponuntur.

243 979 731 1068 ο-ΜΟΝΠΜΕΝΤΑ
761 985 1215 1036 APOSTOLICA.

240 1135 316 1197 γε]
339 1151 463 1183 omnes
479 1170 492 1194 ,
525 1144 587 1185 vel
603 1143 737 1198 plures
770 1147 990 1188 Germania
1017 1146 1235 1193 Provincias

595 1207 880 1246 concernentia.

405 1351 502 1404 ’ξμς
546 1336 710 1387 Pistola
736 1342 880 1388 Sacrae
895 1338 1233 1407 Congregatio-

422 1401 505 1479 Ξῐὲἓ
565 1408 630 1455 nis
669 1411 726 1455 R.
744 1411 791 1457 P.
813 1411 1086 1458 Provinciali
1117 1409 1232 1457 Hel-

411 1466 499 1549 C»
561 1479 691 1526 vetiae
713 1476 923 1546 inscripta
939 1515 955 1537 ,
994 1483 1169 1528 Fratres
1184 1478 1231 1523 in

271 1585 273 1587 .
295 1586 311 1590 ‚A
562 1550 812 1596 Provinciis
826 1550 1111 1601 Germaniae,
1126 1548 1229 1591 ΜΟ·

230 1617 370 1664 niales
395 1636 500 1666 cum
518 1619 700 1665 licentia
726 1615 906 1661 suorum
927 1615 1226 1680 superiorum

229 1682 396 1752 scripta
412 1719 428 1742 ,
456 1684 666 1733 accedere
689 1680 807 1750 poffe
826 1680 1106 1732 declaratur.
1139 1701 1227 1731 cum

225 1771 352 1803 nota.
1062 1753 1157 1803 Fol.
1183 1774 1224 1802 1.

295 1829 341 1874 A
374 1824 544 1874 Sane‘iae
580 1829 799 1874 Romanae
829 1821 1116 1878 Universalis
1136 1860 1151 1882 ‚
1177 1823 1226 1875 &

224 1894 434 1962 supreme
454 1893 1030 1962 InquifitionisTribunali,
1046 1896 1226 1944 ΡΡ.Μί-

220 1965 367 2014 nistris
388 1964 749 2015 Provincialibus
765 1967 1114 2015 Provinciarurn
1135 1967 1225 2021 Ul-

221 2049 619 2086 tramontanarum
648 2033 841 2085 facultas
861 2036 1154 2094 conceditur,
1180 2037 1226 2084 in

219 2103 365 2154 caufis
382 2106 438 2154 ad
458 2110 502 2155 S.
514 2104 743 2155 Officium
763 2104 1069 2173 spestantibus
1085 2141 1101 2164 ,
1119 2123 1226 2155 cont

219 2188 293 2225 tra
307 2173 407 2223 suos
426 2174 625 2224 subditos
638 2173 928 2242 procedendi.
1184 2194 1229 2238 3.

294 2245 588 2294 Austoritate
625 2250 671 2295 S.
694 2247 1078 2314 Congregationis
1102 2243 1222 2296 Offi.

222 2316 283 2365 cii
305 2322 533 2383 Supremae
549 2352 565 2374 ‚
587 2314 634 2366 ὅ(
654 2314 942 2369 Universalis
964 2315 1219 2385 Inquisitio-

220 2387 320 2445 nis,
350 2388 579 2436 Fratribus
607 2387 628 2434 ἓι
657 2389 707 2435 P.
723 2387 1034 2446 Provinciale‚
1071 2387 1220 2437 &De-

220 2454 421 2508 finitorio
439 2457 686 2507 Provinciae
705 2457 930 2525 deputatis
946 2494 960 2516 ,
979 2459 1116 2508 libros
1134 2460 1215 2507 hae-

220 2529 468 2577 reticorum
485 2564 500 2587 ,
518 2541 597 2576 aut
614 2528 720 2576 alias
739 2528 991 2596 prohibitos
1006 2529 1214 2597 legendi3

220 2595 536 2648 Confeffiones
555 2611 653 2647 tum
669 2601 969 2649 Saecularium
983 2635 998 2659 ‚
1016 2613 1111 2648 tum
1129 2604 1213 2648 Re-

216 2669 442 2734 gularium
458 2705 473 2725 ,
492 2683 590 2718 tum
611 2671 944 2719 Haereticorum
960 2706 976 2727 ,
993 2668 1213 2719 schisma-

217 2737 414 2786 ticorum
445 2739 535 2788 ἃς.
574 2742 826 2806 excipiendi
846 2760 859 2799 ;
893 2742 1127 2789 haereticos
1156 2739 1211 2788 ab

217 2804 370 2852 haerefi
388 2840 402 2859 ,
426 2806 741 2857 haereticorum
756 2809 979 2859 librorum
1000 2811 1212 2859 Letiores

211 2871 295 2922 :seu
329 2885 576 2921 retentores
595 2907 609 2927 ‚
641 2892 815 2922 necnon
828 2881 1068 2926 Saeculares
1083 2915 1097 2936 ,
1126 2885 1214 2929 Re-

215 2944 439 3010 ligionem
459 2940 637 3009 ingredi
655 2943 856 2989 volentes
874 2979 889 2997 ,
923 2945 979 2990 ab
1002 2949 1212 2995 omnibus

219 3011 443 3070 censuris,
455 3009 625 3060 cafibus
642 3009 748 3060 Sedi
763 3009 1038 3077 Apostolicae
1052 3046 1066 3067 ,
1078 3014 1213 3059 etiam

216 3085 264 3132 in
282 3085 414 3132 Bulla
427 3082 501 3132 die
514 3084 676 3131 Coenae
691 3082 879 3129 Domini
897 3082 987 3148 legi
1006 3079 1134 3128 solita
1153 3098 1215 3128 re·

214 3149 696 3210 servati3‚absolvendi
715 3148 903 3198 facultas
922 3150 1184 3199 conceditur
1201 3187 1214 3198 .

217 3223 388 3272 Itidem
420 3227 469 3272 P.
485 3221 761 3272 Provinciali
789 3236 896 3268 curn
916 3222 1121 3269 Novitiis
1139 3255 1154 3276 ,
1180 3218 1214 3267 fi

217 3293 416 3342 haeretici
436 3290 604 3342 fuerint
617 3327 632 3348 ‚
647 3290 705 3340 ad
725 3288 935 3339 effectum
951 3293 998 3339 S.
1011 3291 1211 3339 Ordines

218 3362 461 3431 recipiendi
485 3398 499 3420 ‚
523 3360 625 3430 post
653 3358 968 3428 profeffionem
996 3357 1213 3426 dispensa—

219 3449 269 3480 re
279 3467 295 3490 ,
318 3433 375 3482 ad
391 3450 547 3481 omnes
563 3432 733 3503 gradus
746 3466 761 3489 ‚
778 3429 826 3481 ὅ(
842 3431 1094 3499 Religionis
1114 3447 1212 3477 rnu-

221 3517 329 3551 nera
364 3502 600 3552 habilitare
627 3538 643 3561 ,
680 3501 728 3552 &
756 3498 1019 3550 facultatem
1052 3516 1126 3546 eos
1157 3498 1211 3547 ab

222 3571 428 3622 omnibus
475 3572 645 3622 cafibus
681 3570 914 3620 reservatis
950 3567 1211 3619 absolvendi

221 3640 312 3688 ΡΡ.
327 3641 559 3709 Magistris
582 3643 890 3694 Novitiorum
919 3638 1210 3707 subdelegare

223 3707 487 3778 indulgetur
501 3748 512 3760 .
1131 3707 1206 3756 ibi.

337 3780 440 3819 Tam.
459 3783 478 3820 1
487 3783 526 3822 V.

1361 985 1504 1033 Series
1528 983 1799 1035 facultatum
1825 985 1875 1037 δε
1902 990 2250 1057 privilegiorum
2278 1025 2294 1046 ‚

1295 1071 1392 1119 quae
1418 1054 1444 1101 ὲ
1461 1057 1652 1104 Summo
1668 1055 1887 1106 Pontifice
1902 1058 2170 1124 quibusdam
2189 1063 2296 1108 Pro-

1295 1123 1565 1172 vincialibus
1586 1160 1601 1183 ‚
1632 1144 1713 1175 ceu
1743 1126 2010 1177 Miffionum
2039 1128 2293 1187 Praefectis,

1294 1194 1500 1258 quolibet
1515 1197 1798 1260 quatriennio
1811 1199 1995 1247 concedi
2007 1197 2149 1249 solent
2163 1235 2176 1256 ,
2186 1216 2294 1248 cum

1294 1261 1510 1329 potestate
1525 1299 1540 1321 ,
1562 1282 1612 1312 ea
1630 1268 1726 1314 aliis
1752 1271 2001 1318 Provinciae
2023 1267 2108 1319 suae
2129 1270 2293 1318 Fratri-

1293 1333 1376 1382 bus
1402 1337 1800 1387 communicandi.
1838 1356 1925 1386 cum
1943 1354 2063 1386 nota.
2243 1356 2287 1401 5.

1361 1407 1435 1452 Ex
1456 1406 1712 1453 Provinciis
1744 1409 2004 1455 Germaniae
2036 1422 2149 1456 tunc
2180 1406 2296 1457 divi-

1291 1472 1475 1528 dendis,
1505 1475 1578 1520 vel
1603 1472 1787 1530 divisis,
1821 1492 1912 1522 non
1941 1473 2022 1522 nifi
2059 1475 2292 1525 Ministros

1288 1541 1591 1589 Provinciales
1611 1559 1716 1590 cum
1736 1561 1828 1591 uno
1849 1543 2052 1594 Custode
2067 1582 2083 1603 ,
2102 1548 2292 1595 alterna-

1287 1611 1371 1659 tim
1402 1610 1640 1675 eligendo,
1661 1615 1865 1663 Comitia
1894 1617 2139 1664 Generalia
2166 1635 2291 1664 acce·

1286 1679 1390 1729 dere
1405 1679 1567 1729 debere
1585 1679 1736 1732 statuit
1749 1719 1763 1740 ,
1797 1683 1844 1734 <31
1862 1686 1906 1732 in
1926 1686 1979 1732 iis
2000 1703 2148 1735 novos
2167 1690 2288 1736 Con-

1286 1765 1450 1801 ventus
1479 1748 1568 1799 fine
1588 1753 1782 1820 expreffa
1803 1755 1974 1804 Sanciae
2005 1755 2133 1804 Sedis
2154 1758 2288 1807 licen-

1286 1825 1348 1872 tia
1382 1839 1461 1890 per
1495 1823 1670 1871 litteras
1699 1826 1744 1873 in
1781 1823 1928 1874 forma
1962 1829 2122 1874 Brevis
2156 1844 2287 1894 expe->

1286 1893 1445 1942 dienda
1470 1891 1668 1942 construi
1701 1895 1940 1963 prohibet.
1976 1896 2158 1946 Clemens
2187 1897 2284 1950 IX.

1288 1983 1374 2013 cum
1392 1979 1504 2012 nota.
2236 1988 2283 2028 7,

1358 2036 1749 2085 Commendatum
1771 2035 1851 2085 fibi
1868 2037 1923 2087 de
1941 2039 2132 2105 paritate
2154 2053 2284 2089 voto-

1293 2123 1394 2157 rum
1425 2107 1669 2155 articulum
1696 2108 1916 2157 maturius
1943 2113 2185 2159 examinari
2210 2110 2285 2159 de-

1291 2177 1395 2226 bere
1409 2212 1424 2234 ‚
1451 2175 1782 2246 Augustiffimo
1801 2181 2077 2247 Imperatori
2092 2181 2284 2247 Leopol-

1284 2249 1345 2299 do
1362 2245 1588 2316 fignificat
1610 2248 1792 2296 Clemens
1812 2249 1879 2300 X.
1904 2268 1990 2297 cum
2011 2264 2122 2296 nota.
2202 2269 2220 2297 1
2238 2269 2279 2298 1.

1362 2317 1540 2366 Eodem
1581 2335 1854 2386 argumento
1890 2357 1901 2368 .
1957 2319 2277 2368 Maximiliano

1279 2388 1486 2439 Henrico
1497 2423 1514 2443 ,
1529 2386 1886 2458 Archiepiscopo
1902 2387 1950 2439 ὅ(
1965 2388 2164 2439 Elector}
2180 2393 2274 2439 Co-

1280 2457 1465 2508 lonienfi
1484 2495 1496 2507 .
1535 2455 1647 2507 Idem
1674 2495 1687 2507 .
1739 2507 1747 2512 „
2196 2479 2273 2522 13.

1346 2549 1392 2564 -·
1439 2531 1608 2595 Joanni
1627 2530 1833 2597 Philippo
1849 2564 1864 2587 ‚
1883 2528 2242 2598 Archiepiscopo
2260 2567 2276 2588 ,

1274 2599 1322 2651 <Sc
1360 2600 1560 2649 Ele&ori
1594 2602 1898 2665 Moguntirm.
2194 2601 2272 2649 ibi.

1342 2695 1388 2710 --·
1446 2669 1728 2719 Ferdinando
1749 2664 1906 2719 Mariae
1922 2707 1937 2728 ,
1968 2672 2089 2720 Duci
2106 2669 2152 2721 ὅ(
2171 2673 2272 2720 Ele-

1272 2739 1388 2788 ‹stori
1404 2742 1649 2789 Bavaricae.
1671 2738 1781 2788 Ibid.
1809 2758 1861 2788 ac
1879 2740 2091 2790 Adelaidi
2110 2735 2271 2787 Ducis·

1271 2807 1326 2859 sae
1346 2845 1362 2868 ,
1395 2808 1442 2859 &
1464 2811 1675 2859 Elestrici
1708 2813 1910 2858 Bavariae
1929 2841 1940 2852 .
2193 2825 2268 2871 14.

1343 2881 1420 2929 Ad
1449 2897 1587 2928 novas
1606 2877 1830 2925 instantias
1850 2909 1865 2928 ‚
1903 2873 2082 2923 easdem
2109 2879 2267 2926 circa„

1272 2950 1514 3011 paritatem
1552 2959 1766 2996 votorum
1799 2941 2091 2992 difficultates
2129 2945 2264 2996 subfi-

1272 3014 1382 3060 stere
1397 3047 1413 3068 ,
1440 3009 1769 3078 Augustiffimo
1786 3015 2059 3080 Imperatori
2074 3018 2263 3084 Leopol-

1274 3080 1333 3129 do
1350 3078 1562 3133 rescribit.
1578 3078 1707 3129 Idem.
2187 3086 2264 3136 ibi.

1345 3152 1480 3200 Circa
1500 3150 1686 3198 eandem
1703 3152 1940 3217 paritatem
1958 3150 2149 3219 Cesaree
2165 3160 2266 3205 Ma-

1269 3219 1437 3283 Jestatis
1465 3218 1628 3267 officiis
1671 3218 1714 3268 se
1758 3238 1951 3269 annuere
1984 3239 2071 3270 non
2113 3223 2231 3292 posse
2247 3262 2263 3284 ,

1273 3289 1437 3338 clarius
1470 3287 1718 3357 fignificat.
1758 3290 1885 3339 Idem.
2184 3314 2262 3358 15.

1341 3364 1407 3408 Ex
1422 3358 1619 3424 qualibet
1634 3363 1891 3408 Germaniae
1907 3363 2142 3412 Provincia
2154 3400 2168 3422 ,
2186 3384 2262 3414 no·

1270 3429 1389 3477 viter
1420 3427 1562 3477 divisa
1585 3464 1600 3486 ,
1633 3430 1689 3477 ad
1720 3432 1986 3497 Capitulum
2007 3436 2260 3483 Generale„

1271 3498 1384 3546 duos
1402 3482 1622 3547 Custodes
1639 3499 1864 3567 ablegari,
1891 3499 1948 3548 ad
1962 3502 2142 3552 iteratas
2162 3510 2260 3556 Au-

1270 3567 1507 3636 gustiffimi
1545 3572 1837 3635 Imperatoris
1873 3569 2096 3620 instantias
2121 3610 2135 3630 ,
2176 3592 2258 3642 pro

1272 3655 1357 3686 una
1383 3641 1482 3687 vice
1516 3639 1696 3689 tantum
1727 3639 1964 3709 indulget.
2011 3640 2138 3694 Idem.
2174 3663 2260 3693 cum

1269 3723 1390 3757 nota.
2186 3714 2263 3762 ibi.

1560 3780 1584 3819 b
2056 3786 2149 3843 Qa
2155 3797 2209 3823 m-
