2658 4256
412 199 575 283 180

339 335 412 380 dos
427 334 508 390 fit)
540 332 601 375 vel
632 331 864 377 psalterium
884 332 1170 376 recitabitCL.
1201 328 1343 372 Psalm.

339 399 403 441 vel
432 395 566 438 CCC.
593 395 716 436 Pater
733 393 862 436 nosler
886 395 926 434 &
950 395 1038 434 Ave
1055 390 1181 432 Maria
1196 391 1347 442 orabit,

338 456 493 501 addens
523 455 563 495 in
590 451 667 494 fine
695 453 985 507 Requiem&c.
1013 461 1059 494 ut
1086 449 1225 503 supra.
1259 451 1344 490 De-

337 530 447 558 mum
470 511 654 555 omnibus
691 510 905 554 Sodalibus
933 509 1345 559 manifestatur‚ea.,‚

338 590 423 632 quae
451 576 490 614 in
515 570 674 625 Regula
698 571 960 614 continentur
985 596 998 618 a
1030 568 1191 610 consilia
1218 566 1346 608 solum

337 633 417 677 esse
447 646 521 686 pro
540 624 710 673 faciliori
731 630 790 673 via
811 630 950 672 salutis
967 658 982 679 ,
1014 630 1053 669 δε
1069 626 1210 683 majori
1231 640 1344 668 com-

340 692 538 735 moditate
557 688 616 731 ssad
633 690 805 734 Patriam
830 688 1027 730 caelestem
1047 685 1346 741 perveniendi,

338 765 470 806 neque
484 749 666 803 obligare
683 746 732 790 ad
751 758 955 802 peccatum
972 745 1049 787 sive
1066 744 1240 788 mortale
1258 773 1271 795 ,
1302 745 1347 783 Γι-

339 825 387 853 ve
403 808 806 862 veniale‚ultraquam
822 806 888 847 alii
904 805 1090 848 Crilliani
1105 805 1125 845 a
1141 805 1228 859 lege
1244 803 1346 845 divi-

338 884 389 912 na
421 869 676 923 obligantur.
713 866 830 908 Unde
852 866 878 905 si
903 865 990 919 quis
1022 864 1248 917 negligeret
1275 871 1344 903 aut

338 940 480 970 omnes
494 953 508 977 ‚
538 936 607 968 aut
621 925 772 980 aliquas
788 923 947 965 istarum
963 937 1099 965 rerum
1113 921 1341 967 observare,

335 995 549 1043 peccatum
565 983 722 1027 nullum
738 981 1132 1031 committereulic‘et
1148 981 1185 1021 in
1204 993 1341 1021 earum

335 1043 617 1087 observatione
655 1054 837 1096 magnum
861 1054 998 1084 coram
1029 1042 1117 1080 Deo
1150 1039 1339 1080 meritum

341 1111 633 1158 comparetur,
664 1102 701 1142 &
730 1099 863 1141 multae
893 1097 1160 1151 Indulgentiae
1187 1094 1341 1150 acquiri

340 1163 512 1217 possint,
544 1174 640 1214 quas
667 1157 810 1207 diversi
838 1158 991 1199 Summi
1011 1154 1225 1197 Pontifices
1251 1167 1341 1192 om-

335 1222 452 1264 nibus
478 1218 780 1261 observantibus
805 1214 1005 1268 Regulam
1021 1213 1152 1253 Tertii
1175 1212 1341 1254 Ordinis

334 1281 387 1321 de
407 1277 647 1334 poenitentia
665 1275 685 1317 a
701 1278 740 1316 S.
755 1276 877 1315 Patre
895 1268 1107 1314 Francisco
1124 1271 1343 1313 institutam

334 1335 639 1381 concesserunt.

392 1399 604 1443 Ptaeterea,
620 1401 662 1433 ut
679 1387 1004 1432 Confraternitas
1017 1388 1200 1443 praediCta
1218 1386 1344 1442 majo-

332 1471 376 1499 ra
399 1455 437 1495 in
466 1453 552 1495 dies
580 1448 761 1503 suscipiat
791 1447 1044 1489 incrementa
1071 1474 1085 1495 ,
1115 1446 1170 1487 de
1196 1446 1338 1487 Omni·

332 1513 510 1571 potentis
527 1511 604 1552 Dei
624 1505 899 1549 misericordia
914 1534 927 1556 ‚
957 1520 1002 1548 ac
1029 1506 1246 1546 Beatorum
1261 1505 1338 1545 Pe·

333 1573 442 1615 tri&
459 1569 568 1612 Pauli
587 1566 872 1624 Apostolorum
888 1563 971 1619 ejus
983 1565 1226 1606 au&oritate
1239 1576 1337 1604 con-

334 1631 388 1673 fisi
415 1657 429 1680 a
459 1629 646 1670 omnibus
674 1623 882 1678 utriusque
910 1621 1020 1665 sextis
1050 1619 1338 1666 christifideli-

329 1693 403 1734 bus
418 1719 433 1739 ,
464 1687 532 1745 qui
552 1686 697 1728 dictam
711 1680 1105 1727 Confraternitatem
1121 1682 1172 1723 de
1188 1692 1339 1724 caetero

332 1747 615 1804 ingredientur
640 1773 654 1796 ‚
683 1743 749 1785 die
783 1743 915 1797 primo
941 1755 1086 1784 eorum
1110 1738 1337 1795 ingressus,

334 1808 361 1849 fi
380 1807 473 1850 vere
499 1805 748 1858 poenitentes
774 1804 814 1843 &
834 1801 996 1844 confeffi
1010 1799 1337 1845 sanctiffimum„

326 1864 582 1910 Eucharistiae
598 1867 897 1907 Sacramentum
921 1858 1177 1915 sumpserint,
1193 1860 1338 1901 Plena·

329 1927 454 1977 riam3
487 1928 547 1965 Ac
576 1934 655 1965 tam
674 1920 758 1978 ipsis
781 1934 886 1963 nunc
913 1921 1042 1976 &pro
1063 1929 1249 1973 tempore
1264 1917 1338 1959 de·

328 1983 547 2028 scribendis
562 2010 576 2032 ‚
606 1984 723 2036 quam
745 1978 957 2035 descriptis
975 1979 1013 2020 in
1040 1978 1145 2020 dicta
1161 1973 1339 2020 Confra-

327 2045 523 2086 ternitate
536 2037 856 2091 Confratribus,
887 2039 927 2080 in
944 2036 1165 2092 cujuslibet
1196 2048 1339 2078 eorum

330 2102 471 2144 mortis
499 2099 705 2151 articulo,
734 2097 759 2140 si
786 2099 937 2152 pariter
965 2099 1064 2139 vere
1088 2096 1339 2152 poenitentes

327 2163 368 2202 δι
403 2158 558 2203 confefli
585 2187 599 2210 ‚
631 2162 830 2214 Sacraque
857 2156 1145 2200 communione,
1175 2154 1341 2205 refecti,

327 2219 428 2270 vel,
450 2228 648 2275 quatenus
676 2217 714 2259 id
731 2212 867 2260 facere
883 2215 1170 2271 nequiverint,
1202 2214 1343 2256 saltem

328 2277 425 2320 vere
441 2278 603 2319 contriti
619 2291 765 2318 nomen
783 2278 866 2332 Jesu
883 2289 955 2318 ore
971 2304 984 2327 ,
1002 2273 1027 2316 si
1043 2275 1247 2329 potuerint
1263 2300 1276 2322 ‚
1292 2271 1343 2313 fin

327 2335 618 2386 autem,corde
647 2331 1244 2385 devoteinvocaverint,etiam
1264 2331 1347 2385 ple—

326 2396 496 2446 nariam3
507 2398 557 2435 Ac
573 2402 655 2436 tam
672 2394 759 2449 ipsis
776 2407 879 2436 nunc
891 2396 930 2435 &
942 2408 1018 2450 pro
1032 2403 1219 2447 tempore
1234 2392 1346 2433 Con-

325 2453 517 2496 fratribus
533 2481 549 2503 ‚
580 2456 696 2506 quam
724 2453 810 2494 aliis
826 2454 1032 2508 utriusque
1064 2449 1176 2494 sexfis
1193 2448 1343 2492 Christi

327 2512 516 2555 fidelibus
532 2540 546 2562 ‚
572 2512 612 2551 &
642 2511 737 2553 vere
754 2513 1046 2564 poenitentibus
1073 2511 1110 2551 δι
1126 2506 1311 2551 confessis
1328 2534 1343 2557 ,

328 2586 375 2615 ac
390 2575 512 2614 Sacra
539 2571 826 2612 communione
850 2567 1007 2610 resectis
1023 2597 1036 2621 ,
1068 2569 1136 2623 qui
1153 2566 1340 2620 Superio—

327 2644 415 2674 rem
448 2627 695 2678 Ecclesiam,
729 2628 791 2670 vel
824 2625 1060 2669 inferiorem
1089 2625 1300 2680 Capellam
1322 2652 1337 2674 ,

327 2689 392 2732 seu
410 2686 648 2730 Oratoriurn
665 2714 678 2736 ,
709 2687 776 2729 ubi
801 2686 907 2728 dista
930 2685 1258 2728 Confraternitas
1283 2682 1339 2725 est

327 2748 521 2793 instituta,
535 2747 575 2787 in
591 2745 707 2787 Feria
723 2748 772 2788 V.
789 2746 827 2786 in
841 2748 973 2787 Coena
992 2745 1181 2794 Domini,
1193 2757 1240 2784 ac
1258 2741 1340 2795 pri-

330 2821 394 2850 ma
410 2804 622 2848 Dominica
639 2803 781 2846 Mensis
800 2803 933 2845 Martii
963 2802 1123 2858 singulis
1148 2804 1260 2845 annis
1275 2800 1344 2843 de-

267 2879 274 2882 *
329 2865 428 2908 vote
455 2862 734 2914 visitaverint,
766 2864 805 2904 δι
832 2861 884 2903 tbi
913 2875 987 2915 pro
1015 2862 1341 2904 Christianorum

328 2922 565 2977 Principum
593 2921 839 2970 concordia,
875 2921 1062 2962 haeresum
1086 2919 1341 2974 exstirpatio-

329 2998 408 3034 ne,
442 2994 487 3022 ac
517 2984 666 3024 sanstae
705 2982 844 3023 Matris
871 2979 1053 3022 Ecclcfiae
1085 2978 1341 3030 exaltatione

327 3043 412 3100 pias
427 3040 475 3083 ad
496 3041 623 3082 Deum
643 3054 782 3095 preces
797 3039 1012 3082 effuderint
1027 3068 1041 3090 ‚
1064 3054 1145 3094 quo
1160 3038 1226 3080 die
1242 3049 1342 3092 prae-

329 3102 528 3144 dic'totum
550 3099 589 3141 id
613 3099 797 3154 egerint,
829 3098 961 3154 quoad
977 3097 1222 3142 Confratr‘es
1244 3109 1343 3152 prae-

328 3159 434 3203 fatos
448 3157 675 3201 Plenariam
692 3158 870 3201 similiter
882 3158 1060 3200 omnium
1079 3166 1342 3213 peccatorum

330 3221 492 3264 suorum
517 3217 812 3274 indulgentiam
836 3218 876 3259 &
901 3217 1166 3260 remissionem
1189 3213 1344 3258 miseri·

330 3278 515 3323 corditer
550 3278 587 3318 in
620 3277 793 3318 Domino
818 3277 1105 3329 concedimus3
1135 3277 1218 3334 quo
1245 3272 1348 3316 vero

335 3338 386 3382 ad
405 3338 503 3378 alios
517 3362 531 3383 2
545 3351 625 3379 non
647 3335 887 3380 Confratres
901 3335 1073 3386 ,decem
1095 3334 1272 3379 annos&
1288 3342 1350 3375 to·

334 3399 462 3444 tidem
476 3396 754 3452 quadragenas
769 3396 821 3439 de
837 3394 1021 3450 injunctis
1041 3398 1125 3448 eis,
1155 3395 1221 3438 seu
1246 3391 1346 3435 aliis

335 3454 645 3515 quomodolibet
680 3456 829 3498 debitis
846 3455 1096 3510 poenitentiis
1121 3456 1158 3498 in
1184 3452 1346 3496 forma-³

332 3514 523 3563 Ecclesia:
545 3514 733 3559 consueta
753 3515 1003 3558 relaxamus.
1036 3516 1204 3570 Insuper
1230 3511 1344 3554 dictis

334 3572 621 3622 confratribus
645 3575 827 3618 similiter
852 3575 950 3617 vere
980 3572 1279 3629 poenitentibus
1306 3571 1347 3612 &

335 3633 516 3680 confeffis
544 3663 556 3686 ,
587 3650 633 3677 ac
669 3639 790 3678 Sacra
824 3634 1125 3677 Communione
1156 3631 1346 3683 refectis,

334 3698 402 3754 qui
420 3693 664 3748 superiorem
683 3692 900 3737 Ecclesiam
923 3691 986 3735 seu
1002 3692 1215 3750 Capellam
1243 3688 1346 3732 infe·

338 3757 516 3804 riorem,
548 3753 612 3795 vel
639 3754 874 3796 Oratorium
900 3781 914 3805 ,
949 3753 1017 3796 ubi
1037 3752 1141 3796 dicta
1171 3748 1348 3794 Confra-

338 3813 510 3859 ternitas
542 3811 720 3856 instituta
741 3813 901 3870 transiit,
931 3815 972 3855 in
1002 3812 1239 3857 Nativitatis
1255 3812 1345 3853 Do-

1122 198 1670 285 Provincia

1407 335 1639 378 mini-nostri
1662 334 1751 378 Iesu
1768 333 1915 377 Christi
1937 363 1953 385 ,
1989 346 2035 375 ae
2053 339 2308 384 Inventionis
2325 346 2426 386 San.

1406 398 1472 436 &ae
1486 395 1627 438 Crucis
1643 422 1656 445 ,
1688 408 1733 436 ac
1758 392 2039 442 Pente—costes,
2072 396 2111 435 &
2127 399 2421 456 Assumptionis

1407 458 1451 496 B.
1469 455 1520 497 V.
1537 453 1678 497 Mariae
1695 452 1994 496 Festivitatibus
2012 450 2076 506 pie
2101 454 2341 502 visitaverint
2359 463 2423 512 ,δι

1407 513 1615 557 oraverint
1630 542 1644 564 ,
1658 524 1700 555 ut
1717 510 1947 567 praefertur,
1962 511 2102 554 decern
2118 527 2243 558 annos
2259 519 2298 560 δι
2317 521 2423 562 toti-

1406 575 1499 617 dem
1526 572 1806 628 quadragenas
1831 602 1842 613 .
1886 570 2064 631 Qoties
2099 574 2201 614 vero
2243 577 2426 630 praedicti

1407 629 1667 682 Confratres‚
1683 629 1824 673 saltem
1841 629 2149 677 contriti2Miffis
2165 635 2200 673 ὃ(
2216 633 2303 676 aliis
2317 635 2426 678 divi-

1408 693 1469 733 nis
1495 689 1649 733 Officiis
1672 690 1711 733 in
1739 691 1844 732 dieta
1879 687 2085 736 Ecclesia,
2123 690 2188 733 vel
2218 693 2392 746 Capella
2412 724 2426 748 ,

1407 747 1471 793 seu
1487 749 1685 791 Oratorio
1701 762 1774 805 pro
1792 760 1977 803 tempore
1993 748 2248 792 celebrandis
2263 779 2277 802 ‚
2309 753 2349 794 δι
2364 765 2429 795 re-

1406 809 1604 860 citandis,
1619 808 1687 850 seu
1702 807 2096 864 Congregationibus
2117 809 2289 864 publicis
2309 836 2324 860 ,
2356 812 2424 855 vel

1408 867 1572 923 privatis
1600 867 1712 909 dit‘tae
1726 867 2093 911 confraternitatis
2113 868 2246 910 ubivis
2269 866 2422 913 facien·

1403 929 1465 970 dis
1481 924 1771 977 interfuerint,
1802 937 1872 969 aut
1887 939 2087 981 pauperes
2103 926 2277 982 hospitio
2294 927 2425 972 susce·

1403 987 1537 1043 perint
1556 1014 1569 1036 ‚
1605 985 1671 1029 vel
1693 999 1831 1040 pacem
1851 999 1942 1027 cum
1961 981 2141 1027 ‘inimicis
2157 986 2333 1041 propriis
2351 986 2418 1030 vel

1403 1046 1566 1088 alterius
1584 1044 1887 1099 composuerint
1900 1073 1915 1094 ,
1950 1044 2019 1086 seu
2034 1047 2219 1100 componi
2242 1044 2421 1089 fecerint

1405 1105 1468 1147 vel
1488 1104 1818 1157 procuraverint:
1851 1117 1926 1145 nec
1941 1117 2019 1145 non
2041 1105 2258 1160 etiam,qui
2272 1117 2424 1159 corpo-

1403 1178 1446 1207 ra
1463 1159 1746 1203 defunnorum
1766 1172 1850 1203 tam
1862 1161 2132 1204 Confratrum
2145 1189 2159 1212 ‚
2193 1165 2308 1219 quam
2326 1164 2425 1206 alio.

1404 1235 1492 1265 rum
1540 1220 1590 1261 ad
1628 1219 1944 1261 Ecclesiasticam
1981 1218 2227 1274 sepulturam
2263 1221 2428 1267 associa-

1406 1280 1569 1323 verint,
1602 1276 1976 1330 Sanctiffimumque
1999 1278 2255 1321 Eucharistiae
2273 1285 2424 1324 Sacra-

1403 1347 1584 1382 mentum
1603 1337 1739 1377 tamin
1759 1333 2078 1379 Proceffionibus
2095 1339 2216 1392 quam
2243 1337 2293 1379 ad
2310 1338 2427 1382 infir-

1403 1411 1491 1439 mos
1505 1425 1519 1447 ,
1550 1405 1616 1435 aut
1635 1395 1732 1439 alias
1750 1422 1765 1445 ,
1797 1394 2028 1450 ubicunque
2043 1397 2082 1438 δι
2108 1395 2427 1451 quomodocun-

1403 1471 1481 1513 que
1499 1454 1735 1504 deferatur,
1753 1468 1825 1506 pro
1843 1464 2031 1507 tempore
2046 1455 2230 1499 comitati
2245 1454 2420 1511 fuerint,

1397 1525 1484 1563 aut,
1500 1510 1523 1552 fi
1539 1513 1751 1566 impediti,
1763 1525 1964 1566 campana:
1978 1512 2028 1555 ad
2042 1514 2084 1556 id
2102 1514 2211 1569 figuo
2228 1515 2343 1568 dato,
2362 1515 2426 1558 se-

1399 1572 1479 1615 mel
1498 1571 1741 1613 Orationem
1762 1571 2016 1613 Dominicam
2029 1598 2043 1620 ‚
2075 1575 2116 1614 δε
2132 1573 2422 1618 salutationem

1400 1631 1645 1687 Angelicam
1679 1630 1855 1672 dixerint
1882 1657 1897 1680 ‚
1939 1639 2007 1672 aut
2043 1631 2168 1673 etiam
2208 1633 2424 1689 quinquies

1401 1691 1652 1735 Orationem
1679 1689 1961 1739 Dominicam,
1991 1690 2032 1730 ὅτ.
2059 1691 2182 1733 toties
2213 1690 2427 1735 salutatio-

1396 1765 1489 1794 nem
1522 1748 1758 1804 Angelicam
1788 1760 1863 1799 pro
1877 1749 2083 1790 animabus
2105 1748 2424 1796 defunctorum..

1398 1811 1518 1853 distae
1534 1807 1897 1850 Confraternitatis
1916 1805 2182 1851 Confratrum
2211 1811 2423 1854 recitave-

1399 1870 1479 1912 rint
1507 1896 1520 1919 ‚
1553 1877 1622 1911 aut
1658 1867 1824 1908 devium
1853 1865 2031 1920 aliquem
2067 1867 2125 1909 ad·
2147 1868 2250 1910 viam
2279 1868 2419 1912 salutis

1399 1928 1638 1971 reduxerint
1654 1955 1667 1975 ‚
1700 1927 1740 1966 δι
1763 1925 1999 1980 ignorantes
2013 1939 2058 1967 ea
2075 1939 2275 1983 praecepta
2293 1955 2308 1979 ‚
2331 1942 2420 1984 quae

1400 1987 1450 2033 ad
1468 1986 1633 2029 salutem
1648 1986 1734 2027 suut
1750 2011 1764 2034 ‚
1795 1983 2040 2035 docuerint,
2067 1997 2135 2027 aut
2151 1986 2419 2042 quandocun-

1401 2060 1480 2102 que
1495 2045 1606 2088 aliud
1635 2042 1796 2099 pietatis
1824 2043 1863 2084 &
1892 2043 2102 2085 charitatis
2128 2059 2227 2099 opus
2245 2059 2418 2089 exercu-

1402 2107 1507 2148 erint
1524 2134 1537 2156 ‚
1566 2104 1690 2146 toties
1716 2116 1789 2156 pro
1810 2100 1997 2156 quolibet
2015 2102 2295 2157 praedietorum
2322 2118 2417 2160 ope.

1404 2177 1495 2207 rum
1515 2163 1718 2217 sexaginta
1733 2161 1818 2202 dies
1843 2161 1897 2203 de
1919 2160 2105 2212 iniunctis
2141 2165 2202 2206 eis
2217 2163 2425 2217 poeniten·

1404 2223 1471 2267 tiis
1488 2223 1709 2266 relaxamus
1727 2249 1738 2260 .
1774 2220 2046 2263 Praesentibus
2070 2235 2143 2275 pro
2158 2222 2308 2265 Christi
2324 2220 2426 2265 fide-

1406 2284 1526 2333 libus,
1541 2294 1618 2323 non
1638 2278 1941 2329 Confratribus‚
1954 2279 2004 2321 ad
2019 2281 2263 2323 decennium
2277 2281 2425 2325 dunta-

1406 2352 1474 2384 xat
1490 2367 1504 2389 a
1533 2341 1571 2381 in
1589 2337 1752 2393 reliquis
1768 2338 1868 2378 vero
1882 2340 2086 2392 perpetuo
2101 2339 2284 2381 valituris
2297 2368 2308 2380 .
2325 2343 2418 2382 Non

1406 2399 1654 2443 obstantibus
1682 2394 2047 2439 Constitutionibus
2078 2398 2423 2440 &ordinationi-

1407 2460 1480 2501 bus
1511 2455 1753 2513 Apostolicis
1777 2483 1791 2506 ,
1819 2453 2048 2512 caeterisque
2073 2457 2289 2504 contrariis
2324 2458 2419 2514 qui-

1404 2519 1634 2572 buscunque
1650 2544 1661 2555 .

1462 2578 1611 2617 Datum
1632 2576 1769 2616 Romae
1785 2569 1889 2625 apud
1916 2574 1956 2614 S.
1974 2573 2143 2616 Petrum
2161 2573 2230 2614 sub
2248 2575 2414 2618 Annulo

1398 2635 1612 2678 Piscatoris
1638 2633 1705 2675 die
1724 2643 1827 2674 xxvi
1843 2642 1856 2668 ι
1870 2641 1905 2669 1.
1921 2633 2097 2675 Ianuarii
2119 2635 2241 2676 Anno
2253 2647 2415 2684 Muctv.

1399 2692 1668 2749 Pontificatus
1679 2690 1817 2736 Nostri
1831 2690 1953 2732 Anno
1965 2692 2097 2748 primo
2110 2721 2122 2733 .

1750 2928 1808 2972 M.
1822 2924 2004 2971 Vestrius
2019 2925 2239 2970 Barbianus
2253 2955 2267 2968 .

1459 3169 1585 3208 Breve
1596 3161 1826 3223 formatum
1839 3161 1882 3208 in
1898 3160 2072 3213 Archivo
2086 3162 2328 3207 Provincia

2240 3875 2355 3918 Con·
