2658 4256
955 212 1056 297 Η
1066 209 1286 301 clvc
1312 232 1347 294 t
1375 212 1572 300 ‚icaz
2141 237 2264 324 2519

240 339 508 394 pd‘Domt’nur'n
522 339 703 379 Nuntium
719 340 943 392 Apostolicum
957 366 970 384 ‚
992 344 1048 380 uti
1067 368 1079 386 ‚
1096 343 1206 391 frui,
1230 343 1364 390 potiri,
1390 341 1433 382 Θ
1451 337 1605 387 gaudere
1628 333 1736 392 liberi
1762 332 1806 376 Θ
1831 333 2136 384 ΙὶσίτὲνψᾳθῐΜ-ιΘ
2159 341 2320 390 valeant,

237 392 338 442 juxta
357 397 507 425 tenorem
533 387 732 428 litterarum
745 390 950 441 conceffionis
963 390 1006 432 Θ
1017 392 1149 429 indulti
1164 390 1377 441 hujusmodi,
1403 389 1463 425 hoc
1475 385 1610 424 tantum
1631 383 1750 419 addito
1762 407 1773 424 ‚
1800 385 1890 430 quod
1904 386 2060 422 Curatus
2077 386 2243 423 Matricis
2258 388 2320 427 Ec.

236 435 543 520 clefiaesulpradifiae
554 448 623 476 tam
638 441 677 476 in
690 439 829 477 decimis
839 463 854 484 ,
872 437 974 486 quom
989 439 1219 476 oblationibus
1229 464 1242 483 ‚
1265 436 1432 487 praecipui
1456 445 1604 485 quatuor
1624 430 1828 483 solemnium
1843 431 2078 489 Hestivitatum
2089 457 2103 475 ‚
2130 433 2320 473 Nativita-

236 485 285 524 'tis
295 485 376 522 vide
393 486 461 523 icet
475 512 484 527 ‚
509 499 548 524 ac
560 487 830 535 Resurrefiiionis
854 487 901 525 D.
915 484 971 526 N·
987 486 1075 536 Jesu
1090 487 1218 536 Christi
1231 513 1241 528 ‚
1258 497 1388 524 necnon
1399 482 1604 571 Pentecfosles
1620 505 1634 525 2
1652 480 1696 522 &⁶
1708 476 1954 537 Affumgtwnis
1976 481 2026 518 ‘B-
2042 479 2090 518 V·
2102 483 2229 520 Μανία
2248 485 2322 521 die·

235 533 297 570 bus
310 556 324 577 ‚
338 533 423 582 fieri
433 535 565 584 solitis,
592 550 632 574 ac
654 535 736 572 aliis
752 537 1000 584 proventibus,
1023 536 1190 584 juribus,
1208 535 1406 572 redditibus
1421 558 1434 577 ‚
1450 533 1517 581 fru
1548 532 1624 569 ibus
1645 529 1689 572 Θ
1711 530 1973 566 obventionibus
1999 531 2165 582 universis
2191 532 2321 568 nullum

231 582 376 632 penitus
392 585 553 633 patiatur
567 585 831 629 detrimentum,
870 584 911 621 ed
923 583 1012 633 quod
1021 584 1192 622 Homines
1208 582 1324 620 Incolae
1339 606 1353 626 ‚
1376 582 1420 623 Θ
1434 582 1665 620 Habitatores
1675 575 1741 615 loci
1762 576 1804 633 de
1816 573 1926 624 Realp
1948 579 1990 614 de
2010 579 2064 614 his
2087 579 2223 627 integre
2237 581 2295 629 ipfi
2306 603 2321 624 ,

233 634 388 678 ueprius
403 656 416 677 ,
440 633 664 683 respondeant
675 632 800 680 absque
812 645 835 669 u
850 632 884 669 la
896 632 1162 671 contradiffione
1172 657 1180 671 ‚
1197 631 1334 679 fintque
1348 629 1500 681 adstrifii
1522 642 1562 666 ea
1582 628 1639 665 die
1651 624 1794 675 solemm
1810 648 1822 668 ‚
1843 637 1927 710 ‘qua-
1942 628 1987 683 ad
2005 626 2175 677 Ecclefiam
2190 630 2323 680 Matri-

231 690 303 726 cem
325 682 481 720 accedere
494 681 729 732 impediuntur
741 704 754 724 ,
773 680 959 718 oblationes
978 679 1167 730 hujusmodi
1187 678 1346 726 colligere
1359 703 1369 718 ‚
1391 679 1435 720 Θ
1445 677 1507 726 ipfi
1514 678 1647 716 Curato
1661 674 1786 724 absque
1805 672 1844 709 ul
1856 685 1876 708 a
1891 673 2119 714 diminutione
2131 702 2143 720 ‚
2165 686 2208 713 ut
2218 677 2322 714 moris

231 727 288 778 'est’
307 731 497 780 confignare
507 756 519 769 .
547 732 630 767 Item
646 736 792 776 tempore
803 727 994 776 Fufi-hatis,
1005 740 1082 766 cum
1092 729 1139 765 ad
1151 725 1370 777 Eucharistiae
1383 727 1645 762 Sacramentum
1657 723 1824 761 canonica
1840 721 2014 770 sanffione
2033 727 2140 761 omnis
2151 724 2321 774 Christia-

230 789 299 814 nus
328 779 507 821 accedere,
527 779 572 821 Θ
590 775 680 814 illud
699 785 901 813 reverenter
923 777 965 813 de
985 778 1049 825 sui
1061 777 1198 826 proprii
1211 774 1411 814 Sacerdotis
1424 772 1552 822 consilio
1562 773 1735 822 suscipere
1749 779 1937 813 teneatur,
1960 771 2082 809 debent
2101 774 2142 814 Θ
2156 783 2321 825 tenentur

227 823 311 863 huic
335 828 454 866 Sacra
467 825 712 876 Constitutioni
731 824 792 873 ipsi
802 824 1032 862 Habitatores
1045 849 1058 868 ,
1079 826 1122 867 Θ
1136 823 1253 861 Incolae
1269 824 1335 861 loci
1344 821 1456 870 Realp
1480 823 1520 857 in
1544 821 1635 858 difia
1655 821 1724 870 sua
1748 818 1887 867 Ecclesia
1903 818 2100 857 Parochiali
2113 823 2151 856 in
2166 822 2317 869 vrsaria

223 885 261 911 eo
275 883 423 924 tempore
438 875 667 925 satisfacere,
691 883 752 909 nec
771 872 871 910 debet
894 884 945 908 eos
968 873 1136 912 Sacerdos
1151 871 1303 921 Capellq
1346 870 1407 917 qui
1432 870 1524 918 apud
1543 880 1598 906 eos
1626 869 1746 918 residet
1761 894 1770 909 ‚
1796 866 1884 905 dieto
1905 866 2096 923 [Paschatis
2118 878 2264 918 tempure
2280 872 2320 907 in

217 924 370 972 praefata
387 935 505 961 eorum
515 921 674 971 Coppelle
685 946 698 965 ‚
719 920 782 969 m'fi
798 920 840 956 de
857 920 1000 959 licentia
1022 923 1101 959 veri
1112 932 1227 960 eorum
1301 921 1373 956 rati
1389 941 1402 962 ,
1420 919 1668 955 communicare
1685 942 1696 954 .
1722 917 1794 955 Pro
1814 924 1933 964 pueris
1957 928 2088 964 quoque
2101 918 2321 965 baptizandis

223 971 349 1014 debent
369 973 414 1014 Θ
424 980 589 1011 tenentur
612 968 696 1006 difii
708 966 827 1005 Incolae
841 969 885 1011 Θ
897 969 1109 1008 habitatores
1122 969 1187 1006 loci
1210 969 1252 1005 de
1264 967 1375 1017 Realp
1401 967 1447 1003 ad
1460 966 1584 1007 diflam
1609 977 1724 1004 eorum
1739 964 1918 1014 Ecclefiam
1931 966 2118 1002 Matricem
2131 966 2255 1017 habere
2268 979 2323 1004 re.

222 1019 384 1068 cursum,
411 1031 473 1055 nec
494 1030 547 1056 eos
569 1016 677 1058 alibi,
703 1015 805 1064 quam
832 1018 872 1054 in
884 1017 974 1054 difia
988 1017 1129 1103 Ecclssia
1142 1013 1264 1064 facere
1284 1017 1484 1066 baptizari.
1511 1015 1595 1052 Item
1617 1013 1747 1064 infesto
1767 1016 1915 1051 omnium
1933 1012 2160 1057 Sanctorum,
2184 1015 2325 1056 &com-

224 1066 465 1105 memoratione
479 1066 690 1104 Animarum
716 1066 866 1103 omnium
876 1063 1045 1105 Fidelium
1107 1065 1317 1115 efunfiornm
1330 1090 1342 1110 ,
1367 1065 1429 1115 nifi
1450 1065 1610 1113 temporis
1619 1063 1843 1101 inclementia
1857 1087 1871 1106 ,
1896 1071 1960 1100 aut
1973 1062 2041 1099 alio
2056 1061 2208 1110 legitimo
2219 1066 2325 1110 impe·

227 1114 380 1153 Himeuto
395 1113 626 1153 retrahantur
637 1138 651 1159 ,
667 1114 733 1164 seu
756 1114 982 1153 retardentur
999 1138 1011 1158 ,
1037 1114 1163 1152 debent
1183 1114 1266 1151 dieti
1281 1114 1397 1152 Incolae
1409 1114 1452 1156 Θ
1469 1113 1680 1153 habitatores
1690 1110 1793 1153 Villae
1803 1110 1915 1159 Realp
1923 1112 2107 1161 praefatam
2128 1122 2243 1159 eorum
2258 1111 2323 1147 Ec-

218 1162 347 1213 clesiam
359 1163 595 1202 Parochialem
613 1175 706 1203 more
722 1162 826 1212 solito
839 1164 977 1215 visttarc
994 1189 1004 1202 .
1031 1163 1074 1200 -ln
1095 1163 1153 1200 die
1172 1162 1255 1201 vero
1281 1165 1322 1200 S.
1336 1162 1566 1205 Columbani,
1588 1160 1683 1199 dieta
1702 1160 1923 1199 Parochialis
1937 1159 2083 1209 Ecclesia
2095 1160 2246 1200 Patroni
2263 1159 2321 1197 de·

218 1213 302 1249 bem
311 1238 322 1255 .
349 1212 394 1256 Θ
405 1221 569 1251 tenentur
579 1213 720 1261 praefatt‘
723 1213 864 1261 subditi
878 1213 920 1249 de
934 1211 1044 1260 Realp
1049 1212 1236 1261 secundum
1240 1210 1383 1262 solitum
1396 1223 1519 1249 morem
1538 1210 1642 1260 ipsam
1658 1209 1833 1260 Ecclesiam
1847 1209 2086 1248 Parochialem
2107 1207 2325 1258 proceffiona-

220 1259 304 1299 liter
321 1261 480 1299 accedere
489 1286 501 1306 ,
527 1261 570 1307 Θ
583 1262 676 1298 inibi
689 1262 815 1299 divina
828 1262 953 1303 audire
965 1261 1068 1315 officia
1078 1285 1091 1304 ,
1115 1273 1155 1298 ac
1166 1261 1206 1312 se
1213 1260 1424 1313 prescriptis
1443 1260 1653 1313 temporibus
1669 1259 1767 1314 ipsius
1780 1257 1928 1315 Ecclefiae
1942 1257 2324 1310 Parochianosspecia-

223 1308 308 1348 liter
321 1310 365 1352 Θ
378 1309 555 1348 humiliter
567 1310 798 1362 recognoscere
811 1335 822 1347 .

315 1358 515 1403 Praeterea,
541 1360 625 1408 quia
647 1359 835 1408 congruit,
853 1369 895 1397 ut
914 1357 1056 1399 Matrix
1078 1356 1218 1408 Ecclesia
1238 1359 1278 1395 in
1299 1358 1419 1398 debita
1445 1358 1671 1408 conservetur
1690 1358 1869 1409 strufflura
1890 1381 1905 1403 ,
1938 1357 2252 1406 paramentis'qu63'2
2279 1354 2324 1397 ὠ·

220 1405 304 1443 aliis
326 1406 439 1444 cultui
457 1407 580 1443 divino
601 1408 694 1444 inibi
706 1404 899 1456 ueceffariis
916 1408 1075 1447 decenter
1091 1407 1270 1457 fulciatur
1286 1433 1300 1453 ,
1323 1421 1366 1446 ne
1372 1417 1542 1458 praetextu
1554 1430 1568 1451 ,
1590 1407 1635 1448 Θ
1651 1408 1786 1445 nomine
1797 1407 1903 1456 hujus:
1915 1406 2164 1455 Plantatl'oeu‘s,
2181 1402 2323 1455 Ecclefia

222 1454 296 1504 ipsa
308 1453 536 1493 ‘Perochiatis
548 1455 608 1505 jus
622 1455 687 1507 sibi
707 1456 862 1494 debitum
878 1458 1020 1494 amittat
1033 1480 1046 1501 ,
1071 1468 1111 1494 ac
1137 1467 1179 1495 ex
1192 1469 1229 1493 eo
1247 1457 1496 1505 quomodolibet
1516 1456 1764 1495 detrimentum
1782 1457 1948 1503 patiatur
1961 1478 1976 1499 ‚
2001 1456 2181 1497 volumus,
2205 1449 2249 1494 ὦ
2266 1453 2328 1489 de·

219 1504 394 1541 ceruimus
409 1527 423 1548 ‚
442 1503 544 1541 diHos
558 1503 688 1543 Incolas
703 1528 716 1550 ‚
737 1505 780 1549 Θ
794 1505 1006 1545 habitatores
1030 1505 1096 1545 Ioci
1119 1506 1161 1544 de
1178 1504 1291 1554 Realp
1323 1506 1369 1544 ad
1382 1507 1480 1557 ipstus
1499 1505 1670 1542 Matricis
1685 1503 2123 1553 Ecclestweparationem‚
2147 1502 2330 1549 conserva-¹

215 1552 344 1593 tionem
362 1554 405 1597 Θ
419 1554 712 1590 manutentionem
725 1578 738 1598 ,
764 1566 895 1593 necnon
908 1563 1146 1593 ornamentum
1156 1578 1170 1598 ‚
1194 1555 1237 1598 Θ
1250 1555 1403 1593 decorem
1416 1553 1523 1602 instar
1535 1551 1684 1588 aliorum
1696 1549 2006 1593 ‘Parochianorum
2020 1553 2061 1587 in
2075 1551 2231 1593 omnibus
2243 1573 2257 1594 ‚
2272 1550 2326 1593 ἴθ’

211 1609 278 1650 per
294 1603 408 1638 omnia
423 1602 641 1642 contribuere
653 1602 774 1640 debere
785 1627 798 1647 ,
827 1604 871 1645 Θ
887 1604 934 1641 ad
953 1602 1265 1652 conferendumseu
1280 1600 1568 1641 contribuendum
1582 1597 1754 1652 adstrieios
1771 1597 1832 1653 effe
1849 1600 1975 1654 absque
1996 1599 2069 1638 ulla
2093 1599 2300 1643 retraiiione
2311 1621 2325 1643 ‚

210 1650 277 1700 seu
291 1651 553 1694 retardatione,
580 1649 654 1687 dolo
676 1651 720 1693 Θ
736 1652 868 1700 fraude
893 1653 935 1687 in
958 1652 1012 1689 bis
1034 1651 1190 1689 omnibus
1202 1650 1344 1699 semotis
1358 1676 1368 1687 .
2220 1657 2223 1659 '

317 1699 366 1737 Et
385 1708 449 1749 per
472 1699 561 1735 hanc
579 1699 723 1748 nostram
731 1700 1053 1748 pronuntiationem
1067 1723 1081 1742 ‚
1100 1697 1399 1746 Definitionem&
1417 1698 1607 1740 Decretum
1628 1696 1790 1737 volumus
1806 1697 1851 1740 Θ
1869 1698 2198 1741 ordinamus-'dicias
2218 1697 2297 1735 lites
2310 1722 2324 1740 ,

217 1746 434 1797 quaestivnes,
458 1747 503 1788 Θ
528 1748 770 1801 controversias
797 1745 857 1798 effe
870 1748 1004 1797 sopitas
1027 1747 1072 1789 Θ
1085 1747 1252 1784 εκιίηέἶας
1278 1749 1420 1796 penitus
1433 1771 1446 1792 ‚
1474 1747 1517 1788 Θ
1547 1747 1706 1785 ονηηίηος
1731 1748 1776 1791 Θ
1785 1748 1835 1797 sic
1863 1748 2072 1786 arbitrando
2099 1748 2325 1792 mandamus,

215 1797 406 1846 deffinimus
422 1817 435 1839 ,
458 1793 700 1841 decernimus,
725 1797 769 1839 Θ
788 1795 1044 1835 inviolabiliter
1066 1794 1153 1847 fieri
1182 1795 1226 1837 Θ
1248 1796 1428 1845 observari
1446 1798 1551 1846 praei
1573 1795 1662 1834 imus
1675 1820 1690 1841 ‚
1714 1807 1818 1846 atque
1834 1797 1994 1847 jubemus
2019 1823 2030 1834 .
2054 1799 2181 1839 Latum
2211 1806 2326 1834 autem

208 1845 287 1895 fuit
309 1843 506 1892 praedifium
524 1845 716 1884 arbitrium
733 1854 795 1894 per
807 1844 887 1884 Nos
905 1844 1109 1884 Matthaeum
1124 1844 1349 1884 Cardinalem
1367 1845 1533 1887 Sedunen
1549 1857 1599 1882 em
1611 1868 1624 1888 ,
1649 1845 1694 1887 Θ
1715 1845 1859 1884 Felicem
1879 1847 2094 1898 Praepofitum
2109 1846 2328 1895 Turicensem

213 1894 390 1938 arbitros,
413 1894 643 1934 arbitratores
658 1917 671 1938 ,
692 1892 754 1946 seu
777 1893 971 1932 amicabiles
981 1894 1215 1943 Compositores
1235 1895 1434 1943 praedifios‚
1460 1894 1739 1942 &praefintibus
1758 1895 1941 1932 Partibus
1960 1896 2142 1934 antedifiis
2155 1921 2168 1941 ,
2196 1895 2325 1943 organo

215 1940 369 1983 Notarii
390 1941 524 1990 publici
545 1942 736 1993 subscripti
761 1943 880 1980 lectum
894 1969 906 1988 ‚
933 1944 976 1988 Θ
992 1942 1208 1991 publicatum
1221 1966 1234 1986 ‚
1256 1944 1300 1986 Θ
1325 1945 1369 1981 ab
1398 1944 1471 1994 ipsis
1484 1943 1655 1981 Partibus
1669 1967 1683 1988 ‚
1696 1943 1763 1992 seu
1777 1945 2073 1984 Procuratoribus
2087 1969 2101 1990 ‚
2116 1946 2181 1996 seu
2202 1945 2326 1983 Poten-

205 2001 248 2031 κ
265 1991 422 2040 ρναάὶξῖο
441 2002 517 2030 mox
531 1992 576 2034 Θ
588 1993 823 2032 incontinenti
846 1992 997 2042 expresse
1018 1992 1239 2041 emologatum
1251 2018 1264 2036 ,
1291 1992 1505 2044 ratificatum
1519 2016 1532 2038 ,
1546 1990 1783 2043 confirmatum
1797 1994 1841 2041 Θ
1852 1995 2075 2044 approbatum
2088 2021 2099 2033 .
2125 1996 2166 2032 ln
2184 2001 2329 2044 quorum

212 2040 361 2077 omnium
374 2041 417 2082 Θ
434 2039 645 2090 singulorum
650 2040 755 2089 fidem
766 2066 778 2086 ³
799 2042 842 2084 &¹
861 2041 1086 2092 testimonium
1108 2039 1346 2094 premifforum
1362 2040 1442 2082 Nos
1457 2041 1650 2081 Matthaeus
1674 2043 1882 2082 Cardinalis
1894 2067 1908 2089 ,
1932 2042 2083 2086 &Felix
2093 2044 2327 2094 Praepofitus„

213 2089 376 2133 arbitri,
399 2089 652 2135 arbitratum,
679 2091 724 2133 Θ
762 2091 960 2129 amicabiles
982 2090 1400 2140 Compofitoresantedic‘ii
1419 2091 1601 2141 praesentes
1627 2092 1782 2135 Litteras
1801 2116 1813 2136 ‚
1829 2093 1903 2142 five
1921 2092 2067 2142 praesens
2081 2093 2259 2143 publicum
2273 2091 2326 2134 ln-

206 2135 436 2187 Jirumentum
448 2161 462 2182 ,
485 2136 674 2196 hujusmodi
694 2139 883 2181 arbitrium
906 2138 1052 2190 nostrum
1079 2139 1292 2177 continentes
1315 2153 1370 2178 ive
1395 2143 1591 2184 continens,
1613 2141 1660 2177 ad
1685 2142 1934 2191 requisitionem
1947 2142 2200 2193 &instantiam
2220 2139 2329 2177 dista-

217 2196 298 2222 rum
312 2185 475 2224 Partium
485 2185 571 2235 fieri
584 2213 595 2229 ,
629 2188 674 2231 Θ
687 2196 750 2238 per
775 2185 971 2230 Notarium
994 2188 1256 2236 infrascriptum
1307 2191 1353 2227 ub
1368 2191 1462 2227 cribi
1487 2213 1502 2235 ‚
1522 2188 1768 2242 publicarique
1790 2191 1992 2231 mandamus
2005 2216 2016 2227 .
2041 2192 2124 2231 ‘Nos
2137 2189 2328 2234 Matthaeus

215 2233 423 2272 Cardinalis
446 2235 585 2284 proprio
607 2236 737 2287 nostro,
764 2249 828 2286 quo
845 2237 980 2276 utimur
993 2262 1009 2281 ‚
1032 2234 1113 2274 Nos
1134 2235 1215 2273 vero
1226 2235 1270 2274 Fe
1278 2240 1322 2278 ix
1372 2240 1561 2289 raepositus,
1587 2240 1670 2289 quia
1692 2239 1739 2278 ad
1758 2240 1905 2289 praesens
1922 2240 2103 2288 proprium
2128 2251 2197 2279 non
2223 2238 2330 2279 babeq

219 2292 294 2320 mus
303 2306 317 2327 ‚
344 2284 506 2333 Capituli
519 2283 622 2337 nostri
632 2285 758 2334 Sigillo
780 2286 931 2334 fecimus
956 2285 1163 2323 communiri
1176 2311 1187 2321 .
1218 2286 1362 2325 *Datum
1375 2288 1419 2331 Θ
1430 2288 1539 2328 atium
1553 2287 1686 2336 Turegi
1693 2288 1763 2339 sub
1777 2289 1886 2326 Anno
1895 2288 2038 2330 Domini
2050 2288 2213 2339 millesimo
2225 2287 2330 2335 quin-

215 2332 393 2379 gentesimo
414 2332 541 2370 decimo
554 2332 669 2372 ottavo
686 2334 877 2372 Indifiiione
892 2336 1002 2375 Sexta
1020 2360 1034 2380 ,
1060 2335 1143 2371 ‘Die
1155 2333 1238 2371 vero
1257 2337 1362 2377 Lunae
1381 2337 1514 2375 decima
1541 2338 1667 2385 quinta
1690 2336 1805 2385 menfis
1830 2334 2046 2379 Novembris
2059 2361 2074 2383 ,
2097 2334 2329 2389 Pontificatus

218 2379 328 2419 SSiiii
342 2381 383 2417 in
397 2379 532 2433 Christo
545 2380 669 2422 Patris
687 2411 698 2427 ,
718 2384 763 2427 Θ-
776 2384 822 2421 D.
836 2381 891 2422 N.
919 2384 968 2424 D..
987 2385 1110 2422 Leonis
1137 2383 1276 2420 Divina
1291 2385 1351 2424 Mi
1365 2387 1521 2423 eratione
1548 2385 1599 2425 Pa
1621 2396 1648 2422 ae
1673 2385 1810 2423 Decimi
1830 2386 1940 2422 Anno
1954 2385 2054 2436 ficeto
2067 2410 2080 2430 ‚
2099 2381 2327 2437 praefintibus

217 2427 344 2467 ibidem
357 2431 527 2478 egregiis,
557 2442 597 2468 ac
623 2431 883 2471 venerabilibus
896 2433 940 2476 Θ
952 2432 1202 2518 εἰνειιΙηζιῙρεΗὶε
1219 2429 1318 2470 Viris
1382 2434 1437 2470 iiis
1451 2394 1624 2473 Michaefe
1636 2434 1774 2471 Sandri
1787 2459 1800 2477 ,
1825 2432 1975 2483 ‘Jurium
1995 2434 2139 2476 Doflore
2150 2463 2161 2479 ,
2171 2431 2322 2473 'Decano

215 2475 364 2536 sscclefiae
377 2479 668 2533 Wratislavienfis
683 2505 696 2526 ‚
720 2482 764 2524 Θ
786 2480 971 2519 Remberto
994 2482 1036 2522 de
1085 2481 1287 2530 ersenbrogk
1298 2506 1313 2527 ,
1327 2481 1464 2523 Clerico
1477 2482 1745 2532 osnabruggen.
1768 2482 1878 2520 Dioec.
1895 2481 2140 2523 Familiaribus
2158 2482 2326 2523 Matshaei

215 2525 394 2573 praelsbati
423 2527 630 2568 cardinatis
643 2529 847 2618 Sedunegis
872 2530 1010 2582 testibus
1032 2530 1079 2569 ad
1086 2532 1206 2582 praemi
1230 2543 1252 2566 a
1265 2533 1398 2569 vocatis
1413 2557 1427 2577 ,
1449 2541 1554 2581 atque
1573 2533 1721 2581 rogatis.
1743 2531 1789 2568 Et
1801 2542 1861 2579 ego
1876 2531 2037 2580 Sifridus
2047 2534 2253 2580 LuterWyn
2281 2531 2324 2568 de

218 2571 365 2631 ssrisaco
378 2576 562 2628 Presbyter
578 2579 754 2630 Constant.
820 2580 893 2617 ioec.
905 2579 1087 2622 'Publicus
1103 2581 1181 2629 Apo
1207 2577 1293 2616 olica
1309 2603 1322 2623 ,
1343 2581 1388 2623 Θ
1410 2579 1586 2630 imperiali
1603 2579 1882 2622 Aufiloritatibus
1894 2580 2077 2624 Notarius
2092 2606 2106 2628 ,
2133 2580 2325 2624 Venerabi-

213 2619 366 2720 31353328
372 2625 776 2719 &fgrcumspeflorum
786 2629 1013 2671 Dominarum
1020 2628 1396 2680 Praepofitiantedifii,
1418 2631 1463 2678 Θ
1475 2630 1635 2682 Capituli
1650 2628 2079 2684 TuricenfisSecr5143535
2090 2657 2105 2683 ‚
2130 2644 2171 2672 ας
2193 2629 2324 2680 Scriba

344 2686 360 2710 5
433 2698 445 2711 ο
498 2688 534 2716 θα

315 2815 501 2877 Exemplar
514 2819 743 2874 infircbivo
757 2791 988 2882 'Resainan
1005 2824 1070 2878 seu
1082 2794 1254 2877 χ110]ρῆιῖ
1276 2792 1497 2880 ᾖφνὶσηβτ.

279 3866 314 3886 a
343 3839 447 3894 Etm-
460 3842 528 3896 1V÷
1573 3842 1617 3889 H
1646 3844 1676 3891 ῑ
2198 3846 2270 3891 Αιέ
