2658 4256
0 0 13 19 'i

38 0 42 21 i

741 275 1292 363 Anterioris
1337 270 1770 356 Austriae.
2122 306 2216 380 71

233 404 391 454 oy'ustnodi
404 403 565 456 postulata
579 407 625 443 ad
638 406 758 444 divini
776 406 887 449 cultus
902 416 1118 453 augmentum
1130 430 1140 448 ,
1163 417 1203 440 ac
1224 403 1435 452 spiritualem
1450 405 1657 440 Animarum
1672 401 1826 449 fruflum
1847 403 1886 437 in
1903 402 2180 452 administrandis
2201 419 2283 444 com·

231 453 359 492 modius
374 455 603 492 Sacramentis
618 481 631 500 ‚
654 457 695 497 ὼ·
710 455 854 492 Divinis
866 454 996 503 Officiis
1007 453 1108 489 unice
1131 452 1342 488 collimarent
1353 476 1362 486 .
1394 453 1480 489 Cum
1493 450 1574 487 vero
1598 449 1682 486 ⁶PP.
1698 449 1947 498 Augusiiniani
1969 452 2094 487 ibidem
2122 457 2284 500 oppositio·

231 512 290 537 net
300 502 452 548 formare
470 512 616 551 pergant
636 515 677 540 ex
699 514 837 539 erroneo
853 503 898 552 su
918 502 1014 549 posito
1026 524 1039 543 ,
1064 499 1084 536 ὰ
1100 500 1197 536 άίῖὲἱς
1214 499 1285 537 ΡΡ.
1301 500 1489 547 Caput-inis
1503 524 1516 542 ,
1532 495 1691 546 formalis
1703 497 1745 537 ὼ·
1770 498 1899 544 integri
1919 500 2117 535 Conventus
2139 502 2286 550 conflru.

232 547 368 586 ctionem
388 553 556 598 praetendi
568 576 579 592 .
601 550 745 602 proinde
766 551 879 588 Emin.
930 549 1046 598 estram
1060 546 1172 585 debite?
1193 549 1354 590 requiro,
1380 557 1421 584 ut
1435 557 1515 595 opus
1536 546 1624 583 illud
1637 544 1716 582 adeo
1730 545 1828 591 pium
1848 547 2048 583 auiioritate
2062 547 2130 595 sua
2154 547 2189 584 εὸ
2205 559 2284 596 pro.

228 608 364 634 movere
387 600 551 647 dignetur
565 624 579 645 ,
598 609 639 638 at
653 597 810 646 praefatis
842 598 926 636 PP.
941 595 1127 643 Capacinis
1149 596 1188 629 in
1210 593 1322 631 Vinea
1339 595 1492 631 ‘Domini
1507 597 1638 631 vicinos
1664 593 1760 627 ineer
1775 592 1943 629 haereticos
1970 604 2032 642 pro
2049 595 2283 643 sublevamine

223 645 360 694 piorum
375 645 530 694 fidelium
552 644 713 694 indefessi?
727 644 962 683 laborantibus
978 642 1183 690 ‚desiderata
1198 641 1353 689 facultas
1367 643 1590 690 indulgeatur
1604 666 1617 686 ,
1639 640 1760 677 difiam
1785 641 1972 687 Cappellam
1987 644 2087 690 suam
2109 643 2284 680 Wilanam

229 693 276 730 ad
289 694 353 730 offo
365 698 506 733 circiter
520 694 630 747 paffus
643 692 856 740 ampliandi.
883 694 989 730 Hanc
998 691 1152 738 gratiam
1164 689 1340 736 religiosus
1363 688 1420 725 ille
1434 690 1530 726 Ordo
1555 702 1622 727 non
1637 690 1751 725 minus
1765 690 1936 724 continuis
1948 692 1973 726 S
1976 691 2136 738 acrificiis
2144 717 2155 735 ,
2182 691 2282 739 quam

229 752 287 788 ego
301 746 426 790 quavis
441 743 692 794 opportunitate
719 751 801 788 erga
813 741 1044 777 Eminentiam
1058 736 1207 789 Vestram
1231 738 1395 774 demereri
1415 739 1560 774 conabor
1573 762 1587 782 ,
1611 739 1672 786 qui
1700 736 1917 785 observantia
1937 738 2015 786 jugi
2033 748 2213 787 permaneo

1299 833 1500 871 Eminentia
1528 833 1578 872 Ve
1604 847 1650 872 rae

416 933 729 984 Ebrenbreithslein
755 934 809 971 16.
825 931 980 969 Oflobris
998 939 1098 978 ¹70¹·

1469 1037 1733 1089 ‹Addiffliffimus
1754 1038 1888 1081 Servus

947 1138 1139 1206 ‘Joannes
1155 1134 1304 1205 liuga,
1333 1138 1672 1206 Arcbiepiscopus
1707 1139 1947 1190 Treviren.
1979 1137 2161 1188 Elector.
2189 1142 2280 1191 &c-
2334 1165 2337 1167 ·

310 1279 470 1327 Cumque
492 1281 527 1317 ἃ
550 1279 612 1327 ἰρΓι
635 1281 752 1316 Patres
766 1278 872 1314 nostri
894 1276 966 1324 jam
985 1275 1078 1322 prius
1099 1286 1216 1312 contra
1240 1277 1439 1325 hypothesin
1470 1277 1624 1314 formalis
1645 1276 1810 1314 Coenobii
1823 1278 2094 1320 construendi&
2118 1278 2189 1314 1³9.
2207 1279 2286 1313 Au-

217 1327 379 1375 gustianis
400 1329 577 1365 formatam
604 1354 611 1366 .
645 1329 680 1364 δι
703 1328 810 1363 totius
833 1326 946 1362 motsss
958 1326 1126 1370 originem
1144 1324 1307 1371 ‚publice
1332 1327 1458 1363 fuerint
1487 1325 1690 1374 protestatiz
1714 1336 1775 1375 pro
1802 1326 1957 1363 moderno
1983 1325 2175 1374 Religionis
2192 1325 2285 1376 flatu

218 1387 395 1424 nunquam
418 1389 533 1414 eorum
552 1387 694 1414 mentem
711 1373 838 1458 suff,
863 1384 924 1408 nec
949 1374 1041 1410 modo
1073 1370 1131 1421 effe
1147 1398 1159 1412 ‚
1185 1385 1246 1410 nec
1262 1374 1427 1421 futuram
1448 1399 1460 1418 ‚
1481 1374 1631 1424 formale
1657 1374 1907 1424 Monasterium
1921 1373 2140 1421 aedificandi,
2166 1374 2284 1411 saraa...

215 1424 266 1460 est
286 1426 400 1460 medio
421 1424 612 1461 amicabilis
633 1436 761 1468 compo
776 1422 890 1459 irionis
910 1420 1033 1467 quies,
1061 1422 1166 1468 usque
1193 1422 1235 1458 ad
1258 1435 1381 1462 annum
1417 1435 1517 1467 1712.
1542 1423 1738 1460 continuata
1754 1448 1767 1467 ‚
1794 1425 1827 1460 &
1849 1436 1892 1459 ex
1917 1436 1961 1460 eo
1983 1424 2137 1466 turbata,
2161 1419 2283 1470 quod‘,

213 1481 351 1507 mutato
378 1474 573 1518 Religionis
597 1473 709 1515 statu,
732 1472 767 1507 δε
791 1473 944 1509 Fratrum
956 1481 1135 1504 numerum
1155 1470 1292 1515 augeri,
1316 1474 1350 1509 8<
1369 1471 1522 1509 Altariin
1533 1472 1701 1517 cappella
1720 1471 1958 1518 praeexistenti,
1972 1471 2043 1505 duo
2056 1473 2121 1506 alia
2133 1473 2173 1507 ad
2198 1473 2285 1508 latus

213 1519 377 1565 adiungi,
392 1521 608 1558 Sereniffimo
626 1520 780 1568 Principe
805 1518 1007 1555 Alexandro
1027 1518 1068 1553 ad
1095 1518 1211 1554 fidem
1232 1519 1447 1557 catholicam
1462 1519 1638 1556 conversio
1656 1543 1668 1561 ,
1694 1521 1727 1554 δε
1752 1519 1917 1562 regnantis
1939 1519 2047 1553 Ducis
2066 1519 2284 1555 Wirtenber-

213 1569 281 1613 gia
300 1569 390 1606 Filio
410 1569 605 1605 connitente
627 1579 818 1614 peteretur,
848 1565 1032 1612 Dusplieuit
1063 1567 1138 1601 RR.
1166 1567 1234 1602 ΡΡ.
1263 1569 1525 1612 Augustiuianis
1551 1568 1721 1601 intentum
1747 1576 1862 1613 opus,
1887 1566 1920 1601 8<
1947 1566 2066 1602 Romae
2085 1578 2199 1603 contra
2224 1579 2285 1602 no-

214 1617 334 1653 strates
359 1617 584 1653 Munitorium
607 1619 628 1651 ὲ
655 1617 807 1652 Nicolao
829 1614 973 1661 Spinoia
987 1638 998 1656 ,
1027 1614 1224 1650 Thebarum
1244 1616 1518 1660 Archiepiscopo
1533 1638 1544 1657 ‚
1567 1626 1605 1649 ac
1621 1614 1773 1649 Camerae
1790 1613 2000 1660 Apostolicae
2023 1615 2190 1651 Auditore
2213 1616 2286 1651 Ge-

215 1665 326 1702 netali
352 1666 496 1701 relaxari
519 1667 677 1702 curarunt
691 1688 703 1706 ,
729 1677 801 1710 quo
822 1660 1012 1708 exprefl'um
1041 1662 1149 1697 fuerat
1164 1686 1176 1704 ,
1203 1673 1239 1697 ut
1262 1662 1438 1699 memorati
1464 1662 1590 1700 Patres
1609 1662 1777 1709 Capucini
1799 1663 1893 1698 inter
1913 1672 1982 1699 tres
1995 1662 2151 1710 sextidui
2169 1665 2286 1701 termi-

213 1724 278 1748 aetos
291 1713 332 1761 se
353 1713 559 1762 resolverent
575 1712 642 1759 sub
664 1720 762 1759 poena
780 1709 870 1746 mille
890 1709 1105 1744 Ducatorum
1123 1736 1133 1750 ‚
1158 1709 1202 1750 &¹
1229 1709 1595 1747 Excommunicationis
1618 1710 1763 1747 Altaria
1789 1709 2000 1749 collateralia
2027 1711 2215 1759 deponere,
2241 1712 2284 1752 ὼ·

215 1772 323 1797 unum
337 1762 380 1798 de
391 1762 470 1809 suis
481 1761 544 1809 sex
561 1760 726 1797 Patribus
743 1768 924 1799 amovere,
945 1756 1002 1792 vel
1010 1758 1078 1804 sua
1094 1759 1307 1804 gravamina
1329 1759 1426 1795 intra
1439 1759 1551 1807 mensis
1562 1759 1714 1807 spatium
1729 1758 1867 1795 Romam
1880 1760 2084 1808 Jubmittere
2108 1760 2283 1797 deberent.

212 1809 349 1845 Debito
368 1810 504 1858 quidem
533 1808 684 1854 respectu
709 1807 774 1843 fuit
796 1815 1012 1852 acceptatum
1034 1806 1055 1840 ὲ
1080 1805 1257 1843 Fratribus
1283 1807 1404 1844 nostris
1432 1807 1692 1852 Monirofium,
1716 1820 1792 1844 cum
1819 1820 1932 1845 autem
1963 1821 2030 1843 non
2052 1817 2116 1844 tam
2135 1809 2285 1846 Serenis-

214 1856 285 1892 fimi
310 1860 417 1895 Ducis
438 1857 720 1902 Wirtenbergiae,
745 1852 938 1892 Acatholici
955 1876 968 1895 ,
994 1853 1143 1889 animum
1167 1855 1360 1902 hujusmodi
1388 1866 1486 1892 vexae
1514 1856 1617 1902 usque
1645 1858 1686 1893 ad
1708 1856 1866 1894 offensam
1890 1857 2058 1895 irritarent
2077 1882 2090 1902 ‚
2114 1861 2216 1905 quam
2237 1868 2284 1893 ex

213 1906 354 1952 penuria
381 1908 628 1952 operariorum
652 1915 706 1940 res
725 1903 904 1940 Catholica
925 1902 1036 1949 aperte
1063 1913 1257 1948 pateretur,
1282 1904 1318 1941 δι
1345 1905 1494 1951 primarii
1515 1905 1624 1941 DuciS
1645 1905 1790 1942 Ministri
1808 1930 1821 1949 ‚
1846 1906 1989 1953 aliaque
2014 1906 2288 1952 primaeNobili·

216 1955 299 1991 ratis
321 1955 471 1991 Personae
497 1965 613 1991 contra
635 1953 818 1990 scaedarum
850 1951 992 1998 publico
1016 1950 1212 1988 testimonio
1233 1954 1416 1989 clamarent
1429 1977 1442 1996 ,
1469 1953 1532 1988 suit
1558 1953 1654 1989 causa
1681 1953 1714 1988 in
1736 1956 1773 1991 S.
1794 1955 2074 2001 Congregatione
2095 1957 2136 1991 de
2163 1955 2287 2000 Propa-

215 2003 329 2047 ganda
354 2003 437 2039 Fide
470 2015 522 2050 ις.
552 2001 639 2038 Maii
669 2010 766 2047 ¹715·
791 1998 952 2043 discussa,
978 2000 1013 2036 8<
1037 2000 1071 2035 in
1104 2012 1146 2036 ea
1177 2000 1263 2037 leeta
1287 2003 1439 2048 replica,
1465 2014 1531 2048 qua
1555 2002 1621 2036 ΡΡ.
1644 2003 1883 2050 Augustiniani
1906 2007 2039 2051 utrique
2061 2003 2283 2040 controverso

213 2050 311 2096 prius
335 2051 463 2098 punao
484 2050 591 2086 amicir
610 2050 802 2086 annuebant
816 2073 828 2092 ,
854 2048 888 2084 &
906 2051 925 2083 ὲ
950 2048 982 2084 se
1005 2058 1106 2085 extra
1123 2048 1200 2085 Sac.
1217 2050 1512 2094 Congregationis
1528 2051 1692 2087 Tribunal
1715 2052 1798 2088 nihil
1822 2054 2030 2089 movendum
2056 2052 2118 2088 effe
2143 2051 2287 2098 sponde-

215 2098 299 2135 bant
311 2122 327 2142 ,
350 2101 446 2146 quod
469 2099 761 2136 R.P.Procurator
773 2097 959 2134 Generalis
972 2098 1035 2135 &c-
1051 2098 1098 2134 R.
1116 2097 1304 2135 P-Custodi
1327 2098 1594 2143 Constantienfi,
1609 2100 1762 2148 sequenti
1784 2100 1986 2146 fignificavit
2008 2101 2158 2148 Epistola
2179 2114 2189 2135 ε

252 2222 301 2269 Α
329 2232 492 2288 tergo:
530 2217 782 2271 Reverendo
808 2221 854 2266 in
882 2217 1051 2266 Christo
1085 2218 1208 2267 Patri
1240 2219 1624 2287 Obsbrvandiffimo
1640 2257 1654 2279 ,
1686 2222 1761 2270 Fr.
1790 2222 1926 2272 Fidele·
1956 2221 2250 2291 Constantiensz'

649 2289 724 2352 Ex
739 2315 756 2324 -
775 2286 1044 2339 Provinciali
1072 2306 1121 2337 ac
1152 2288 1323 2339 Custodi
1357 2291 1554 2359 Capacin.
1585 2294 1851 2363 Constantiae.

889 2417 931 2468 R
937 2419 1141 2471 everende
1178 2423 1224 2468 in
1262 2420 1422 2488 Christo
1454 2423 1583 2472 Pater
1600 2458 1614 2472 .

313 2546 464 2594 Epiflolis
482 2555 546 2603 per
563 2545 805 2584 Reverendam
817 2544 1070 2583 Paternitatem
1095 2545 1247 2598 Vestram
1267 2549 1376 2597 usqm
1393 2550 1487 2586 modo
1506 2549 1553 2585 ad
1571 2562 1621 2586 me
1642 2549 1734 2587 datis
1757 2550 1946 2601 responsum
1965 2550 2046 2587 dedi
2056 2575 2069 2594 ,
2094 2550 2221 2587 iterum
2244 2562 2286 2588 ue

216 2596 448 2646 bumaniffimae
462 2598 534 2644 Juae
555 2595 673 2632 ultimo
696 2604 837 2643 acceptae
858 2594 1054 2644 respondere
1077 2608 1144 2632 non
1167 2597 1311 2633 detreffi‘o
1326 2598 1558 2683 ‚dfignifi'cans
1575 2597 1786 2637 Reverendae
1807 2601 2021 2638 paternitati
2046 2597 2084 2636 V
2079 2599 2189 2648 eflrae,
2204 2601 2216 2616 ²⁴
2246 2611 2285 2634 a·

215 2654 286 2681 tres
307 2644 577 2695 Augustinianos
602 2644 682 2681 huic
699 2644 781 2679 sac.
801 2643 1072 2691 Congregationi
1095 2645 1136 2680 de
1163 2646 1343 2694 Propagan
1370 2658 1390 2681 a
1415 2645 1497 2684 Fide
1514 2656 1653 2693 paratos
1666 2647 1705 2696 se
1721 2647 1896 2699 praebutffc
1922 2648 2051 2685 nullum
2074 2648 2290 2695 impedimen·

213 2702 288 2729 tum
312 2691 477 2739 afferendi
499 2691 618 2741 nostris
636 2690 961 2740 Wilerstadiensibus
975 2692 1197 2740 Miffionariis
1220 2703 1279 2737 pro
1300 2693 1466 2745 postulata
1489 2694 1672 2732 Aliorsum
1693 2697 1854 2732 erec't‘ione
1873 2721 1884 2739 ,
1911 2709 1971 2732 nec
1994 2708 2060 2731 non
2082 2705 2142 2744 pro
2165 2695 2285 2731 multi-

209 2738 385 2789 plicandis
410 2739 608 2789 Religiofis‚
631 2740 676 2781 &⁶
698 2740 739 2776 de
762 2739 815 2774 his
834 2742 970 2788 pariter
994 2739 1187 2791 certioraffe
1211 2742 1334 2779 Patres
1361 2742 1483 2789 nostros
1507 2742 1817 2793 Wilersiadienses.
1845 2746 1958 2781 Sacra
1982 2746 2094 2789 igitar
2131 2745 2283 2788 Congre-

208 2788 309 2836 gatio
324 2812 334 2827 ‚
358 2785 530 2823 laudando
542 2787 630 2823 hanc
645 2787 834 2835 religiosam
854 2789 1114 2825 conventionem
1135 2791 1178 2831 (ξ’
1200 2788 1360 2840 offensum
1372 2814 1386 2834 ,
1410 2790 1544 2828 nullum
1554 2791 1658 2839 super
1678 2791 1736 2827 hoc
1761 2794 1977 2838 interponere
1999 2791 2181 2827 Decretum
2206 2801 2286 2835 conf

204 2837 285 2885 suit
298 2858 313 2879 ,
337 2846 412 2871 cum
428 2832 552 2871 Partes
568 2836 664 2870 inter
679 2836 719 2882 se
739 2844 809 2870 tam
834 2835 1064 2872 amicabiliter
1079 2861 1092 2880 ,
1121 2838 1164 2879 ὼ·
1185 2837 1411 2875 laudabiliter
1433 2840 1660 2875 convenerint
1675 2863 1687 2881 ‚
1716 2839 1759 2879 &⁶
1772 2839 1838 2874 haec
1851 2839 1954 2885 ficati
1970 2838 2096 2887 majore
2118 2839 2277 2886 approba.

211 2886 308 2922 tione
334 2894 403 2918 nott
427 2881 613 2928 indigent,
636 2882 689 2917 ita
712 2881 760 2915 R.
780 2881 824 2916 P.
847 2881 1008 2931 Miniflri
1029 2883 1264 2920 provincialis
1290 2898 1413 2924 munus
1437 2887 1508 2922 erit
1531 2886 1777 2933 quamprimum
1800 2885 2010 2933 Miffionibus
2034 2886 2217 2933 providere
2241 2887 2282 2923 de

213 2931 400 2980 Operariis
418 2930 525 2978 juxta
550 2929 714 2965 Locorum
737 2928 944 2973 exigentiam
963 2953 972 2965 .
996 2930 1163 2976 simulque
1185 2944 1323 2968 manum
1348 2933 1509 2968 athbere
1532 2935 1571 2966 in
1597 2933 1770 2976 erigendis
1796 2932 1980 2969 Altaribus
2005 2941 2066 2982 pro
2104 2934 2281 2983 Wilerstass

210 2977 316 3027 diensi
329 2977 490 3036 Ecclesia.
515 2976 621 3025 Qd
634 2977 668 3025 fi
678 2973 773 3024 forte
789 2973 996 3022 imposterum
1016 2974 1152 3023 aliquid
1171 2978 1406 3025 impedimenti
1420 2980 1585 3015 Patribus
1608 2978 1727 3027 nostris
1751 2979 1918 3029 affiratur
1935 3005 1946 3023 ‚
1971 2991 2055 3018 tunc
2076 2983 2122 3018 ad
2139 2984 2284 3019 Sacram

212 3028 523 3074 Congregattonem
542 3028 695 3067 iterum,
724 3033 828 3070 atque
852 3023 980 3058 iterum
1002 3033 1180 3059 recurram
1196 3048 1209 3067 ‚
1229 3027 1431 3072 pariterque
1452 3037 1520 3060 non
1540 3029 1802 3072 praetermittam
1829 3030 1936 3066 Sacro
1965 3029 2150 3067 Tribunali
2166 3030 2285 3080 defide-

210 3077 305 3114 rium
326 3075 511 3126 nostrorum
533 3073 825 3123 Mtffionariorum
848 3069 1044 3118 patefacere
1064 3081 1129 3118 pro
1154 3073 1340 3108 obtinenda
1353 3073 1458 3121 super
1491 3074 1655 3122 praemtffis
1678 3075 1909 3114 declaratione
1926 3102 1938 3120 ‚
1964 3089 2035 3124 quae
2050 3078 2082 3125 fi
2104 3079 2283 3126 impetrari

207 3124 364 3174 poterit,
385 3135 461 3160 eant
482 3122 529 3158 ad
549 3133 672 3159 manus·
699 3118 912 3156 Reverendae
937 3118 1171 3155 paternitatis
1206 3117 1329 3169 Vestra
1358 3123 1529 3159 remittam
1546 3146 1556 3156 .
1584 3120 1767 3160 eAttamen
1794 3126 2098 3174 impraesentiaritm
2121 3137 2188 3161 non
2214 3129 2283 3164 erit

211 3171 281 3210 ullo
303 3171 397 3207 modo
417 3170 628 3208 retardanda
649 3169 731 3206 talis
755 3166 1043 3216 Miffionariorum
1065 3168 1233 3214 expeditio
1251 3193 1262 3210 ,
1288 3180 1418 3205 necnon
1442 3169 1623 3206 Altarium
1644 3171 1761 3207 erefiio
1775 3197 1786 3208 .
1816 3174 1859 3210 Et
1887 3176 1953 3209 baec
1966 3174 2079 3220 sunt,
2105 3185 2176 3221 quae
2198 3175 2283 3211 mihi

208 3228 274 3269 pro
297 3219 444 3268 responso
462 3217 688 3267 stgnij‘icanda
721 3223 911 3253 occurrunt
936 3212 1148 3252 Reverendae
1182 3215 1401 3254 Paternitati
1434 3214 1556 3268 Vestra
1572 3241 1587 3261 ,
1619 3219 1716 3269 cujus
1742 3223 1938 3259 orationum
1963 3231 2052 3270 opem
2075 3221 2282 3270 implorans,

209 3268 288 3321 sum
296 3310 302 3315 ,
311 3278 352 3306 ex
376 3267 477 3305 corde

1322 3362 1367 3402 P.
1393 3360 1438 3400 V.
1462 3362 1512 3400 R.

393 3413 528 3453 'Roma
542 3424 600 3460 25·
625 3411 840 3459 Ma1‘31715'·

1358 3508 1611 3560 Addiffiifflmus
1630 3512 1671 3547 in
1696 3511 1828 3561 Christo
1851 3514 1985 3552 Servus

1021 3606 1091 3650 Fr·
1106 3608 1225 3661 ‘Joam
1242 3607 1433 3649 Antonias
1451 3611 1556 3650 Prot.
1575 3609 1630 3659 (φ
1651 3610 1846 3667 σσηιηιζβῖ
1866 3614 2064 3656 Generalis
2082 3618 2223 3670 Capuc.

317 3712 530 3762 Exemplaria
550 3726 686 3766 autogr.
707 3715 810 3766 hujus
820 3716 938 3768 Causa
959 3728 1036 3766 tum
1055 3715 1094 3750 in
1107 3712 1219 3751 Arch·
1236 3712 1324 3763 Gen!
1340 3712 1511 3760 Ordinis,
1537 3725 1610 3754 tum
1633 3715 1671 3752 in
1693 3714 1751 3751 illo
1772 3715 1990 3757 Provincia.

2128 3886 2239 3927 Con·
