2638 4204
457 234 654 343 ‹246

402 375 684 424 Conventus
705 366 977 418 Viennenses
1010 367 1034 415 ὲ
1053 366 1290 417 Provincia
1314 369 1395 416 Bo·

472 440 598 488 emiae
617 434 904 502 separantur,
924 438 969 489 ὅ(
987 441 1030 486 in
1047 437 1274 505 propriam
1290 439 1395 490 Pro·

470 506 671 558 vinciam
722 505 906 558 instante
938 506 1265 577 Augustiffimo
1300 511 1395 556 lm-

467 590 676 644 peratore
705 578 941 645 Leopoldo
964 581 1239 647 eriguntur..

399 706 437 746 A
457 712 600 757 tergo:
631 701 780 745 Dilcfz'o
807 703 939 756 Filio,
968 706 1151 763 Ministro
1179 707 1393 757 Generali,

478 762 636 803 Ordinis
653 765 844 804 Fratrum
866 763 1065 807 Minorum
1081 764 1327 821 S.Francisci

580 823 860 874 Capacinorum
883 833 1207 879 nuncupatorum.

398 937 886 988 CLEMENS
985 943 1234 990 PAPA
1331 944 1394 992 X..

486 1063 641 1107 DileeJe
668 1063 750 1105 Fili
762 1062 966 1117 salutem,
997 1066 1045 1113 ὅ
1059 1065 1311 1123 Apostolt'cam

741 1123 1056 1166 Benedffioncm.

395 1237 498 1353 C
515 1240 626 1289 UM,
653 1238 750 1284 sicut
762 1239 889 1283 Nobis
913 1252 1043 1294 nuper
1071 1243 1216 1296 exponi
1245 1241 1392 1285 fecisti.

532 1296 730 1348 Reliduum
742 1299 984 1342 Litterarum
993 1300 1292 1354 Apostolicorum
1306 1314 1390 1343 cum

394 1357 591 1399 emmonis
613 1355 693 1404 &a
716 1358 988 1416 Instrumenta,
1003 1359 1087 1400 vide
1087 1362 1218 1417 supra
1233 1358 1278 1418 s.
1293 1362 1390 1404 218.

391 1547 1142 1568 ——-————-———-
1149 1554 1394 1569 nn———n—

394 1708 524 1755 Duos
566 1722 708 1754 novos
743 1709 1005 1757 Conventus
1038 1707 1082 1754 in
1113 1708 1393 1777 Hungaria...

461 1773 517 1822 ad
557 1790 666 1892 vqita
693 1775 914 1843 Leopoldi
947 1778 1242 1845 Imperatoris
1278 1779 1393 1846 erigi

462 1858 602 1892 conce
637 1858 693 1893 it.
731 1880 734 1881 γ

418 1983 453 2025 Α
470 1989 586 2037 tergo
608 1995 621 2025 :
660 1976 805 2025 uilem
821 1985 919 2027 Filio
939 2011 952 2033 ⁵
969 1982 1154 2029 Ministro
1180 1986 1360 2028 Generali

509 2042 665 2083 ordmis
677 2042 864 2084 Fratrum
884 2041 1083 2084 Minorum
1099 2047 1274 2088 s.Fran-

616 2098 704 2158 cisti
717 2105 998 2156 Capuclnorum
1014 2115 1161 2145 nuncu·
1197 2151 1200 2154 ⁴

782 2168 989 2215 patarum.

433 2277 907 2352 CLEMENs
979 2279 1339 2353 ΡΑΡΑΧ.

481 2399 637 2443 Ditem
651 2401 735 2444 Fili
757 2401 931 2458 salutem
945 2430 959 2453 ,
983 2403 1031 2451 δ’
1045 2373 1300 2462 Apostolicam

666 2504 669 2506 ¹
730 2460 1044 2504 Rem-aimonem.

479 2594 485 2598 ’
505 2572 639 2625 Xponi
657 2573 783 2616 Nobis
809 2588 932 2629 nuper
951 2574 1101 2629 fecisti,
1129 2581 1265 2634 quod,
1291 2593 1386 2622 cum

388 2575 483 2687 E
518 2635 601 2673 Nos
617 2631 708 2673 Tibi
725 2635 975 2676 Provinciam
999 2637 1181 2686 neemiae,
1194 2639 1252 2680 tui
1269 2638 1391 2680 Ordi-

386 2692 649 2740 nis,Fratrum
668 2691 872 2732 Minor-um
893 2696 931 2734 S.
945 2694 1142 2737 Francisci
1158 2698 1390 2752 Capucino-

384 2762 480 2789 rum
500 2756 1009 2804 nuncupatorum2propter
1025 2752 1182 2796 nimiam
1204 2755 1290 2810 eju's
1305 2769 1390 2798 arn-

385 2805 630 2861 plitudinem
655 2806 692 2845 in
706 2806 803 2847 duas
820 2806 1035 2850 vdividendi
1053 2809 1305 2859 facultatem,
1323 2813 1389 2854 s'ub

390 2865 514 2913 certis
541 2863 667 2903 modo
681 2864 719 2903 &
736 2862 863 2906 forma
885 2875 980 2907 tunc
994 2869 1180 2922 expreffis
1198 2871 1390 2913 tribueri-

389 2934 477 2963 mus
494 2949 506 2971 ,
536 2919 582 2962 εἰ
599 2922 686 2976 lege
706 2922 812 2964 inter
827 2934 964 2965 caetera
984 2954 997 2975 ,
1023 2936 1066 2967 ut
1101 2929 1138 2969 in
1165 2929 1386 2971 Provinciis

389 2980 444 3020 stc
478 2979 607 3019 divisis
625 3008 638 3030 ‚
655 2981 748 3021 novi
765 2984 999 3024 Conventus
1026 2985 1121 3040 erigi
1146 2985 1386 3040 inposterum

386 3037 623 3079 nullatenus
635 3035 787 3091 possent
803 3039 882 3080 sine
897 3040 1074 3094 expressa
1092 3045 1386 3100 Sedis'Aposto-

387 3095 474 3154 licae
490 3094 654 3137 licentia
667 3123 681 3145 ‚
707 3111 776 3151 per
794 3096 951 3139 litteras
970 3100 1007 3140 in
1023 3097 1150 3144 forma
1165 3105 1300 3147 Brevis
1315 3117 1386 3145 ex-

387 3153 622 3209 pedienda,
643 3160 732 3207 ‘quae
760 3154 976 3210 derogaret
1001 3159 1221 3214 hujusmodi
1248 3161 1386 3217 prohi-

390 3211 559 3261 bitioni,
590 3213 628 3252 δι
647 3211 772 3266 alias,
800 3224 918 3269 prout
944 3216 981 3256 in
996 3218 1131 3259 nostris
1145 3219 1316 3274 desuper
1344 3219 1385 3260 in‘

387 3270 502 3310 simili
530 3267 657 3311 forma
675 3272 833 3313 Brevis.
860 3271 928 3314 die
955 3287 1028 3318 xxi
1045 3287 1075 3315 1.
1095 3279 1230 3319 Martii
1248 3278 1384 3333 proxi-

386 3327 450 3369 me
466 3329 656 3382 praeteriti
672 3330 896 3384 expeditis·
913 3344 1077 3384 quarum
1093 3341 1276 3378 tenorem
1292 3349 1384 3391 pre·

387 3384 564 3428 sentibus
585 3399 657 3441 pro
671 3388 789 3441 plene
817 3390 856 3430 &
879 3385 1118 3434 sufficienter
1134 3392 1315 3450 expresso
1344 3395 1383 3435 &

385 3441 538 3485 inserto
555 3445 690 3486 haberi
709 3446 889 3488 volumus
903 3475 916 3497 ,
945 3450 1103 3493 uberius
1119 3453 1355 3495 continetur
1367 3480 1381 3503 ‚

386 3502 449 3543 Tu
468 3503 604 3557 vigore
621 3503 826 3547 facultatis
842 3504 1064 3559 huiusmodi
1081 3511 1265 3552 eamdem
1282 3513 1383 3553 Pro·

383 3560 552 3603 vinciam
569 3563 737 3604 Boemiae
762 3564 801 3605 in
817 3565 940 3616 duas,
967 3579 1083 3608 unam
1097 3569 1259 3622 quidem
1272 3572 1382 3610 ⁴Boe-

384 3618 662 3667 miae,alteram
686 3620 784 3663 verb
806 3623 967 3664 Austriae
993 3625 1210 3678 respective
1230 3641 1382 3670 nuncu—

382 3676 530 3734 pandas
545 3704 558 3727 ‚
587 3678 623 3719 in
639 3681 726 3721 actu
742 3681 974 3724 visitationis
989 3682 1146 3726 divisisti
1169 3715 1179 3726 .

1088 312 1092 316 ,
1151 229 1772 318 Provincia.

1455 364 1900 420 poldus,Roinanorutn
1914 363 2004 406 Rex
2019 363 2205 418 Illustris‚
2218 367 2256 412 in
2272 372 2451 426 Impera

1455 435 1584 466 torem
1617 424 1795 470 escaus,
1830 421 1928 464 duos
1951 436 2077 465 novos
2103 428 2335 472 Conventus
2353 434 2451 473 Fra.

1453 493 1560 525 trum
1585 481 1678 524 dieti
1695 480 1859 522 Ordinis
1885 482 1921 522 in
1939 483 2146 538 Hungaria
2173 487 2271 538 erigi
2289 489 2449 530 &insti-

1453 543 1512 584 tui
1528 541 1742 597 plurimum
1755 537 1952 581 desideret
1965 567 1979 589 ‚
2002 542 2129 583 Nobis
2146 555 2356 597 propterea
2374 548 2447 588 hu-

1459 602 1610 642 militer
1631 598 1840 653 supplicari
1857 595 1974 639 fecisti
1991 626 2006 648 ‚
2035 611 2077 640 ut
2092 612 2356 654 opportunam
2375 605 2446 646 ‘ri-

1459 659 1497 700 bi
1521 660 1568 700 ad
1585 657 1623 699 id
1641 655 1876 703 facultatem
1888 659 2113 701 concedere
2127 683 2140 705 a
2156 658 2450 715 debenignita-

1455 731 1497 763 te
1509 716 1734 771 Apostolica
1748 715 2001 769 dignaremur
2012 745 2022 756 .
2057 720 2142 758 Nos
2165 718 2286 772 igitur
2310 719 2359 759 ad
2374 733 2419 763 e·
2431 747 2448 773 2

1457 776 1594 835 quaeiu
1610 774 1735 816 divini
1752 771 1909 826 cultus,
1931 788 1976 817 ac
1991 775 2218 832 Religionis
2235 804 2248 827 ‚
2274 776 2451 830 piorum-

1455 849 1532 893 que
1551 848 1718 889 operum
1735 833 2020 876 incrementum
2035 836 2185 877 cedere
2201 833 2382 890 possunt,
2403 848 2453 878 ex

1456 891 1646 938 commiffi
1663 892 1787 934 Nobis
1801 893 1951 935 caelitus
1968 893 2178 935 Pastoralis
2193 893 2313 935 officii
2338 893 2454 935 debi-

1456 963 1500 996 to
1526 952 1726 1006 propensis
1749 951 1885 993 studiis
1910 950 2191 1004 intendentes,
2217 965 2262 994 ac
2279 950 2351 1008 piis
2368 964 2455 994 me-

1457 1012 1602 1054 morati
1621 1008 1819 1064 Leopoldi
1834 1011 1958 1066 Regis
1987 1012 2087 1051 votis
2111 1011 2369 1053 favorabilem
2393 1009 2453 1052 as-

1455 1068 1605 1112 sensum
1631 1069 1804 1124 praebere
1829 1070 2033 1123 cupientes
2057 1099 2072 1119 ,
2107 1071 2244 1124 Teque
2269 1068 2455 1124 speciali-

1455 1127 1527 1170 bus
1543 1129 1617 1169 &c.
1649 1127 1828 1168 volentes
1842 1152 1856 1174 ‚
1882 1128 1921 1167 δι
1945 1128 1967 1169 ὲ
1982 1126 2180 1179 quibusvis
2196 1129 2271 1169 &c-
2289 1126 2452 1169 censen·

1382 1198 1385 1201 ·
1452 1195 1512 1228 tes
1533 1214 1547 1236 ,
1585 1182 1808 1239 hujusmodi
1841 1182 2194 1238 supplicationibus
2230 1185 2451 1237 inclinati,

1456 1245 1547 1286 Tibi
1565 1243 1664 1283 duos
1681 1245 1914 1283 Conventus
1935 1243 2114 1284 Fratrum
2132 1242 2296 1284 Ordinis
2314 1241 2455 1298 praefa-

1456 1303 1487 1345 ti
1515 1303 1551 1342 in
1572 1300 1777 1354 Hungaria
1793 1327 1806 1352 ,
1830 1298 1956 1342 modo
1979 1309 2111 1345 tamen
2141 1302 2179 1343 in
2195 1297 2358 1355 reliquis
2374 1314 2454 1344 εει.)

1457 1360 1589 1402 omnia
1606 1388 1619 1410 ‚
1642 1371 1726 1413 quae
1744 1358 1849 1400 circa
1865 1357 2088 1413 hujusmodi
2105 1373 2300 1402 novorum
2315 1361 2455 1415 Regu·

1452 1420 1598 1461 larium
1626 1421 1915 1469 Conventuum
1945 1418 2163 1462 erestiones
2189 1418 2453 1474 praescripta...

1454 1476 1540 1518 sunt
1556 1503 1569 1524 ,
1598 1474 1782 1529 religiose
1796 1476 2003 1518 serventur
2017 1505 2030 1526 ,
2047 1477 2299 1520 Austoritate
2317 1476 2450 1518 nostra

1452 1534 1687 1589 Apostolica
1716 1534 1896 1589 erigendi
1926 1537 1962 1575 δι
1988 1533 2218 1578 ἱηίὶὶωεηάἰ
2231 1564 2245 1586 ,
2278 1532 2453 1576 faculta-

1453 1604 1535 1635 tem
1552 1595 1590 1634 &
1605 1593 1826 1643 licentiam,
1843 1592 1986 1635 eadem
1998 1596 2255 1643 auctoritate,
2270 1599 2456 1636 tenore.)

1452 1650 1701 1706 praesentium
1722 1651 1981 1693 concedimus
1997 1652 2035 1692 δι
2056 1653 2458 1707 impertimur-...Non

1453 1709 1700 1750 obstantibus
1726 1709 2000 1762 prohibitione
2016 1710 2176 1763 praefata
2193 1737 2207 1760 ,
2232 1724 2278 1752 ac
2293 1708 2454 1752 Consti-

1452 1767 1675 1809 tutionibus
1689 1767 1728 1808 &
1743 1765 2074 1810 Ordinationibus
2094 1767 2452 1825 Apostolicis2necs
2506 1815 2509 1817 ,

1453 1838 1530 1868 non
1547 1852 1562 1874 ,
1578 1835 1773 1880 quatenus
1790 1838 1887 1879 opus
1904 1824 1947 1866 sit
1964 1853 1977 1875 ,
1995 1825 2089 1867 dieti
2103 1827 2265 1869 Ordinis
2279 1855 2295 1876 ,
2317 1822 2453 1875 aliisve

1450 1883 1648 1939 quibusvis
1665 1912 1679 1934 ‚
1694 1885 1811 1925 etiam
1828 1884 1904 1925 διε.
1922 1883 2080 1926 statutis
2103 1887 2142 1926 δι
2155 1883 2454 1928 consuetudini-

1447 1942 1523 1984 bus
1539 1969 1553 1992 ,
1568 1941 1787 1997 privilegiis
1801 1943 1875 1983 &c.
1894 1942 2090 1986 innovatis
2103 1956 2113 1984 a
2147 1944 2308 1998 Quibus
2321 1941 2453 1983 omni-

1401 2040 1403 2042 ,
1448 2001 1517 2043 bus
1533 2027 1548 2049 ,
1574 1999 1978 2054 &singulis,illorum
2002 2009 2158 2042 tenores
2173 2004 2248 2042 διε.
2277 2000 2451 2054 deroga-

1449 2057 1534 2101 mus
1548 2086 1562 2108 ‚
1593 2060 1822 2112 caeterisque
1838 2058 2048 2099 contrariis
2063 2058 2393 2113 quibuscumque.

1510 2119 1660 2159 Datum
1688 2119 1826 2160 Romae
1853 2115 1958 2170 apud
1989 2118 2029 2158 S.
2054 2117 2222 2158 Mariam
2249 2114 2455 2172 Majorem

1450 2175 1518 2217 sub
1558 2174 1721 2216 Annulo
1758 2173 1970 2216 piscatoris
1997 2201 2011 2224 ,
2050 2175 2117 2216 die
2145 2188 2224 2217 xv.
2263 2177 2454 2228 septem-

1449 2235 1528 2276 bris
1557 2244 1877 2275 MDchxssl·
1912 2230 2173 2275 Pontificatus
2208 2231 2330 2274 nostri
2358 2234 2449 2277 Ans.

1449 2305 1501 2334 no
1519 2299 1664 2346 quarto
1678 2319 1690 2332 .
1711 2347 1713 2351 Α
1739 2334 1742 2338 ,

2043 2409 2078 2451 Ῑ.
2095 2410 2147 2450 G.
2161 2407 2337 2450 Slusius.'

1507 2512 1649 2577 Autag.
1662 2522 1704 2563 in
1720 2494 2287 2580 Secret.Brev.Apessolieorum
2301 2489 2451 2580 Regfstj'

1514 2627 1517 2631 Δ
1564 2580 1680 2639 ηιενψ
1694 2580 1742 2628 θ’
1757 2580 1984 2646 annipraed.
2002 2580 2083 2639 fol.
2103 2594 2170 2635 55.

1448 2774 2449 2794 —--—————-—

1448 2936 1634 2983 Novam
1663 2936 1871 2981 Domum
1903 2933 1947 2981 in
1976 2936 2099 2981 Loco
2127 2932 2182 2982 de
2201 2927 2456 2997 Poysdorff

1477 3035 1483 3042 -
1516 3000 1715 3053 construi
1736 3003 2003 3051 committit.

2424 3082 2443 3105 ἢ

1505 3142 1541 3192 A
1558 3149 1696 3195 tergo:
1721 3142 1803 3184 Ven.
1818 3140 1964 3184 Fratri
1979 3140 2157 3199 Episcopo
2176 3138 2383 3198 Pafflvien.

1547 3260 2005 3331 vCLEMENS
2078 3262 2195 3309 ΡΡ.
2274 3260 2337 3307 Χ.

1479 3396 1711 3442 Venerabilis
1725 3397 1871 3438 Frater
1869 3396 2045 3453 salutem
2063 3424 2076 3446 ,
2098 3396 2147 3444 δ’
2162 3393 2411 3451 qustolt‘cam

1776 3453 2080 3496 Benediffionem
2091 3482 2103 3495 .

1524 3569 1751 3615 Ollicitudo
1764 3568 1974 3611 Pastoralis
1987 3568 2134 3617 officii,
2157 3582 2238 3623 quo
2249 3566 2439 3612 Catholi-

1539 3645 1592 3673 cae
1610 3627 1789 3673 Ecclefiae
1812 3627 1994 3682 regimini
2022 3624 2159 3669 divini
2185 3626 2440 3682 dispositione

1437 3689 1687 3743 prasidemus
1705 3717 1719 3739 ‚
1745 3690 1830 3729 Nos
1847 3686 2035 3728 admonet
2050 3712 2064 3732 a
2092 3696 2133 3727 ut
2153 3686 2258 3728 circa
2279 3699 2324 3732 ea
2339 3714 2354 3735 ,
2371 3696 2441 3739 per

439 3738 542 3776 Cum
557 3737 803 3801 autem‚sicut
818 3739 956 3782 eadem
972 3741 1168 3795 expositio
1181 3744 1383 3802 subjunge.
1442 3762 1528 3803 quae
1544 3751 1785 3790 Conventus
1813 3747 1848 3787 &
1874 3744 1948 3787 alia
1966 3744 2183 3800 Regularia
2200 3744 2288 3786 loca
2312 3742 2359 3784 ad
2379 3742 2443 3783 di-

386 3793 735 3847 bat2char1slimus
754 3796 794 3838 in
809 3798 969 3841 Christo
985 3800 1109 3843 Filius
1125 3802 1382 3857 noster2Leo·
1442 3808 1525 3864 vini
1553 3803 1686 3850 cultris
1713 3807 1752 3847 δι
1777 3804 2006 3860 Religionis
2039 3807 2333 3846 incrementum
2356 3827 2369 3848 2
2394 3813 2439 3842 ac

2288 3857 2390 3902 Ani-
